3130 5470
338 458 403 518 450
699 475 886 523 fimrocmonr
909 465 1127 523 omnrslsrrlm.

338 635 529 700 Dominicus
546 642 738 718 procurator
755 644 788 703 et
814 635 963 702 officialis
991 637 1178 703 earumdem
1203 637 1392 703 dominarum
1412 637 1443 702 ad

337 743 469 827 plenum
486 743 673 826 requirebat
689 750 758 810 tam
774 746 807 810 in
824 747 918 810 terris
935 745 1113 811 arabilibus
1139 767 1237 828 quam
1262 747 1293 810 in
1309 747 1375 810 aliis
1389 747 1443 828 qui-

338 851 481 916 buslibet
496 851 557 916 sibi
574 851 645 916 dari
661 858 693 916 et
725 854 882 935 assignari
916 854 948 919 in
974 854 1119 937 personis
1151 854 1295 936 ipsarum
1325 853 1444 919 domina·

338 981 411 1024 rum
426 959 466 1024 de
492 965 559 1024 tam
591 959 717 1024 modica
748 961 970 1044 assignacione
1001 983 1066 1030 non
1098 967 1271 1026 contentus
1301 962 1445 1026 arbitrium

340 1069 522 1134 lurinsmodi
539 1091 604 1134 non
621 1072 782 1153 assumsit,
797 1073 886 1153 regie
903 1071 1086 1136 maiestatis
1103 1071 1212 1154 gracie
1237 1093 1272 1136 se
1297 1077 1327 1136 et
1342 1071 1445 1136 easdem

339 1179 486 1244 dominas
512 1176 741 1244 submittendo.
772 1179 898 1244 Datum
924 1181 1026 1246 tercio
1059 1179 1112 1243 die
1144 1180 1272 1246 arbitrii
1298 1181 1446 1263 prenotati,

340 1309 425 1354 {tnnc
441 1287 587 1371 superius
604 1294 769 1354 annotato.

448 1451 578 1501 Zdrlattu
601 1452 693 1515 pecset
707 1452 883 1516 nyomaival;
903 1451 1033 1517 eredetije
1054 1467 1086 1502 az
1109 1467 1177 1502 orsz.
1204 1452 1259 1502 lter
1279 1453 1371 1502 kincst.
1394 1457 1445 1502 cem.

338 1541 414 1592 Mon.
427 1541 488 1590 Pos.
505 1545 547 1590 22.
565 1545 586 1590 l.
601 1540 666 1603 dipl.
680 1541 751 1590 lter:
774 1545 852 1591 2556.
872 1543 971 1593 Kozli:
991 1543 1095 1592 Vincze
1107 1541 1208 1593 (libor.

826 1704 984 1712 ——-—--—

870 1943 942 2004 394.

343 2105 436 2168 1329.
455 2105 517 2167 dec.
536 2103 586 2167 20.
603 2099 746 2167 Abrcdai
761 2103 921 2190 triptotum
932 2104 1005 2168 etum
1020 2102 1150 2184 chclzfi
1169 2103 1277 2165 Ja'mos
1301 2101 1444 2185 l'eszpm'm

341 2213 373 2272 ela·
395 2210 498 2274 Tama
513 2211 697 2296 cclrmepyci
713 2209 868 2275 birlolrait
882 2211 1001 2276 Ozormi
1019 2209 1215 2290 almdrdsfim
1234 2209 1349 2274 Mil-lde
1364 2207 1446 2270 lbluc

628 2320 812 2404 uuraapyei
828 2319 1020 2384 birtol·at'e‘rt
1036 2318 1188 2382 clcserc'li.

449 2477 639 2563 Capitulum
655 2477 816 2544 Budensis
842 2477 976 2544 ecclesie
994 2529 1001 2544 .
1018 2529 1024 2542 .
1041 2477 1083 2544 ad
1100 2479 1320 2544 universorum
1336 2527 1342 2541 .
1357 2526 1363 2539 .
1378 2474 1445 2538 noli·
1535 2471 1536 2476 ’

339 2588 421 2651 ciam
437 2587 583 2652 volumus
599 2587 776 2670 pervenire,
794 2587 879 2670 quod
895 2588 943 2650 vir
960 2585 1149 2670 magnificus
1174 2587 1325 2669 magister
1339 2583 1444 2650 Jcham-

338 2716 395 2758 mes
411 2693 496 2760 filius
513 2695 639 2760 comitis
654 2694 773 2760 Hench
789 2701 896 2760 rector
922 2697 1022 2760 castri
1039 2693 1124 2760 Novi
1140 2693 1266 2760 Montis
1290 2689 1443 2758 Pestiensis
1536 2690 1537 2693 ’

339 2801 380 2865 ab
397 2823 462 2867 una
478 2805 575 2886 parte
607 2803 686 2866 item
716 2801 871 2885 magister
887 2803 1044 2868 Nicolaus
1060 2802 1145 2868 filius
1156 2801 1289 2867 Andree
1305 2800 1342 2864 de
1352 2796 1443 2863 Auara
1535 2847 1536 2864 a

338 2931 377 2973 ex
411 2910 541 2975 altera.
561 2911 617 2975 .in
642 2911 894 2994 possessionibus
926 2913 1068 2995 ipsorum
1093 2909 1229 2975 inferius
1255 2905 1443 2994 exprimendis

337 3017 404 3082 tale
421 3017 642 3083 concambium
660 3039 717 3082 seu
734 3019 1009 3102 permutationem
1026 3018 1162 3083 confessi
1179 3024 1254 3083 sunt
1270 3018 1351 3081 inter
1365 3035 1442 3080 seor-

341 3123 469 3190 dinasse
486 3131 519 3192 ct
536 3125 658 3210 fecisse,
684 3127 771 3211 quod
787 3127 933 3210 prelatus
950 3127 1105 3209 magister
1121 3123 1147 3191 J
1149 3125 1293 3190 ohannes
1309 3123 1442 3208 quasdam

337 3235 553 3316 possessiones
569 3256 644 3299 suas
660 3233 817 3299 Kaarnar
833 3236 919 3302 circa
935 3233 1067 3298 fluvium
1098 3233 1247 3298 Folrsaar
1262 3235 1295 3298 in
1310 3231 1442 3299 comitatu

338 3339 583 3424 Wesprimiensi
600 3349 633 3408 ct
647 3341 833 3426 Kuueplaln
848 3347 979 3408 socratam
996 3343 1028 3406 in
1045 3341 1202 3407 comitatu
1229 3339 1374 3405 Tolnensi
1389 3337 1441 3401 esi-

338 3455 461 3514 stcntes
478 3451 575 3515 titulo
591 3451 744 3516 emtionis
761 3451 802 3516 ad
827 3452 933 3534 ipsum
949 3449 1126 3532 devolutas,
1152 3450 1230 3514 item
1246 3449 1373 3514 terciam
1386 3464 1442 3529 pos·

337 3557 512 3622 sessionem
528 3579 619 3624 snam
635 3559 751 3642 Deegb
766 3564 914 3624 vocatam
931 3557 1080 3623 similiter
1095 3558 1128 3620 in
1145 3557 1303 3622 comitatu
1319 3551 1441 3636 Wespri-

336 3665 450 3729 miensi
466 3665 613 3748 predicto
630 3667 786 3732 situatam
803 3689 822 3731 a
839 3668 928 3750 regia
944 3667 1115 3731 maiestate
1146 3687 1205 3748 pro
1231 3666 1297 3730 suis
1322 3659 1441 3728 serviciis

338 3777 371 3835 et
386 3769 600 3838 fidelitatibus
616 3774 763 3840 habitam
779 3781 811 3839 et
827 3775 996 3840 obtentam
1021 3772 1164 3838 dedisset
1180 3823 1186 3838 .
1204 3824 1210 3837 .
1229 3773 1331 3838 eidem
1360 3766 1441 3850 mugi·

340 3885 408 3945 stro
434 3877 572 3946 Nicolao
598 3878 667 3948 filio
693 3879 826 3946 Andros
852 3889 1008 3966 perpetuo
1025 3933 1055 3949 ..
1081 3881 1291 3966 possidendas
1315 3930 1344 3945 ..
1366 3878 1405 3942 nt.
1428 3893 1441 3936 e

337 4007 488 4053 converso
505 3988 610 4054 dictus
626 3991 783 4073 magister
799 3990 958 4056 Nicolaus
975 3991 1133 4074 quasdam
1158 3991 1367 4074 possessiones
1380 4004 1439 4051 suas

336 4093 546 4179 Zenthpeter,
563 4096 708 4182 Wyfalu,
724 4097 1005 4165 Kucbemlembele
1038 4097 1440 4165 et·L011azscckulsocalas

336 4202 551 4268 hereditarias
567 4205 601 4268 in
618 4206 775 4270 comitatu
787 4205 939 4270 Tolnensi
950 4207 1124 4271 existentes
1141 4256 1147 4271 .
1164 4256 1171 4270 .
1189 4205 1290 4270 eidem
1308 4203 1438 4284 magistro

336 4309 484 4376 «Iohanni
501 4363 506 4376 .
524 4362 530 4376 .
548 4311 690 4379 dedisset
706 4319 739 4378 ct
764 4315 985 4397 assignasset.
1003 4366 1009 4381 .
1028 4315 1231 4399 obligacicne
1257 4311 1439 4380 nihilominus

335 4418 520 4484 huiusmodi
537 4421 708 4504 mediante,
725 4422 811 4504 quod
828 4423 855 4488 si
872 4444 1023 4505 processu
1040 4431 1224 4507 temporum
1248 4422 1360 4506 aliquis
1373 4419 1439 4502 ipsc·

336 4549 409 4591 rum
424 4527 457 4590 in
474 4526 629 4610 predictis
644 4529 901 4614 possessionibus
917 4529 1081 4596 defectum
1105 4529 1243 4596 haberet
1259 4531 1308 4596 vel
1323 4529 1439 4594 retinere

336 4641 393 4704 aut
409 4635 575 4720 possidere
591 4659 655 4703 non
671 4644 780 4724 posset
798 4643 919 4703 extunc
936 4638 1058 4704 dictum
1084 4638 1251 4704 defectum
1267 4630 1439 4704 alteralteri
