3154 5474
349 469 414 529 550
705 475 893 525 aurcuroar
910 463 1126 524 ouuturraa.

348 645 534 732 populos..
567 641 708 708 eiusdem
733 639 920 707 monasterii
944 640 1048 706 saneti
1064 637 1231 725 Lamperti
1252 690 1284 706 ..
1309 641 1459 707 molestare

351 755 538 821 nullatenus
563 751 788 838 presummatis
815 754 969 834 tanquam
996 751 1055 816 sub
1079 755 1191 816 nostra
1218 751 1345 835 speciali
1368 761 1460 836 prote·

352 867 460 931 celone
478 863 679 946 constitutos,
696 881 787 926 secus
802 859 909 926 facere
923 881 989 926 non
998 859 1154 926 audentes
1170 911 1177 924 .
1194 909 1201 924 .
1227 861 1310 926 sicut
1334 867 1461 926 nostram

350 973 608 1058 indignacionem
624 969 789 1035 incurrere
815 967 1014 1052 formidatis3
1047 969 1073 1033 si
1098 969 1155 1052 qui
1182 988 1259 1033 vero
1284 989 1361 1034 ausu
1377 972 1461 1034 teme·

352 1085 439 1150 rario
481 1078 666 1147 huiusmodi
697 1077 842 1144 mandati
872 1079 977 1144 nostri
1016 1083 1275 1162 transgressores
1315 1078 1461 1143 extiterint

351 1196 472 1278 regiam
489 1195 521 1258 et
536 1193 681 1256 nostram
697 1188 873 1272 reginalem
889 1185 1125 1253 formidabilem
1144 1187 1288 1252 saucient
1311 1187 1460 1252 ulcionem

352 1302 478 1369 Datum
502 1301 536 1366 in
552 1295 635 1365 Alto
654 1296 778 1381 Castra,
798 1297 833 1364 in
857 1297 939 1363 festo
964 1296 1052 1362 beati
1076 1295 1204 1363 Mathai
1230 1294 1461 1381 apostolicare

354 1409 476 1477 demini
491 1405 546 1474 M⁰
562 1401 663 1474 000ο
678 1403 809 1472 XXX⁰
827 1405 942 1492 primo.

462 1569 615 1636 Hdtlapjein
642 1586 659 1621 a
683 1585 758 1635 nagy
772 1567 870 1636 felsegi
882 1567 977 1634 pecset
1001 1569 1179 1635 nyomaiva15
1202 1569 1332 1636 eredetije
1356 1583 1384 1622 az
1402 1581 1460 1618 ersz.

355 1663 412 1716 ltetr
425 1663 525 1714 kincst.
539 1661 680 1712 oszt.Mon.
694 1659 756 1712 Poe.
770 1662 812 1711 25.
833 1664 857 1713 3.
872 1660 939 1724 dipl.
953 1659 1025 1712 lter:
1042 1663 1119 1710 2682.

883 2186 958 2250 472.

358 2350 454 2414 1331.
472 2350 572 2436 Effer,
597 2361 675 2436 sept.
693 2351 745 2415 26.
764 2347 891 2436 Aaepri
901 2349 1212 2437 pitepdkbelpetteee,
1223 2373 1244 2414 a
1256 2347 1466 2434 Bolptllilles

347 2459 417 2541 fiai
441 2460 473 2523 e'e
499 2458 650 2545 Zoaalastr
676 2481 778 2524 comes
809 2459 912 2524 terete
942 2457 1040 2521 canelo·
1071 2459 1184 2522 radeire
1212 2455 1360 2520 lli-asela
1382 2453 1467 2536 Bolpi

361 2567 483 2634 Kelida
503 2570 573 2652 oreja
593 2571 790 2655 bozeraa'uyce
807 2565 1095 2654 irrirrtfdoforpctt
1112 2567 1233 2652 typheo
1250 2566 1352 2630 derettt
1366 2563 1466 2630 reudd.

462 2725 534 2794 Nes
565 2729 718 2813 magister
743 2725 935 2794 Dominious
960 2725 1206 2792 archidiaconus
1232 2724 1272 2790 de
1301 2723 1468 2808 Abaupuor

356 2841 388 2904 et
404 2837 578 2903 canonicus
595 2837 726 2904 ecclesie
750 2835 922 2922 Agriensis
938 2835 1034 2902 iudex
1049 2837 1084 2901 in
1099 2833 1325 2920 spiritualibus
1341 2885 1347 2900 .
1363 2885 1370 2900 .
1385 2831 1469 2898 Nico-

355 2943 399 3009 lai
415 2993 446 3011 ..
479 2945 620 3030 episcopi
635 2943 808 3031 Agriensis
824 2995 854 3012 ..
886 2945 1000 3012 damus
1024 2967 1083 3030 pro
1108 2945 1273 3027 memoria,
1305 2943 1389 3028 quod
1410 2963 1470 3007 oum

356 3053 447 3118 iuxta
476 3051 615 3120 formam
655 3057 688 3120 et
727 3059 872 3119 tenorem
912 3054 1059 3137 priorum
1097 3053 1269 3118 literarum
1301 3055 1469 3118 nostrarum

356 3158 500 3226 Michael
517 3165 549 3226 et
564 3160 741 3228 Ladislaus
756 3160 817 3226 filii
832 3160 963 3226 Nicolai
980 3160 1020 3226 de
1035 3159 1120 3245 Boly
1130 3161 1164 3225 in
1181 3159 1351 3243 quindenis
1360 3157 1470 3224 Nativi-

356 3269 434 3333 tatis
449 3269 583 3353 virginis
599 3269 741 3353 gloriose
760 3289 867 3335 coram
882 3269 975 3336 nobis
992 3289 1180 3354 comparere
1191 3275 1223 3334 et
1233 3269 1345 3334 literas
1361 3265 1471 3352 expedi·

357 3376 457 3442 terias
483 3399 579 3461 super
595 3377 679 3443 facto
696 3375 922 3444 dotaliciorum
942 3383 1094 3444 etrerum
1105 3375 1473 3462 parorpbanaliumnobi-

358 3485 398 3550 lis
415 3483 543 3550 domine
558 3483 866 3551 ‘condamconsortis
893 3484 1039 3570 Kelyani
1055 3485 1115 3551 filii
1142 3485 1288 3570 Kelyani
1314 3485 1354 3550 de
1378 3483 1472 3550 eadem

356 3591 441 3677 Boly
458 3593 578 3658 sororis
593 3592 744 3659 videlieet
768 3595 893 3660 uterina
916 3594 1042 3660 comitis
1058 3593 1216 3678 Zouchylr
1240 3592 1302 3658 filii
1327 3591 1353 3658 J
1354 3591 1471 3659 ohannis

356 3699 396 3766 de
412 3699 577 3785 Nempthy
595 3700 635 3766 de
652 3701 809 3768 comitatu
823 3701 924 3788 Ungb
940 3701 1115 3768 Elisabeth
1140 3709 1328 3786 nuncupate
1351 3703 1385 3767 in
1402 3701 1472 3785 ipso·

355 3831 427 3874 rum
444 3807 683 3893 expedicionem
710 3816 747 3876 ut
772 3818 990 3877 assumserunt
1022 3815 1137 3877 contra
1168 3809 1308 3876 eundem
1341 3809 1470 3876 comitem

354 3915 510 4002 Zouchylr
526 3917 678 3982 exhibere
694 3917 888 4001 debuissent,
905 3919 984 4002 ipsis
1000 3919 1111 4004 itaque
1128 3919 1300 4005 quindenis
1319 3937 1471 3985 occurren·

355 4019 442 4088 tibus
473 4023 558 4090 dicto
591 4025 706 4090 comite
737 4023 894 4110 Zouchylr
925 4047 964 4091 ex
987 4026 1473 4112 una‚p1·efatoMichaelepro

358 4149 391 4194 se
423 4135 455 4196 et
486 4147 559 4196 cum
592 4131 765 4199 sufficienti
799 4136 1027 4218 procuraterie
1061 4157 1121 4219 pro
1145 4137 1305 4202 annotato
1337 4132 1473 4200 Ladislao

355 4235 456 4302 fratre
483 4259 540 4304 suc
565 4245 657 4324 parte
681 4241 722 4307 ab
741 4240 846 4308 altera
872 4265 980 4308 ceram
1006 4243 1102 4309 nobis
1128 4243 1390 4327 comparentibus
1405 4240 1474 4306 idem

357 4341 501 4410 Michael
532 4347 618 4430 ipsas
633 4348 743 4416 literas
768 4351 983 4435 expeditorias
1003 4373 1100 4436 super
1118 4351 1238 4418 eisdem
1263 4353 1361 4417 rebus
1377 4347 1476 4417 dotali·

360 4451 415 4515 ciis
455 4455 487 4516 et
517 4455 814 4539 parerpbaualibus
854 4463 892 4524 ut
923 4463 1142 4526 assumserant
1174 4466 1343 4526 emanatas
1381 4457 1476 4542 nequi·

360 4557 408 4620 rit
425 4579 529 4622 coram
544 4561 637 4627 nobis
654 4565 804 4631 exhibere
832 4567 888 4631 sed
904 4568 1071 4652 respondit
1089 4573 1128 4634 ut
1142 4569 1205 4654 ipsi
1230 4589 1304 4634 cum
1330 4566 1477 4653 premissis

360 4661 454 4728 rebus
470 4664 631 4733 dotaliciis
647 4673 680 4737 et
705 4673 1002 4760 parcrphanalibus
1027 4675 1148 4743 nobilis
1168 4675 1298 4743 domine
1322 4680 1478 4764 prenotate
