3130 5470
283 439 346 502 396
634 451 821 501 cturouuoru
837 437 1068 500 cnuturrtn„

283 619 389 704 ipsum
406 617 569 684 dominum
587 639 697 702 regem
707 639 764 702 per
774 639 848 684 suas
863 617 990 682 litteras
1000 615 1093 680 uobis
1106 615 1313 682 transmissas
1322 618 1410 701 petiti

285 735 317 794 et
336 729 438 794 eciam
455 751 494 793 ex
511 728 666 792 mandato
683 727 826 792 ciusdem
842 726 1125 791 transmiseramus
1142 727 1229 792 sicut
1246 727 1333 792 idem
1348 749 1410 792 ma·

285 839 385 923 gister
400 836 515 902 Lachk
532 843 565 902 et
581 836 667 902 idem
683 837 837 919 magister
861 834 982 900 Petrus
997 835 1102 900 socius
1117 840 1230 900 noster
1249 886 1256 900 .
1273 887 1279 900 .
1296 837 1411 902 retule-

284 952 362 1012 runt
386 945 427 1011 ad
452 944 566 1012 facicm
592 943 811 1028 predictarum
836 945 1072 1027 possessionum
1098 943 1283 1009 accedendo
1310 943 1410 1009 eidem

287 1056 442 1139 magistro
459 1052 626 1138 Stephano
638 1055 856 1138 assignassent
872 1057 905 1117 et
917 1054 950 1116 in
962 1053 1163 1137 corporalem
1177 1055 1410 1137 possessionen

285 1162 520 1230 introducendo
538 1161 639 1227 eidem
657 1163 872 1228 statuissent.
890 1211 897 1226 .
914 1165 949 1227 et
976 1167 1014 1226 ut
1037 1160 1224 1227 huiusmodi
1240 1167 1411 1228 contractu

284 1272 535 1358 permutacionis
551 1270 697 1355 predicte
712 1272 929 1356 possessiones
945 1269 1066 1336 tradite
1081 1271 1115 1335 in
1133 1268 1359 1336 concambium
1375 1270 1412 1336 ir·

286 1381 510 1448 revocabiliter
525 1386 733 1465 perseverent
759 1385 793 1446 et
807 1402 865 1465 per
880 1381 986 1465 ipsum
1002 1382 1197 1464 magistrum
1211 1379 1411 1464 Stephanum

284 1493 317 1557 in
343 1489 427 1556 filios
451 1487 593 1556 filiorum
618 1487 752 1572 pacifice
778 1495 811 1554 et
836 1489 945 1573 quiete
969 1488 1176 1572 possidentur
1191 1491 1262 1555 iure
1278 1488 1409 1555 firmiori

285 1601 355 1684 ipse
371 1598 518 1664 dominus
534 1617 592 1662 rex
607 1595 782 1680 prehabita
798 1601 830 1660 et
846 1597 1003 1682 premissa
1018 1599 1223 1682 pragmatica
1240 1619 1338 1683 super
1352 1598 1411 1663 hoc

286 1708 475 1792 cognicione
492 1707 686 1774 decrevisset
703 1711 736 1770 et
762 1706 905 1772 decrevit
921 1707 1103 1772 revocanda
1119 1708 1270 1773 universa
1285 1707 1412 1792 privile·

286 1819 340 1900 gia
356 1823 389 1882 et
404 1817 622 1882 instrumenta
645 1821 714 1882 tam
731 1816 805 1880 novi
821 1817 869 1881 sui
886 1816 985 1899 sigilli
1014 1838 1111 1900 quam
1136 1817 1256 1882 veteris
1272 1838 1412 1900 quocun·

286 1945 349 2008 que
364 1925 493 2000 nornine
526 1931 734 1990 censerentur
749 1946 846 2008 super
862 1923 1016 2009 predictis
1041 1923 1297 2010 possessionibus
1314 1925 1412 1990 omni·

285 2034 346 2100 bus
362 2033 412 2097 vel
428 2033 571 2116 ipsorum
603 2035 738 2118 singulis
756 2033 1001 2119 quibuscunque
1026 2033 1077 2098 vel
1103 2035 1284 2118 cuicunque
1300 2035 1411 2119 priscis

286 2141 485 2225 temporibus
502 2163 541 2208 ex
557 2163 750 2227 quacunque
783 2163 879 2208 causa
914 2141 1042 2206 dedisse
1059 2191 1066 2206 .
1083 2191 1090 2206 .
1106 2141 1178 2226 ipsa
1192 2141 1365 2226 privilegia
1381 2147 1412 2208 et

285 2251 502 2317 instrumenta
526 2257 560 2317 et
585 2252 780 2319 donaciones
807 2257 839 2316 et
865 2251 1058 2316 collaciones
1082 2255 1120 2315 ut
1144 2254 1329 2335 protectum
1361 2257 1408 2318 est

289 2383 499 2446 quoscunque
514 2361 643 2428 fecisset
667 2381 832 2428 revocasse
848 2364 881 2426 et
896 2365 975 2426 tune
990 2359 1152 2425 revocavit
1179 2363 1212 2425 et
1228 2381 1313 2424 nunc
1329 2410 1335 2424 .
1352 2409 1359 2424 .
1375 2361 1408 2424 in

289 2490 427 2554 quarum
444 2469 574 2554 quidem
590 2472 829 2554 possessionum
846 2471 1122 2554 permutacionem
1138 2475 1171 2534 et
1188 2470 1410 2536 concambium

288 2577 374 2644 idem
389 2579 545 2664 magister
561 2579 746 2664 Stephanus
756 2585 796 2645 ut
811 2585 996 2664 pretactum
1013 2584 1062 2646 est
1077 2579 1291 2663 personaliter
1307 2600 1414 2645 coram

289 2689 382 2754 nobis
399 2709 588 2772 comparens
604 2687 759 2772 quasdam
776 2689 992 2772 possessiones
1007 2709 1082 2754 suas
1107 2689 1140 2752 in
1157 2689 1313 2754 comitatu
1329 2687 1412 2753 vide

289 2797 367 2862 licet
383 2795 621 2890 Trinchiniensi
638 2798 813 2863 existentes
830 2794 986 2863 Garadna
1000 2799 1034 2862 in
1050 2818 1116 2881 qua
1141 2801 1190 2862 est
1216 2797 1353 2862 ecclesia
1368 2796 1413 2861 ls-

289 2905 386 2991 pidea
410 2907 488 2972 item
505 2909 701 2992 superiorem
718 2904 874 2972 Garadna
889 2905 1074 2991 ibidemque
1089 2906 1197 2972 locum
1218 2906 1316 2972 castri
1332 2905 1415 2970 simi·

289 3015 366 3080 liter
383 3013 539 3088 Garadna
555 3018 659 3082 vocati
674 3016 896 3101 hereditanas,
926 3017 1005 3082 item
1021 3016 1055 3081 in
1071 3015 1230 3080 comitatu
1254 3013 1413 3080 Nitriensi

290 3126 506 3210 possessiones
522 3149 596 3192 suas
611 3127 827 3194 hereditarias
843 3129 909 3193 sive
924 3127 1092 3210 porciones
1107 3125 1347 3208 possessionum
1358 3122 1415 3188 sci·

291 3233 367 3298 licet
377 3233 410 3300 in
420 3235 676 3318 possessionibus
693 3235 754 3321 Sys
778 3235 897 3302 Redulr
914 3236 993 3301 etin
1012 3239 1151 3318 utraque
1167 3232 1297 3298 Libaha
1312 3233 1415 3317 ipsum

291 3341 488 3407 hereditarie
504 3351 744 3428 concernentes,
769 3347 848 3410 item
865 3351 985 3409 terram
1001 3343 1141 3428 Vysnew
1156 3347 1315 3426 vocatam,
1338 3343 1414 3407 item

291 3451 524 3534 possessionem
541 3449 698 3538 Vendcgy
724 3461 872 3519 vocatam
898 3475 971 3518 cunr
996 3451 1191 3536 aurifodina‚
1215 3453 1297 3517 item
1312 3449 1414 3516 Pobo-

291 3561 377 3627 haan
393 3562 592 3627 nominatam
607 3613 614 3626 .
632 3613 638 3627 .
656 3565 733 3630 item
743 3564 958 3648 possessiones
967 3561 1115 3628 Kohnad
1132 3562 1211 3627 item
1227 3560 1322 3626 Ruzk
1339 3561 1414 3626 item

291 3668 417 3734 Delech
433 3675 466 3734 et
481 3669 598 3736 Stechc
615 3676 744 3738 vocatas
759 3673 793 3736 in
809 3671 922 3736 eodem
938 3671 1094 3735 comitatu
1111 3667 1325 3754 Trinchyensi
1351 3669 1413 3733 exi-

292 3785 414 3845 stentes
431 3803 503 3848 suas
520 3781 560 3846 ab
587 3801 647 3846 auo
664 3787 697 3845 et
713 3786 822 3846 attavo
839 3779 985 3844 emticias
1000 3781 1106 3862 ipsum
1122 3779 1156 3843 in
1166 3779 1332 3863 premissis
1347 3798 1413 3862 pos·

293 3889 488 3954 sessionibus
512 3890 582 3954 iure
606 3889 803 3954 hereditario
829 3893 862 3952 et
888 3887 1017 3952 emticio
1043 3887 1270 3970 contingentes
1299 3893 1332 3952 et
1354 3905 1415 3950 non

293 3997 374 4062 alios
400 3999 601 4081 attingentes
618 4049 624 4064 .
642 4049 648 4063 .
665 3999 753 4064 dicto
783 3996 912 4062 domino
928 3997 1021 4079 regi.
1039 4045 1045 4060 .
1061 3994 1148 4060 idem
1173 3996 1330 4079 magister
1346 3993 1414 4060 Ste-

292 4106 420 4191 phanus
437 4127 621 4172 econverso
647 4107 785 4172 dedit..
810 4107 844 4170 in
869 4104 1093 4170 concambium
1118 4105 1359 4186 possessionum
1379 4109 1415 4166 ut

292 4221 477 4300 pretactum
502 4222 552 4281 est
577 4215 822 4299 predictarum
846 4215 1031 4279 retulerunt
1056 4213 1157 4279 eciam
1183 4211 1294 4277 eedem
1309 4217 1416 4295 partes

294 4324 381 4407 quod
398 4325 507 4393 eedem
523 4325 672 4410 predicte
703 4324 919 4408 possessiones
945 4321 1082 4387 fuissent
1106 4319 1312 4387 reembulate
1339 4320 1416 4386 etin

293 4435 517 4500 concambium
550 4434 653 4500 eidem
688 4432 816 4500 domino
841 4433 910 4515 regi
934 4432 1055 4498 tradite
1096 4437 1129 4496 et
1167 4431 1332 4515 assignate
1362 4449 1417 4513 per

293 4543 402 4626 ipsum
426 4544 618 4627 magistrum
635 4541 839 4626 Stephanum
856 4563 966 4608 coram
981 4540 1093 4607 eodem
1119 4541 1277 4624 magistro
1302 4535 1413 4604 Lachlr

294 4651 422 4721 homine
461 4651 581 4717 domini
606 4652 693 4736 regis
719 4658 752 4716 et
779 4672 888 4716 coram
914 4650 1099 4717 testimonio
1125 4648 1262 4736 capituli
1288 4645 1417 4713 ecclesie
