3172 5462
373 413 435 478 112
725 431 915 482 susannem
931 421 1149 482 eruturum.

369 599 488 678 nostre,
505 616 590 661 suno
606 594 727 661 domini
743 596 797 662 Μ0
814 593 915 664 000⁰
931 598 1085 682 vigesimo
1101 597 1210 682 tercio,
1225 597 1382 682 magistro
1396 597 1486 664 Petro

370 708 511 785 cautere,
527 701 655 769 Jacobs
673 705 815 788 custode,
835 704 935 770 Petro
953 705 1083 786 decano,
1109 705 1289 773 Benedicto
1306 707 1346 772 de
1361 707 1486 790 Pesuniu

369 813 541 895 magistris,
557 811 658 878 Petro
674 813 760 878 dicto
777 811 891 896 Zelul,
907 813 1079 880 Dominico
1100 821 1133 880 et
1149 811 1255 882 Orisio
1272 817 1487 887 sacerdotibus.

369 917 522 994 Johanne
539 924 571 984 et
587 921 691 986 altero
708 919 733 985 J
735 921 862 986 ohanne
877 924 1042 1006 magistris
1060 943 1100 988 ac
1115 923 1298 990 Laurencio
1315 925 1486 1011 presbytero

370 1034 403 1095 et
420 1031 533 1096 ceteris
550 1029 712 1094 canonicis
728 1029 949 1096 existentibus.

478 1175 576 1241 nggd
589 1174 729 1240 pecsdttel,
743 1176 813 1226 ldldl
826 1175 858 1226 A.
869 1175 901 1226 Β.
913 1176 942 1226 (l.
957 1177 1233 1242 cyrogrsplsummn13
1247 1177 1378 1244 credetije
1390 1193 1420 1228 az
1431 1191 1487 1228 orsz.

372 1265 427 1316 lter
440 1264 539 1316 kincst.
563 1269 630 1316 oszt.
643 1265 677 1316 N.
691 1265 724 1318 Β.
735 1266 768 1318 A.
783 1270 843 1319 860.
858 1271 882 1316 9.
896 1267 963 1331 dipl.
978 1267 1049 1317 nar:
1065 1271 1142 1318 2200.
1165 1268 1264 1318 Kdzli:
1284 1269 1387 1322 Vineae
1399 1269 1487 1319 thor.

858 1463 1016 1476 p—-n-—u—

374 1845 468 1907 1324.
487 1845 561 1928 jan.
578 1845 607 1908 6.
628 1839 656 1906 A
675 1843 958 1928 szdkcsfelre'rudri
973 1844 1133 1930 kdptalun
1149 1845 1222 1909 elt'u
1244 1845 1400 1932 Tangerdi
1418 1847 1488 1910 Mil·-

372 1951 419 2012 lu's
435 1975 456 2014 a
472 1951 615 2036 leupardi
639 1951 800 2016 lratdrban
825 1975 882 2037 epp
906 1953 1003 2016 szdldt
1028 1951 1195 2038 Soportpai
1221 1953 1323 2018 Orros
1348 1953 1488 2018 Pe'ternrl·
1569 2009 1570 2054 r

728 2060 805 2124 drdt·
830 2059 998 2124 birtolrdba
1024 2059 1139 2125 tocsar.

480 2215 669 2303 Capitulum
686 2219 820 2284 ecclesie
845 2215 1001 2285 Albensis
1018 2270 1025 2285 .
1042 2271 1049 2286 .
1066 2220 1108 2286 ad
1133 2221 1356 2288 universorum
1373 2271 1380 2286 .
1397 2221 1489 2286 ,noti-

372 2328 455 2392 ciam
471 2327 587 2392 harum
604 2327 685 2392 serie
701 2328 848 2392 volumus
867 2329 1044 2412 pervenire,
1070 2329 1158 2412 quod
1174 2331 1330 2412 magister
1345 2327 1489 2394 Nicotaus

371 2435 457 2500 filius
474 2434 604 2501 Nicolai
620 2433 738 2500 nobilis
762 2435 802 2500 de
827 2435 1023 2520 Thenguerd
1041 2487 1047 2502 .
1064 2487 1071 2502 .
1089 2437 1253 2520 quandam
1268 2437 1395 2502 vineam
1411 2457 1489 2500 suan

370 2545 404 2609 in
421 2543 585 2609 territerio
602 2543 800 2627 Thenguerd
815 2545 1006 2610 existentem
1022 2566 1081 2629 per
1104 2545 1279 2611 Nicolaum
1297 2567 1393 2611 avum
1409 2565 1489 2609 suum

371 2675 391 2718 a
406 2652 567 2718 nobilibus
584 2651 623 2716 de
640 2652 752 2718 eadem
769 2651 965 2736 Thenguerd
981 2653 1133 2719 emtionis
1157 2654 1254 2719 titulo
1275 2658 1485 2736 comparatam

372 2781 445 2824 cum
462 2759 610 2824 omnibus
634 2759 835 2824 utilitatibus
860 2761 926 2825 suis
942 2809 949 2825 .
966 2809 973 2825 .
989 2761 1086 2826 simul
1112 2781 1185 2826 cum
1209 2767 1300 2826 terra
1325 2759 1446 2824 inculta
1464 2765 1490 2821 et

370 2874 523 2950 aggresta
532 2865 614 2932 bene
625 2867 666 2932 ad
677 2873 743 2934 tres
753 2867 859 2933 dietas
869 2875 1002 2934 arsture
1012 2869 1045 2933 in
1055 2889 1088 2934 se
1099 2869 1363 2952 commentaque
1374 2865 1491 2951 quiden

370 2975 465 3040 vinea
480 2996 500 3039 a
515 2981 609 3058 parte
625 2977 881 3058 septemtrionali
905 2977 997 3042 vinee
1020 2976 1153 3060 Fyntha
1179 2974 1239 3040 filii
1264 2975 1369 3040 Blasii
1394 2974 1489 3040 extitit
1568 2995 1569 3070 }

371 3082 1490 3167 commetaneeetvicinaaparteveroorientaliEmericifiliiBarlabas
1568 3071 1569 3084 ἶ

370 3191 478 3274 quoad
495 3213 594 3257 unum
611 3191 766 3275 angulum
783 3192 851 3256 eius
867 3213 969 3276 usque
985 3191 1028 3257 ad
1054 3193 1227 3274 antiquum
1245 3189 1412 3274 fossatum,
1426 3187 1490 3253 inde

369 3299 579 3384 protenditur
595 3321 705 3365 versus
720 3301 878 3366 orientem
895 3307 928 3365 et
943 3301 1090 3384 pervenit
1105 3299 1148 3364 ad
1163 3299 1243 3365 duas
1253 3305 1358 3364 metas
1369 3305 1491 3376 terreas,

370 3409 577 3474 meridionali
608 3430 683 3474 vero
714 3415 808 3494 parte
839 3409 1002 3475 vicinatur
1026 3409 1117 3476 vinee
1148 3407 1296 3473 Ladislai
1322 3407 1363 3474 de
1388 3405 1491 3472 eadem

370 3516 577 3600 Thenguerd,
594 3517 634 3582 de
650 3539 808 3582 consensu
823 3567 830 3583 .
847 3567 853 3583 .
871 3523 1083 3602 cognatorum
1108 3522 1142 3582 et
1165 3517 1345 3581 vicinorum
1369 3533 1490 3580 sucrum

370 3623 471 3690 Petro
486 3623 554 3688 filio
573 3622 660 3708 Syke
677 3624 764 3690 dicte
781 3622 884 3690 Orrus
901 3626 941 3692 de
957 3624 1114 3710 Supunya
1130 3624 1248 3690 dilecta
1265 3628 1300 3688 et
1315 3621 1491 3688 fidelissime

371 3732 493 3798 famulo
511 3753 569 3796 sun
585 3782 592 3797 .
609 3782 615 3797 .
632 3754 691 3816 pro
708 3782 715 3798 .
731 3783 738 3798 .
755 3734 897 3798 serviciis
922 3736 1034 3800 suis..
1051 3734 1190 3800 maxime
1206 3737 1316 3798 autem
1331 3753 1391 3816 pro
1406 3727 1492 3796 muti·

370 3839 494 3906 laciene
510 3839 560 3905 sui
575 3840 711 3908 membri
726 3842 760 3905 in
776 3843 909 3908 servicio
926 3863 983 3908 sue
1008 3841 1141 3925 speciali
1166 3840 1271 3906 eidem
1298 3839 1398 3904 Petro
1415 3833 1491 3904 illati

371 3945 455 4032 (igy)
471 3953 506 4012 et
521 3947 593 4012 aliis
609 3948 796 4014 vulneribus
811 3950 879 4014 suis
895 3970 934 4014 ac
950 3949 1112 4032 sanguinis
1138 3948 1187 4013 sui
1212 3945 1371 4012 effusione
1395 3943 1491 4010 multa
1567 3975 1568 3998 2

372 4061 405 4120 et
428 4077 547 4140 magna
563 4104 570 4121 .
587 4105 595 4120 .
612 4055 776 4122 consessus
802 4063 852 4123 est
877 4057 1051 4123 dedisse..
1077 4055 1202 4122 Datum
1229 4076 1315 4120 anno
1342 4051 1492 4119 dominice

369 4162 614 4230 Incarnacicnis
631 4163 807 4230 Millesimo
824 4166 1050 4232 trecentesimo
1070 4165 1223 4248 vigesimo
1242 4167 1370 4246 quarte,
1387 4165 1492 4226 octavu

369 4269 441 4336 idus
475 4269 500 4335 J
502 4273 638 4356 anuarii,
665 4271 841 4339 reverende
874 4274 943 4339 viro
977 4273 1132 4356 magistro
1163 4269 1189 4335 J
1191 4269 1319 4336 ohanne
1344 4265 1494 4333 Albensis

371 4365 504 4444 ecclesie
519 4381 685 4464 preposito
702 4381 840 4464 auleque
856 4381 944 4465 regie
959 4379 1233 4462 vicecancellarie,
1258 4377 1407 4444 discretis
1423 4375 1493 4440 viris

370 4485 471 4551 Petro
488 4493 629 4572 cantore,
655 4487 807 4554 Johanne
834 4489 966 4556 custode
992 4495 1024 4554 et
1049 4487 1187 4554 Nicolso
1214 4485 1337 4552 decano
1361 4482 1492 4550 ecclesie

370 4600 480 4664 nostre
507 4596 725 4663 existentibus
