3130 5470
501 463 596 525 1329.
613 480 713 525 usus.
730 464 758 525 8.
1142 469 1206 532 389

78 637 146 704 dem
162 639 298 725 plagam
314 638 539 706 descendendo
566 639 655 706 cadit
670 642 704 706 in
719 641 902 726 predictum
925 641 1060 710 fluvium
1077 643 1163 731 Topl
1173 647 1207 712 in

77 770 110 814 ea
125 753 225 834 parte
241 748 297 814 ubi
312 747 429 814 fluvius
443 747 664 833 Felgarbolch
680 751 769 816 cadit
783 751 818 816 in
828 751 966 820 eundem
976 751 1110 820 fluvium
1121 753 1207 840 Topl

79 863 106 923 et
120 861 239 924 contra
254 862 396 924 meatum
421 857 522 940 ipsius
547 856 636 922 fluvii
664 855 833 925 Garbolch
857 883 974 946 parum
999 862 1204 932 ascendendo

79 967 140 1032 exit
157 965 200 1031 ds
217 965 331 1032 eodem
358 970 391 1030 et
405 965 513 1048 iungit
529 965 690 1048 quendam
707 971 851 1034 montem
869 970 924 1052 qui
948 970 1046 1055 vulgo
1062 969 1206 1058 Noghyg

80 1079 214 1140 vocatur
231 1079 264 1138 et
279 1073 312 1138 in
335 1073 455 1138 vertice
470 1072 572 1158 ipsius
587 1075 708 1140 montis
724 1097 834 1142 versus
851 1077 987 1143 eandem
997 1084 1124 1164 partem
1134 1101 1203 1146 ver-

79 1181 181 1264 gendo
194 1181 282 1246 venit
298 1181 340 1246 ad
357 1187 455 1264 caput
470 1179 638 1246 cuiusdam
653 1181 742 1248 fluvii
759 1182 965 1268 Nogkurima
974 1189 1079 1253 vocati
1090 1187 1129 1254 ds
1142 1209 1207 1274 quo

80 1291 428 1374 descendendopversus
443 1291 600 1374 orientem
626 1292 713 1358 cadit
738 1292 921 1359 indusium
945 1294 1093 1380 Budrug,
1118 1301 1151 1362 et
1172 1297 1208 1364 in

81 1406 190 1466 meatu
207 1399 348 1466 eiusdem
365 1399 589 1465 descendendo
605 1401 693 1466 venit
709 1401 752 1466 ad
767 1401 875 1468 locum
891 1401 947 1468 ubi
973 1403 1106 1487 quidam
1124 1405 1208 1471 risu·

80 1510 126 1574 lus
144 1507 396 1592 Felsethepatalc
411 1513 543 1574 vocatus
560 1508 647 1573 cadit
672 1509 705 1574 in
722 1510 828 1594 ipsum
853 1509 987 1576 fluvium
1013 1511 1152 1598 Bodrug
1176 1517 1209 1578 et

82 1617 117 1682 de
132 1619 205 1703 ipso
221 1615 318 1682 fluvio
350 1616 488 1700 Budrug
504 1617 649 1684 exeundo
666 1619 771 1702 vergit
785 1619 906 1686 iterato
921 1641 1033 1686 versus
1059 1620 1208 1688 occiden-

85 1732 147 1791 tem
164 1731 198 1791 et
212 1726 300 1791 venit
325 1725 369 1792 ad
385 1731 483 1812 caput
500 1726 667 1791 cuiusdam
682 1725 771 1792 fluvii
787 1726 1135 1816 Radamapathakafey
1150 1751 1204 1796 vo·

84 1835 144 1900 cati
170 1835 211 1900 de
238 1856 302 1920 quo
327 1835 449 1901 directe
480 1835 586 1902 eundo
611 1857 721 1902 versus
753 1836 889 1903 eandem
914 1837 1046 1923 plagam
1062 1839 1210 1904 annectit

88 1949 183 2029 caput
200 1944 336 2010 alterius
361 1943 450 2010 fluuii
479 1943 789 2031 Kenespathakaley
804 1945 911 2012 vocati
936 1951 969 2012 et
993 1943 1068 2011 inde
1085 1946 1208 2012 directe

87 2053 190 2119 eundo
205 2051 249 2119 ad
265 2051 400 2118 eandem
415 2054 548 2138 plagam
563 2054 651 2118 venit
667 2051 709 2120 ad
726 2053 889 2137 quendam
903 2058 1047 2119 montem
1062 2051 1211 2120 Kabala·

85 2160 134 2247 ley
149 2162 353 2227 nominatum
369 2160 410 2226 de
426 2183 490 2247 quo
502 2161 623 2228 directe
635 2160 832 2230 transeundo
848 2183 959 2228 versus
976 2161 1113 2228 eundem
1129 2163 1211 2230 occi-

87 2270 213 2337 dentem
230 2271 380 2356 pervenit
395 2272 514 2338 iterato
539 2272 582 2338 ad
596 2271 760 2356 predictas
785 2270 867 2338 duas
892 2270 1025 2338 arbores
1049 2272 1084 2336 in
1100 2276 1211 2340 monta

85 2381 206 2464 positas
232 2380 289 2446 ubi
313 2381 504 2466 inceperant
520 2387 553 2447 et
568 2381 614 2446 ibi
630 2381 858 2447 terminantur.
883 2379 1009 2446 Datum
1025 2380 1058 2446 in
1075 2380 1208 2466 quinde-

84 2489 132 2554 nis
147 2487 394 2555 Pmificaoionis
409 2489 511 2573 ipsius
527 2488 602 2558 festi
617 2489 712 2556 beate
743 2487 885 2574 virginis,
916 2509 1001 2554 anno
1018 2487 1140 2556 domini
1156 2487 1210 2554 Μ0

86 2593 186 2663 000⁰
201 2594 294 2662 ΧΧο
310 2618 404 2663 nono.

190 2761 212 2809 1.
227 2760 332 2826 Karoly
344 2761 492 2826 kisalynalc
509 2764 584 2812 1329.
598 2776 662 2812 nov,
684 2761 751 2812 odki
770 2761 840 2826 jelas
852 2761 973 2812 alakban
985 2761 1123 2812 kidllltott
1136 2773 1212 2828 meg·

85 2853 187 2902 erositd
199 2851 382 2916 oklsveldbol,
395 2853 525 2917 melynak
538 2853 670 2920 eredsdjs
682 2867 801 2918 msgvan
815 2867 846 2904 az
869 2867 937 2904 orsa
959 2852 1015 2904 ltar
1027 2852 1126 2904 kinost.
1141 2855 1209 2904 oszt.

85 2943 116 2992 N.
131 2943 164 2992 R.
185 2943 217 2992 Δ.
232 2946 292 2992 558.
306 2947 330 2993 3.
350 2943 417 3008 dipl.
440 2943 512 2994 ltor:
528 2947 605 2995 2519.
624 2944 721 2995 Kozli:
742 2943 844 2995 Vinoze
858 2943 959 2994 Gdbor.

569 3125 728 3135 uun—..q

617 3363 690 3424 345.

88 3523 187 3587 1329.
203 3535 295 3588 mart.
313 3526 342 3588 8.
360 3524 390 3588 A
406 3527 563 3612 pozsooyi
579 3525 738 3610 kdptalao
755 3525 828 3590 aloa
853 3523 988 3606 Wodosfi
1004 3521 1136 3588 Sdssdor
1152 3522 1215 3587 lea‘·

87 3654 154 3716 opo
165 3631 292 3712 Ldiom,
303 3625 460 3718 deoloo
469 3643 552 3700 nevit
568 3632 761 3698 diachones
775 3631 853 3714 feldt
863 3630 1055 3716 drdkjoqpcl
1066 3629 1214 3695 mdcodilo

306 3740 427 3826 ferjdre
461 3740 590 3806 Garcos
612 3742 771 3807 Tamdsrc
787 3743 930 3806 rossam
945 3743 988 3804 dt.

195 3903 421 3988 ..capitulum
452 3902 585 3970 ecclesie
601 3902 807 3969 Posoniensis
824 3951 831 3966 .
848 3951 855 3968 .
872 3901 915 3967 ad
939 3901 1163 3966 universorum
1180 3949 1186 3964 .
1204 3948 1211 3964 .

86 4011 239 4077 noticiam
255 4063 262 4077 .
278 4063 286 4077 .
302 4013 452 4079 volumus
467 4012 635 4097 pervenire
650 4010 739 4096 quod
755 4009 946 4076 accedentes
963 4007 1006 4076 ad
1020 4009 1126 4076 nostri
1142 4029 1213 4093 pre·

86 4121 229 4186 sanciam
245 4122 287 4188 ab
304 4143 370 4188 una
385 4127 479 4205 parts
494 4120 613 4186 nobilis
629 4119 761 4185 domina
776 4118 900 4184 Lilium
909 4115 978 4182 filia
995 4117 1121 4182 comitis
1136 4112 1216 4182 Ale·

85 4229 205 4296 xandri
237 4229 297 4296 filii
329 4228 456 4297 Wodos
481 4229 522 4295 ab
549 4231 655 4295 altera
679 4247 754 4295 uero
781 4226 923 4294 Thomas
954 4225 1060 4292 dictus
1090 4222 1217 4292 Gursas

86 4339 227 4406 maritus
242 4339 384 4405 eiusdem
417 4337 545 4406 domins
562 4341 596 4404 st
611 4336 637 4404 J
639 4337 782 4404 ohannes
806 4335 893 4400 filius
916 4333 1018 4420 ipsius
1034 4331 1159 4400 Thome
1175 4333 1217 4400 ab

87 4449 206 4516 eadem
221 4448 351 4516 domina
367 4449 496 4533 genitus
513 4469 552 4514 ac
577 4445 742 4531 Georgius
767 4444 855 4510 lilius
882 4442 1025 4509 ciusdem
1052 4441 1181 4508 domine
1197 4464 1218 4507 a

87 4558 235 4640 Georgio
250 4579 308 4624 suo
323 4557 488 4644 primitivo
505 4558 623 4623 marito
640 4560 829 4641 procreatus
850 4552 922 4636 ipsa
947 4549 1078 4617 domina
1093 4547 1218 4616 Icilium

87 4719 94 4734 .
112 4720 120 4734 .
136 4667 227 4733 fassa
242 4668 348 4734 entit't
364 4717 370 4732 .
388 4717 395 4732 .
412 4665 500 4750 quod
515 4666 586 4750 ipsa
611 4665 817 4731 medietatem
841 4659 1053 4746 possessionis
1080 4679 1138 4725 suc
1155 4657 1217 4728 Oa·
