3240 5460
341 435 381 496 16
694 449 880 496 surouxoxr
897 438 1113 524 oxmlxrrln.

339 611 430 695 dixit,
442 611 528 694 quod
537 611 606 695 ipse
616 611 659 677 ad
674 609 790 677 faciem
806 611 892 677 dicte
907 617 994 677 terre
1010 633 1067 678 seu
1081 611 1293 697 possessionis
1308 610 1467 677 accedens

338 720 471 784 vidisset
492 719 578 804 quod
588 721 744 803 magister
753 718 923 786 Emericus
934 721 1040 787 dictus
1056 721 1096 786 de
1106 719 1226 806 Beche,
1243 721 1299 805 qui
1314 741 1467 804 persona-

334 828 411 892 liter
425 827 545 894 ibidem
556 829 745 913 comparuit,
761 829 923 894 nobilibus
940 830 1133 896 dominabus
1143 828 1307 896 sororibus
1323 829 1362 894 de
1379 828 1468 893 dicta

334 935 456 1020 Insula,
472 958 531 1020 pro
551 937 668 1021 quibus
684 938 841 1022 magister
850 936 974 1004 Paulus
991 944 1189 1024 procurator
1209 937 1395 1004 carumdem
1411 936 1467 1020 qui

334 1047 483 1110 similiter
497 1045 713 1129 personaliter
724 1045 847 1128 aderat,
863 1067 921 1128 per
936 1045 1067 1112 modum
1085 1047 1255 1113 concordie
1270 1048 1366 1112 iuxta
1380 1045 1467 1109 litte·

332 1175 386 1219 ras
396 1153 531 1238 capituli
541 1154 643 1219 nostri
653 1159 687 1219 et
697 1155 823 1220 comitis
833 1151 1011 1240 Stephani(
1012 1204 1108 1220 ......
1109 1152 1351 1240 )0111111101111111
1359 1152 1463 1218 nostri

333 1263 418 1345 rogis
434 1267 533 1328 antea
549 1283 658 1327 coram
673 1261 765 1327 nobis
781 1261 943 1346 perlectas
960 1261 1083 1328 dictam
1099 1268 1221 1328 terram
1238 1284 1295 1328 seu
1310 1261 1464 1346 possessi-

333 1391 426 1434 onem
437 1368 524 1434 Ders
533 1369 619 1434 Ilese
629 1375 779 1434 vocatam
788 1373 885 1454 prout
895 1370 945 1434 ius
955 1371 1100 1453 ipsarum
1109 1371 1308 1436 restituisset
1324 1369 1462 1448 eisdem;

333 1482 443 1542 tamen
459 1478 536 1561 quia
551 1483 641 1542 terra
666 1498 723 1542 seu
741 1477 898 1562 possessio
930 1478 1118 1560 supradicta
1144 1477 1270 1543 divisim
1295 1478 1331 1542 in
1346 1475 1463 1560 iugeri·

333 1584 394 1650 bus
411 1589 444 1649 et
460 1584 532 1650 aliis
549 1585 592 1650 ad
608 1584 742 1650 eandem
757 1584 997 1670 pertinentibus
1014 1586 1131 1668 extitit,
1147 1585 1298 1670 partibus
1313 1583 1465 1649 uidelicet

332 1694 488 1776 magistro
512 1693 663 1759 Emerico
689 1693 729 1758 de
753 1692 884 1777 Bechey
909 1697 942 1758 et
966 1694 1122 1776 magistro
1138 1692 1243 1758 Paulo
1259 1691 1466 1775 procuratori

333 1801 496 1867 dictarum
521 1802 725 1868 dominarum
751 1823 899 1866 sororum
914 1801 1098 1885 placuisset,
1114 1807 1152 1865 ut
1166 1822 1224 1885 per
1240 1799 1372 1865 modum
1388 1821 1462 1865 con-

334 1909 452 1976 cambii
467 1910 688 1994 procederent,
705 1915 739 1974 et
754 1911 801 1974 sic
815 1915 1051 1992 processerunt,
1068 1909 1155 1994 quod
1172 1909 1336 1993 quoddam
1351 1929 1465 1973 nemus

333 2038 519 2103 prunorum,
544 2040 663 2084 nucum
689 2023 722 2082 et
747 2019 885 2082 aliorum
909 2017 1076 2083 fructuum
1099 2019 1186 2083 inter
1212 2017 1371 2101 quasdam
1386 2017 1468 2082 duas

333 2128 402 2192 rias
428 2128 567 2193 existens
593 2133 627 2192 et
651 2127 860 2192 medietatem
876 2126 1044 2192 cuiusdam
1068 2126 1238 2192 monticuli
1254 2149 1274 2191 a
1289 2131 1384 2210 parte
1399 2124 1467 2209 Vy·

334 2235 451 2318 segrad
467 2257 567 2320 supra
582 2235 693 2300 villam
710 2231 835 2300 Ozofeu
851 2235 1051 2318 existentem,
1068 2235 1147 2299 item
1163 2233 1327 2318 quandam
1342 2239 1465 2298 terram

333 2345 490 2410 incultam
516 2344 558 2410 ad
584 2344 694 2409 decem
718 2345 833 2426 iugera
849 2341 1063 2408 sufficientem
1079 2364 1099 2407 a
1115 2347 1209 2428 parte
1225 2341 1372 2406 inferiori
1387 2340 1468 2405 dicti

333 2453 480 2536 nemoris,
506 2473 568 2536 que
594 2450 726 2536 quidem
740 2472 862 2536 nemus,
879 2451 1091 2516 monticulum
1108 2456 1141 2514 et
1156 2455 1245 2515 terra
1261 2449 1385 2514 inculta
1400 2449 1467 2513 iam

333 2559 421 2625 dicta
446 2581 502 2624 sex
527 2561 622 2624 metis
647 2560 772 2624 noviter
798 2559 915 2624 erectis
941 2560 1195 2642 circumquaque
1218 2558 1468 2640 consignantur:

333 2669 439 2751 prima
453 2673 543 2733 meta
558 2668 674 2752 incipit
699 2690 719 2732 a
735 2673 829 2751 parte
845 2668 1005 2752 superiori
1022 2665 1146 2732 Ozoieu
1161 2673 1194 2732 et
1208 2666 1284 2732 inde
1299 2665 1407 2730 tendit
1424 2664 1469 2729 ad

333 2776 496 2860 quandam
521 2783 643 2841 metam
667 2776 764 2840 sitam
789 2777 823 2840 in
847 2776 967 2840 vertice
993 2776 1112 2841 montis
1128 2774 1315 2859 supradicti,
1331 2771 1407 2836 inde
1423 2770 1469 2835 ad

333 2891 462 2968 partem
486 2884 658 2970 Vysegrsd
682 2884 740 2950 ubi
755 2889 831 2949 sunt
846 2890 912 2950 tres
927 2889 1013 2949 mete
1030 2883 1153 2949 directe
1168 2884 1202 2948 in
1218 2905 1284 2948 una
1299 2883 1393 2964 linea,
1410 2880 1469 2945 ab·

333 2991 411 3058 hinc
435 2992 477 3057 ad
501 2993 666 3076 quandam
690 2993 784 3076 viam,
810 3015 873 3076 que
899 2993 1017 3058 dicitur
1041 2991 1219 3058 Kuesutha
1242 2992 1335 3057 iuxta
1364 3011 1466 3074 quam

334 3105 411 3166 sunt
426 3100 488 3165 due
502 3106 596 3184 mete,
611 3100 697 3165 idem
720 3101 877 3183 magister
891 3100 1062 3165 Emericus
1081 3099 1177 3165 dictis
1193 3099 1386 3166 dominabus
1414 3119 1466 3162 re-

335 3208 504 3292 stituisset,
529 3210 607 3274 item
632 3209 738 3274 dictus
763 3230 869 3274 comes
901 3208 1071 3272 Emericus
1107 3229 1166 3293 pro
1201 3208 1316 3291 viginti
1347 3206 1469 3290 iugeri-

334 3315 404 3398 bus,
429 3336 492 3399 que
516 3315 557 3380 de
581 3316 631 3381 his
657 3316 760 3381 trihus
784 3317 872 3400 locis,
896 3315 1046 3381 videlicet
1069 3317 1104 3380 in
1119 3315 1308 3380 Keralkuta
1333 3321 1466 3398 aparte

334 3423 505 3508 Vysegrad
521 3425 603 3489 etin
617 3424 704 3490 Ders
720 3425 806 3489 Ilese
820 3445 922 3509 prope
938 3424 1061 3489 dictum
1077 3445 1189 3488 nemus
1215 3430 1248 3488 et
1263 3425 1298 3488 in
1313 3423 1385 3488 loco
1403 3421 1468 3487 Te-

333 3531 391 3596 luk
405 3539 520 3597 vocato
545 3533 675 3598 situatis
691 3539 725 3598 et
739 3555 799 3616 pro
816 3533 957 3598 sessione
981 3532 1016 3596 in
1042 3527 1166 3596 Ozofeu
1181 3532 1332 3620 existenti
1350 3531 1465 3596 decem

335 3647 368 3704 et
393 3645 467 3706 octo
491 3642 603 3724 iugera
627 3644 790 3705 terrarum
808 3640 868 3705 sub
884 3661 950 3704 una
965 3645 1059 3722 parte
1075 3645 1108 3704 et
1124 3661 1188 3704 uno
1205 3641 1270 3704 situ
1286 3639 1468 3704 existencia

334 3749 420 3814 circa
428 3749 523 3832 viam,
531 3770 590 3832 per
600 3770 696 3832 quam
705 3749 773 3813 itur
782 3748 824 3814 ad
834 3747 962 3812 Zenthe
972 3754 1006 3812 et
1015 3747 1058 3812 ad
1067 3747 1197 3830 Pomaz,
1209 3754 1243 3813 et
1257 3748 1349 3812 iuxta
1362 3747 1467 3831 quod-

335 3857 411 3922 dam
419 3856 571 3942 rylberek
585 3857 757 3922 Michaelis
768 3857 808 3922 de
817 3857 948 3940 Pomaz,
963 3879 1100 3940 quorum
1111 3856 1222 3922 decem
1238 3862 1272 3922 et
1287 3863 1361 3923 octo
1376 3857 1471 3940 iuge-

334 3965 1472 4050 rumoctojugerasuntMichselisdePomazetresiduadecemiugera

334 4075 436 4159 ipsius
446 4077 595 4159 magistri
603 4075 747 4142 Emerici
763 4097 783 4141 a
799 4075 971 4142 Salomone
986 4076 1085 4140 titulo
1102 4075 1254 4140 emcionis
1265 4079 1469 4160 comparata,

333 4183 413 4248 item
423 4184 487 4249 duo
502 4187 616 4269 iugera
632 4183 672 4250 de
688 4191 777 4250 terra
791 4184 931 4268 predicti
941 4183 1114 4248 Michaelis
1131 4184 1217 4249 circa
1234 4181 1397 4268 quendam
1405 4179 1471 4248 flu-

334 4292 421 4356 vium
431 4291 491 4358 sub
501 4293 705 4358 villsPomaz
715 4293 779 4358 sita
788 4293 822 4358 in
832 4293 1169 4377 recompensacionem
1180 4291 1342 4356 dictorum
1350 4291 1473 4374 viginti

334 4401 482 4484 iugerum
498 4401 592 4468 dictis
616 4401 808 4468 dominabus
835 4402 1000 4468 sororibus
1017 4398 1177 4480 dedisset3
1194 4401 1398 4466 assumsisset
1417 4399 1471 4463 ni-

333 4506 508 4576 hilominus
533 4509 663 4576 domina
688 4532 819 4578 consors
838 4509 1011 4576 Michaelis
1036 4508 1202 4594 prenotati
1232 4528 1324 4573 soror
1351 4505 1469 4573 rideli-

334 4623 386 4686 cet
410 4617 558 4702 magistri
581 4617 725 4684 Emerici
749 4618 789 4683 de
808 4617 919 4684 Beche
934 4639 1031 4702 super
1046 4615 1200 4701 predictis
1217 4615 1330 4680 decem
1346 4615 1470 4699 iugeri-
