3172 5462
585 455 679 524 1323.
696 479 771 525 nov.
789 461 840 524 18.
1233 466 1276 528 97

140 644 274 722 patrem
299 639 463 705 dominum
488 638 532 704 Η.
548 640 734 725 episcopum
751 640 894 706 eiusdem
910 641 1043 706 ecclesie
1059 643 1133 708 aule
1149 643 1278 710 domine

141 749 256 830 regine
267 749 497 814 cancellarium
506 749 540 812 in
549 748 611 814 hac
621 771 718 816 causa
727 771 787 834 per
802 748 937 815 eundern
954 751 1148 818 constitutus
1164 752 1279 819 damus

141 878 202 940 pro
229 858 394 942 memoria,
419 857 605 941 quodcum
630 859 806 924 secundum
832 859 1069 925 continenciam
1092 859 1278 927 litterarum

141 965 290 1030 eiusdem
305 965 428 1032 domini
439 966 580 1051 episcopi
591 966 712 1032 domini
723 967 825 1033 nostri
834 966 995 1032 Lucacius
1011 965 1097 1033 filius
1114 969 1278 1051 quondam

141 1072 318 1158 Laurenay
343 1073 382 1139 de
399 1073 510 1140 Kaluz
532 1095 592 1158 pro
608 1095 641 1140 se
658 1079 694 1139 et
710 1096 769 1158 pro
785 1072 941 1140 fratribus
958 1076 1033 1160 suis,
1048 1075 1200 1142 videlicet
1215 1075 1241 1141 J
1243 1099 1275 1142 a·

144 1182 228 1248 cobo
245 1188 278 1247 et
293 1181 459 1265 Ladisla0,
479 1183 513 1247 in
522 1181 606 1249 sesto
622 1183 710 1248 beati
719 1183 859 1249 Martini
876 1183 1067 1250 confessoris
1084 1184 1211 1251 domine
1226 1207 1277 1251 re·

141 1291 222 1356 licte
238 1290 403 1374 quondam
418 1291 545 1357 comitis
562 1291 587 1357 J
588 1291 723 1357 ohannis
742 1289 801 1356 filii
817 1290 956 1358 Martini
972 1313 1011 1358 ac
1030 1290 1217 1377 Augustino
1234 1293 1274 1358 de

141 1397 299 1464 Menchel
315 1419 432 1483 genero
449 1398 591 1464 eiusdem
616 1421 675 1484 pro
693 1399 768 1465 dote
792 1403 825 1466 et
840 1400 937 1466 rebus
954 1398 1212 1486 parefernalibus
1237 1421 1277 1466 aa

141 1529 204 1592 pro
214 1510 335 1592 quarta
343 1507 484 1574 filiarum
500 1508 652 1592 eiusdem,
669 1530 732 1593 que
749 1508 854 1574 eidem
870 1507 999 1574 domine
1015 1512 1048 1574 et
1062 1506 1193 1574 filiabus
1209 1509 1275 1575 suis

142 1617 185 1681 de
210 1617 307 1682 dictis
331 1616 568 1683 hereditatibus
593 1618 704 1683 mariti
730 1617 779 1682 sui
804 1615 844 1682 de
869 1617 939 1682 iure
955 1615 1121 1701 cedebant,
1137 1617 1277 1701 triginta

143 1728 290 1808 quatuor
305 1745 431 1790 marcas
447 1745 556 1790 caram
572 1726 665 1792 nabis
686 1726 810 1792 solvere
834 1725 1004 1810 debuisset,
1035 1725 1187 1792 videlicet
1202 1748 1278 1810 par·

143 1839 211 1898 tem
237 1835 272 1900 in
297 1833 438 1900 denariis
463 1839 496 1898 et
520 1839 647 1918 partem
663 1835 697 1900 in
714 1835 922 1900 estimscione
938 1833 1107 1918 condigna,
1124 1835 1195 1919 ipso
1211 1839 1275 1899 ter-

142 1943 232 2008 mina
258 1941 449 2008 adveniente
475 1942 560 2008 idern
576 1942 738 2008 Lucacius
753 1965 813 2027 pro
830 1965 864 2009 se
882 1947 915 2008 et
930 1942 1088 2008 fratribus
1104 1944 1170 2008 suis
1186 1948 1277 2008 ante·

144 2049 242 2114 dictis
271 2049 376 2115 dictas
391 2051 528 2134 triginta
545 2056 685 2135 quatuor
699 2071 827 2116 marcas
842 2051 1066 2135 persolverunt
1081 2100 1089 2116 .
1105 2101 1112 2116 .
1129 2049 1199 2116 Nos
1215 2051 1276 2115 ita-

143 2178 208 2241 que
234 2159 327 2222 iurta
352 2158 587 2224 continenciam
619 2165 653 2224 et
676 2162 821 2225 tenorem
845 2158 1065 2243 predictarum
1089 2158 1275 2226 litterarum

143 2266 267 2332 domini
293 2267 397 2332 nostri
414 2268 555 2352 episcopi
571 2267 727 2334 antedicti
743 2268 777 2332 in
793 2267 958 2332 universas
973 2268 1188 2352 possessiones
1203 2289 1276 2352 pre-

143 2374 225 2439 dicti
240 2373 403 2440 Johannie
418 2373 478 2440 filii
493 2374 631 2441 Martini
642 2375 779 2440 eundern
795 2375 996 2441 Lucachium
1013 2381 1046 2441 et
1061 2374 1181 2441 iratres
1197 2397 1272 2442 suos

141 2484 208 2548 iam
234 2482 340 2548 dictos
356 2482 555 2549 authoritate
572 2484 714 2550 eiusdem
730 2483 851 2550 domini
866 2485 980 2568 nostri,
995 2491 1095 2568 prout
1110 2505 1145 2549 se
1160 2473 1272 2568 partes

143 2591 334 2674 obligarunt
359 2597 536 2676 spontanea
555 2593 733 2676 voluntate,
756 2593 995 2658 introduximus
1011 2593 1214 2677 presentibus
1230 2593 1275 2658 io-

142 2700 340 2784 bagianibus
365 2701 452 2787 ipsas
476 2703 674 2768 hereditates
691 2701 939 2786 possidentibus.
955 2701 1080 2766 Datum
1106 2702 1207 2766 tercia
1224 2700 1275 2765 die

143 2809 218 2874 sesti
235 2808 325 2875 beati
340 2809 478 2876 Martini
497 2810 686 2877 confessoris
703 2811 834 2876 termini
849 2810 1000 2876 videlicet
1014 2809 1180 2891 antedicti,
1191 2829 1276 2875 anno

145 2917 268 2982 domini
278 2916 332 2982 Μ0
348 2917 449 2985 0000
464 2919 617 3004 vigesimo
627 2921 737 2986 tercio.

255 3082 327 3133 Zaira
337 3083 429 3146 peccet
438 3085 599 3148 nyonraival
610 3101 617 3150 3
627 3083 757 3150 eradatije
770 3099 801 3134 az
815 3098 883 3134 orez.
896 3081 951 3132 ltir
962 3082 1061 3134 lineat.
1075 3085 1142 3134 oszt.
1155 3081 1189 3132 N.
1202 3081 1275 3133 ΒΛ.

152 3175 227 3223 1534.
244 3177 286 3222 52.
297 3173 363 3234 dipl.
375 3173 445 3223 lter:
471 3179 548 3227 2191.
563 3175 643 3226 szli
655 3192 661 3226 :
672 3175 775 3226 Vinaza
785 3173 885 3225 Gabar.

632 3317 788 3328 fl*-

684 3467 736 3529 91.

112 3675 116 3678 -
145 3629 242 3694 1323.
275 3628 443 3715 Viseqra'd,
468 3652 538 3694 aaa.
567 3629 618 3694 18.
645 3629 673 3694 Ι.
691 3629 817 3715 Kdrolp
834 3623 1228 3716 lrir·dly','iholcea-Uffa-lrr
1244 3635 1276 3695 e‘a

145 3738 341 3824 Kapraucza
371 3734 483 3823 Aburij
515 3739 698 3822 orirrnepyea'
731 3737 912 3801 hirtolcokat
947 3737 1021 3820 Itefl
1057 3739 1166 3803 Jctnos
1190 3741 1276 3824 repes-

144 3847 193 3908 czi
216 3849 250 3910 e'a
269 3845 376 3909 de'tlcsa'
402 3846 618 3932 eavrnappnalr
633 3847 800 3910 iniuriis-oda
816 3845 1065 3931 adomdnyozaa',
1083 3869 1104 3908 a
1120 3845 1274 3908 hirtokvi-

255 3956 393 4040 azonyolr
409 3955 681 4044 kinyoraazciaciro
698 3979 736 4020 az
752 3956 821 4041 epra
835 3954 1009 4040 kdptalaat
1025 3953 1163 4020 anibaldi.

253 4097 399 4166 Karalus
416 4149 423 4165 .
440 4149 446 4166 .
462 4122 520 4165 rex
537 4151 543 4166 .
561 4150 567 4166 .
585 4101 727 4185 capitulo
754 4100 886 4165 ecclesie
902 4095 1074 4182 Agriensis
1090 4149 1097 4164 .
1114 4147 1121 4164 .
1139 4095 1276 4162 Noveri-

144 4209 186 4272 tis
202 4207 291 4291 quod
315 4207 341 4273 J
342 4208 484 4274 ohannes
500 4207 586 4274 filins
612 4209 665 4274 Ite
689 4209 955 4274 vicecastellanus
974 4207 1014 4273 de
1037 4204 1170 4289 Regech
1186 4211 1220 4270 et
1236 4206 1276 4270 de

143 4315 258 4380 Dedus
273 4365 281 4382 .
297 4366 305 4381 .
322 4317 517 4401 supplicavit
541 4316 633 4383 nobis
657 4317 834 4400 humiliter,
851 4316 938 4401 quod
955 4337 1026 4381 cum
1042 4316 1110 4399 ipse
1126 4316 1276 4399 possessi-

144 4446 238 4490 onem
263 4424 528 4510 Tenkeshuyfalu
552 4431 701 4492 vocatam
725 4427 759 4491 in
776 4427 934 4494 cantitata
950 4424 990 4489 de
1005 4424 1121 4509 Vynar
1136 4424 1276 4488 existen·

145 4539 210 4598 tarn
234 4555 255 4598 a
280 4533 434 4600 Jahanne
466 4538 498 4599 et
523 4533 695 4600 Dominico
720 4532 792 4620 filys
817 4533 964 4599 Mathius
989 4531 1046 4618 fily
1061 4531 1180 4616 Pausa,
1196 4533 1275 4598 item

145 4642 243 4706 aliam
253 4643 488 4728 possessionem
497 4641 933 4728 Kaprunchanuncupatam
944 4644 978 4707 in
989 4641 1101 4708 eodem
1118 4641 1276 4706 comitatu

200 4779 353 4816 aroannam
369 4767 532 4816 auulsrrir
549 4781 576 4816 ιι.
593 4771 655 4820 nar.
1149 4755 1166 4815 7
