3172 5462
465 475 467 480 ,
538 429 632 493 1323.
648 446 723 496 aco.
741 429 771 494 4.

631 829 681 891 76.

88 988 186 1051 1323.
211 997 373 1073 capasiae
397 989 428 1053 4.
453 989 483 1053 Ι.
508 989 634 1075 Kdroly
659 989 770 1076 airolp
795 1016 816 1056 o
847 993 972 1078 rapitraa'
994 995 1221 1082 lodptolouoolr

89 1097 186 1160 1322.
213 1107 291 1180 sept.
315 1097 416 1160 26-en
432 1097 495 1161 kalt
511 1092 722 1182 jeleole'se'bea
739 1099 894 1186 felsorolt
924 1102 1133 1168 dirtolcolcdoo
1149 1104 1221 1167 Ele-

328 1204 426 1290 fa'uti
451 1205 568 1286 Dczsllt
584 1230 599 1270 s
615 1207 769 1270 rokoooit
786 1211 975 1294 ruoperd'sr'il.

199 1343 348 1412 Karolus
365 1396 371 1411 .
388 1395 395 1411 .
411 1368 469 1412 rex
485 1397 491 1412 .
509 1395 516 1414 .
533 1347 576 1412 ad
596 1349 820 1414 universorum
835 1351 989 1416 noticiam
1006 1351 1122 1418 harum
1139 1356 1222 1419 serie

89 1457 240 1522 volumus
264 1457 440 1539 pervenire,
467 1456 651 1540 quodcum
677 1459 832 1542 magister
858 1457 967 1525 Deseu
993 1461 1032 1526 de
1048 1460 1222 1527 Elewanth

90 1565 289 1630 castellanus
314 1563 354 1627 de
379 1562 550 1630 Sebuswar
574 1563 680 1631 fidelis
705 1572 816 1632 noster
842 1567 886 1631 ad
901 1575 1047 1634 nostram
1063 1569 1220 1636 accedens

89 1674 292 1756 presenciam
318 1694 378 1737 sua
392 1672 485 1738 nobis
502 1675 735 1757 conquescione
752 1681 964 1742 monstrasset
980 1679 1066 1743 utin
1081 1683 1173 1744 vasto
1190 1683 1223 1743 et

91 1782 317 1846 combuscione
328 1781 461 1846 ecclesie
473 1780 671 1846 cathedralis
680 1780 866 1866 Nytriensis
882 1783 961 1849 data
975 1807 1034 1868 per
1049 1784 1221 1851 Matheum

90 1888 193 1954 filium
218 1888 312 1953 Petri
339 1889 501 1971 quondam
527 1889 665 1972 palatini
691 1889 730 1954 de
757 1889 947 1956 Trinchinio
975 1893 1084 1958 omnia
1099 1894 1220 1959 instru-

91 2003 201 2062 menta
226 2018 294 2079 sua,
320 1997 497 2080 privilegia,
521 2003 670 2079 patentes
695 1999 804 2064 littere
830 2005 862 2063 et
888 1999 950 2064 alie
975 2000 1120 2066 clausule
1137 2000 1221 2087 (igy)

12 2097 15 2107 '
91 2105 423 2188 universeincamera
434 2104 574 2168 eiusdem
587 2105 785 2171 ecclesieubi
796 2114 986 2190 reposuerat
1003 2111 1222 2176 conservanda

92 2219 298 2278 concremata
313 2219 421 2278 essent
444 2213 573 2278 omnino
590 2215 760 2298 etpenitus
776 2215 909 2280 redacta
927 2217 962 2280 in
979 2219 1127 2302 cinerem,
1146 2241 1218 2302 sup-

91 2323 216 2406 plicans
233 2322 327 2388 uobis
336 2321 502 2386 humiliter
518 2327 554 2385 ut
566 2344 605 2386 ne
615 2325 854 2406 possessionum
871 2346 1003 2390 suarum
1019 2327 1179 2391 iacturam
1189 2332 1222 2391 et
1310 2371 1313 2376 ι

91 2431 494 2514 preiudiciumcalumpnia
504 2430 728 2514 relquescione
738 2433 1011 2516 iniustepaoiatur
1021 2435 1055 2498 in
1065 2433 1220 2518 futurum,

92 2541 165 2605 illas
184 2540 404 2624 possessiones
422 2561 501 2622 quas
517 2538 985 2624 legitimainquisicionefacta
1004 2541 1220 2607 suiiurisfore

92 2649 306 2732 reperiremus
341 2646 476 2710 reddere
502 2651 535 2710 et
568 2647 601 2710 iu
629 2669 721 2712 suum
750 2648 800 2712 ius
825 2653 1010 2713 restaurare
1045 2655 1078 2713 et
1104 2650 1220 2714 reinte-

95 2777 189 2837 grare
206 2755 425 2838 dignaremur,
442 2775 501 2818 nos
519 2804 525 2818 .
543 2804 550 2820 .
567 2755 710 2838 capitulo
728 2755 870 2819 eiusdem
896 2756 1029 2820 ecclesie
1045 2754 1223 2822 Nitriensis

93 2865 240 2928 dedimus
264 2865 299 2928 in
323 2861 485 2926 mandatis
508 2869 545 2926 ut
561 2861 656 2927 huius
673 2864 719 2926 rei
735 2865 905 2928 veritatem
921 2870 1019 2948 prout
1036 2865 1081 2928 eis
1097 2871 1224 2930 consta-

93 2981 145 3037 ret
159 2973 201 3038 ad
216 2971 408 3034 fidelitatem
429 2991 539 3034 eorum
564 2970 658 3035 nobis
683 2971 826 3036 debitam
843 2970 983 3038 fideliter
1006 2973 1223 3038 rescriberent

94 3083 248 3164 seriatim,
265 3079 353 3162 quod
370 3079 501 3162 quidem
524 3079 702 3162 capitulum
718 3079 810 3144 nobis
826 3081 991 3165 rescripsit
1006 3081 1039 3144 in
1055 3080 1142 3146 hunc
1158 3097 1231 3146 mo-'

95 3189 171 3254 dum
181 3215 188 3254 ε
200 3187 235 3274 (l.
246 3187 392 3268 fdntebb,
405 3191 454 3250 37.
466 3208 506 3251 sz.
523 3185 566 3273 a.)
577 3185 648 3252 Nos
664 3187 776 3270 itaque
788 3238 794 3251 .
806 3237 813 3252 .
823 3189 1065 3271 prenominatae
1075 3190 1227 3272 possessi-

95 3319 172 3364 ones
196 3297 277 3360 dioti
301 3295 449 3376 magistri
469 3294 579 3358 Deseu
596 3299 628 3358 et
640 3296 860 3379 proximorum
878 3317 1008 3360 suorum
1025 3317 1094 3360 esse
1111 3317 1226 3379 cogno·

95 3411 220 3471 scentes
236 3455 243 3469 .
261 3453 268 3468 .
286 3402 414 3468 easdem
432 3453 438 3467 .
456 3452 463 3466 .
479 3402 607 3486 prefato
633 3405 788 3486 magistro
813 3404 923 3469 Deseu
948 3409 981 3468 et
997 3405 1062 3468 suis
1079 3404 1225 3486 cognatis

97 3514 268 3579 antedictis
295 3511 486 3594 reliquimus
502 3560 509 3575 .
527 3560 534 3575 .
550 3510 675 3576 Datum
699 3533 758 3594 per
773 3533 887 3576 manus
903 3511 1034 3578 discreti
1050 3511 1110 3575 riri
1126 3513 1227 3594 magi-

96 3623 157 3686 stri
180 3619 327 3685 Ladislai
353 3615 508 3682 Albensis
534 3618 667 3682 ecclesie
692 3620 849 3702 prepositi
865 3620 939 3684 aule
955 3625 1065 3684 nostre
1081 3619 1227 3685 vicecan-

97 3729 219 3794 cellarii
235 3726 347 3792 dilecti
364 3731 397 3790 et
405 3723 512 3791 fidelis
528 3725 639 3808 nostri,
655 3745 740 3791 anno
751 3725 872 3792 domini
883 3727 937 3791 Μ0
953 3725 1056 3793 0000
1071 3729 1227 3811 vigesimo

96 3837 206 3919 tercio,
223 3833 365 3900 secundo
381 3855 483 3898 nonas
494 3831 648 3918 Augusti,
664 3835 756 3917 regni
773 3841 881 3900 autem
897 3836 1000 3900 nostri
1016 3856 1102 3900 anno
1118 3835 1229 3900 simili-

96 3951 151 4010 ter
164 3945 316 4028 vigesimo
332 3943 443 4008 tercio.
460 3940 710 4010 Venerabilibus
728 3993 734 4006 .
752 3992 759 4007 .
776 3941 872 4029 stb.*)

203 4091 289 4154 Sdrga
300 4089 328 4138 es
341 4087 404 4138 zela
420 4089 523 4152 selyem
536 4087 666 4138 zaindron
679 4088 790 4152 filggdtt
803 4087 923 4153 pecsttje
936 4089 1084 4152 elveszett3
1099 4089 1212 4154 eredetij

95 4195 129 4230 az
143 4195 207 4230 orsz.
220 4183 251 4230 lt.
264 4179 363 4229 kinost.
380 4179 447 4226 oszt.
463 4177 529 4242 dipl.
546 4177 601 4228 ltdr
615 4181 693 4228 2100.
707 4177 790 4242 Nagy
804 4177 894 4241 Gyula
907 4177 1101 4228 mdsolntrtbol.

205 4376 230 4439 *l
242 4377 273 4426 L.
287 4391 320 4425 aa
333 4375 451 4440 egyhaz·
461 4374 705 4439 tsorszdgnagyok
717 4375 812 4426 nevelt
821 4373 942 4425 fdnnebb
957 4379 997 4425 62.
1012 4390 1048 4424 aa.
1063 4376 1141 4424 alatt.
1157 4376 1232 4426 ezzel

98 4483 116 4518 a
129 4465 320 4520 hozztaddsssl
332 4483 338 4516 :
352 4463 467 4517 Nicolao
479 4469 552 4516 bano
565 4468 653 4516 tocius
668 4465 812 4515 Sclavonle
836 4466 937 4516 comite
951 4464 1139 4528 Supruuiensi.

585 4665 741 4676 ..αι-σω...-

1083 4695 1122 4762 6*
