3112 5466
541 473 636 534 1395.
652 489 711 534 1111
739 473 788 534 19.
1173 475 1237 534 205

102 651 178 714 (lare
196 656 232 714 et
248 657 443 734 perpetuare
459 655 618 715 teneatur.
634 649 759 714 Datum
776 651 808 713 in
825 649 990 732 Visagrad
1001 646 1094 734 (tgy),
1112 649 1237 714 decimo

102 757 152 821 die
168 758 302 822 termini
319 759 493 842 prenotati,
509 780 594 823 anno
611 758 732 824 domini
747 756 801 822 Μ0
819 755 919 822 0000
936 756 1027 820 XX⁰
1044 757 1167 839 quinto,

208 921 342 972 Zarlatan
354 920 447 986 pecstt
459 922 636 986 nyomaiva13
656 921 788 985 credetije
810 936 842 970 az
856 935 926 972 orez.
939 921 994 970 ltrtr
1007 920 1107 970 kincst.
1122 925 1188 972 oszt.
1202 922 1236 970 N.

101 1012 132 1060 R.
145 1011 177 1061 A.
196 1016 276 1062 1507.
293 1015 335 1062 12.
348 1011 415 1075 dipl.
430 1012 501 1062 Itur:
517 1015 595 1100 23121.
609 1011 707 1062 Koali:
722 1011 824 1062 Viucze
838 1010 938 1061 Gdbor.

590 1210 750 1219 —u--.-—...

106 1557 199 1620 1325.
225 1555 396 1640 Viseprcid,
419 1554 478 1638 jul.
497 1553 548 1615 19.
576 1552 751 1638 LKdroly
777 1553 889 1637 bircily
912 1577 933 1616 α
950 1554 1087 1616 turriani
1112 1557 1233 1638 (φάσκα

191 1673 337 1728 szcrzetet
353 1663 534 1726 batiociso'ri
548 1661 793 1745 belppriozszedb'
801 1661 920 1746 joppal
936 1661 1144 1745 rubcizzufel.

209 1821 358 1888 Karolus
375 1871 382 1886 .
399 1871 406 1886 .
422 1843 479 1887 rex
495 1871 502 1886 .
519 1871 526 1886 .
542 1823 698 1886 universis
714 1821 843 1906 populis
869 1828 935 1886 tam
955 1821 1120 1905 regalibus
1136 1843 1234 1904 quam

102 1931 261 1996 nobilium
272 1936 305 1995 et
316 1931 453 1996 aliorum
463 1931 694 2013 qualiscunque
711 1929 882 2014 dignitatis
893 1937 925 1995 et
936 1935 1041 1995 status
1057 1979 1064 1994 .
1081 1981 1088 1994 .
1105 1949 1234 2013 prosen-

102 2041 186 2104 cium
196 2039 434 2104 continenciam
447 2037 606 2103 audituris
617 2038 755 2103 salutern
771 2045 803 2102 et
820 2039 971 2122 graciam.
989 2037 1071 2104 011111
1087 2060 1145 2103 nos
1157 2039 1234 2102 veli-

102 2167 171 2211 mus
181 2151 215 2211 et
225 2166 266 2210 ex
278 2143 384 2211 officio
394 2145 486 2210 nobis
496 2143 695 2209 incumbenti
707 2149 873 2210 teneamur
883 2145 1107 2228 religiosarum
1123 2152 1157 2209 et
1173 2145 1232 2209 deo

102 2252 216 2318 devoto
243 2251 473 2318 famolancium
508 2273 718 2335 personarum
744 2253 958 2336 possessiones
982 2252 1069 2318 bona
1103 2259 1136 2318 et
1160 2253 1233 2316 iura

102 2361 252 2426 universa
266 2359 301 2424 in
317 2357 452 2443 pacifico
469 2364 501 2424 et
517 2357 627 2423 debito
653 2363 742 2424 statu
772 2359 967 2424 indemniter
992 2379 1182 2424 conservare
1199 2365 1232 2424 et

102 2470 186 2534 circa
202 2467 436 2534 monasterium
451 2468 556 2531 sancti
572 2465 740 2550 Lamperti
767 2467 806 2532 de
824 2467 959 2532 Turnus
983 2468 1097 2550 inquo
1114 2467 1232 2531 sancti-

102 2577 258 2642 moniales
274 2573 406 2641 Ohristo
421 2575 541 2658 iugiter
566 2573 767 2640 famulantur
785 2573 938 2640 fiduciam
954 2595 1107 2658 spemque
1122 2580 1232 2639 nostre

102 2685 215 2750 salutis
231 2705 381 2768 geramus
397 2683 579 2766 specialem,
595 2681 748 2748 fidelitati
773 2683 995 2748 universitatis
1022 2687 1126 2748 vestre
1142 2684 1231 2766 regio

103 2792 206 2858 edicto
233 2791 371 2858 firmiter
400 2792 595 2876 precipimus
620 2814 678 2876 per
703 2797 869 2876 presentes
903 2799 1063 2875 quatenus
1089 2789 1165 2858 (lum
1190 2792 1232 2856 ad

102 2900 204 2967 iorum
224 2901 303 2966 dicti
319 2901 507 2967 monasterii
523 2921 579 2964 seu
594 2901 739 2984 ipsarum
758 2902 1053 2968 sanctimonialium
1068 2901 1103 2965 in
1119 2897 1231 2966 eodem

103 3009 160 3104 deo
176 3010 412 3076 famulancium
429 3009 516 3094 quod
532 3009 666 3092 singulis
691 3011 813 3092 quintis
830 3009 918 3074 feriis
934 3009 968 3074 in
984 3009 1118 3092 singulis
1135 3008 1230 3073 ebdo-

102 3119 203 3184 madis
220 3119 304 3184 solet
320 3117 478 3184 celebrari
503 3119 726 3201 conveneritis,
750 3118 907 3183 tributum
925 3119 1026 3201 ipsius
1042 3118 1231 3182 monasterii

102 3227 142 3291 ab
157 3229 294 3310 antiquo
311 3233 497 3292 consuetum
513 3225 607 3290 dietis
624 3225 814 3291 dominabus
830 3227 880 3290 vel
906 3247 1017 3291 earum
1043 3229 1230 3308 procurato·

101 3335 188 3400 ribus
205 3336 328 3419 absque
345 3337 431 3402 omni
450 3335 658 3400 cavillacione
677 3335 880 3399 contumacia
901 3339 934 3399 et
957 3332 1071 3398 fraude
1099 3332 1230 3416 pacifice

102 3441 178 3508 dare
195 3451 228 3509 et
244 3444 367 3510 solvere
383 3444 528 3509 debeatis
544 3493 550 3508 .
567 3493 574 3507 .
591 3442 716 3506 Datum
740 3444 773 3506 in
795 3441 1005 3526 Wyssegrad,
1033 3441 1114 3504 seria
1138 3447 1230 3504 sexta

101 3553 247 3633 proxima
277 3559 351 3636 post
381 3551 498 3617 festum
531 3551 694 3615 divisionis
726 3547 970 3635 Apostolorum,
999 3570 1082 3614 anno
1108 3547 1230 3612 domini

101 3657 153 3723 Μο
169 3659 270 3727 0000
285 3662 437 3745 vigesimo
455 3661 577 3744 quinto.

206 3823 303 3874 Konth
317 3825 417 3874 Miklds
431 3825 518 3875 nudor
531 3823 752 3886 ltdletlereltbbt
775 3822 903 3887 melyuek
916 3819 1045 3885 credetije
1057 3835 1175 3885 megvan
1197 3833 1229 3870 aa

101 3926 168 3960 orsa.
189 3913 244 3962 lter
266 3913 367 3964 kincst.
390 3917 459 3966 oszt.
483 3915 557 3963 Mon.
571 3914 631 3963 Pos.
646 3917 687 3962 25.
703 3917 726 3962 2.
746 3913 812 3978 dipl.
835 3912 907 3962 ltar:
932 3916 1009 3962 2312.
1031 3911 1128 3960 szli:
1149 3910 1229 3974 Nagy

100 4003 198 4066 Gyula.

584 4149 742 4159 ..η--η--α
