3130 5470
343 547 410 610 424
698 561 886 608 nnrooncnr
903 548 1119 608 onnlsvrts.

343 744 431 827 quod
444 745 479 808 in
494 748 610 809 octava
626 742 700 808 festi
717 744 823 808 sancti
839 741 1012 808 Michaelis
1029 741 1219 825 archangeli
1234 762 1320 806 nuno
1333 747 1448 806 ventura

344 852 522 936 supradicti
537 851 661 916 nobiles
678 873 786 916 coram
802 851 932 916 homine
963 850 1085 916 domini
1110 851 1197 933 regis
1221 849 1263 915 ad
1287 849 1345 915 boo
1367 848 1446 932 depu-

346 966 418 1026 tato
434 967 583 1043 presente
599 963 709 1025 nostro
726 960 911 1025 testimonio
938 959 1104 1024 universas
1129 965 1233 1023 metas
1259 962 1291 1022 et
1305 957 1448 1022 limitaeio-

347 1089 404 1133 nes
420 1068 641 1152 predictarum
652 1069 890 1152 possessionum
901 1089 974 1133 cum
990 1069 1171 1132 iuramento
1182 1065 1447 1150 eorumdemprcnt

353 1197 422 1241 mos
442 1182 490 1240 est
505 1176 614 1240 iurare
632 1197 728 1258 super
744 1181 874 1254 terram,
889 1181 1063 1240 teneantur
1079 1175 1249 1240 ostendere
1273 1195 1412 1239 renovare
1425 1180 1448 1238 et

349 1289 556 1349 restaurare.
575 1334 581 1348 .
598 1283 724 1349 Datum
756 1285 791 1350 in
816 1290 930 1349 octava
946 1287 1127 1369 prenotata,
1144 1303 1229 1348 anno
1260 1281 1383 1347 Domini
1408 1279 1449 1344 bl⁰

348 1387 449 1456 0000
476 1389 568 1455 XX⁰
584 1413 678 1458 none.

454 1554 607 1620 Hdtlapjrln
619 1554 705 1605 kerek
717 1555 809 1620 pecse't
821 1555 982 1620 nyornaival
994 1573 1001 1622 ;
1016 1555 1145 1620 eredetije
1168 1569 1184 1604 a
1197 1555 1307 1618 Gorgey
1330 1567 1363 1602 ca
1391 1553 1451 1601 than.

352 1649 376 1696 2.
390 1648 433 1696 25.
446 1645 544 1697 Kdzli:
563 1647 727 1697 Kammerer
738 1646 822 1696 Ernd.

839 1807 992 1816 ..ῃ-...ια

882 2047 956 2108 370.

357 2208 450 2272 1329.
469 2229 543 2292 aug.
562 2209 613 2271 10.
631 2207 760 2272 Boraod
779 2212 946 2294 odrmcppe
962 2209 1135 2294 olispa'aja
1152 2208 1186 2271 e'a
1203 2205 1376 2270 birdto'rsei
1389 2203 1452 2266 biao-

353 2314 494 2398 nyr'tjdlr‚
520 2317 602 2402 bopy
626 2315 772 2400 Portitbfl
788 2316 897 2382 Jakab
929 2319 961 2380 da
988 2315 1104 2400 Eccepi
1129 2316 1236 2398 Folop
1251 2315 1305 2398 fia
1328 2309 1453 2378 Jolrobo

356 2422 529 2488 Kereszlttr
560 2424 740 2509 helyse'pbcz
773 2427 895 2490 tartozd
925 2425 1102 2490 birtoltre'sz
1137 2427 1292 2510 mecppdit
1321 2421 1451 2506 ineptati-

854 2534 978 2598 roztdlt.

463 2690 535 2758 Nos
550 2693 707 2776 magister
721 2691 880 2758 Nicolaus
894 2694 1070 2759 vicecomes
1085 2693 1235 2778 magistri
1255 2687 1408 2776 Wyllermi
1422 2685 1452 2749 de

355 2797 484 2864 Borsod
501 2805 534 2864 et
551 2807 693 2883 quatuor
708 2800 831 2865 iudices
847 2801 1005 2866 nobilium
1030 2801 1070 2865 de
1087 2800 1200 2867 eodem
1217 2850 1224 2866 .
1241 2851 1247 2864 .
1264 2796 1452 2882 significamus

355 2907 513 2973 universis
529 2957 536 2972 .
553 2958 559 2971 .
577 2909 664 2991 quod
678 2910 835 2992 magister
849 2906 875 2972 J
876 2907 995 2973 aeobus
1011 2907 1098 2974 filius
1114 2907 1238 2974 Ponith
1254 2929 1294 2972 ex
1307 2927 1367 2972 una
1380 2907 1454 2988 parte

358 3015 400 3082 ab
417 3016 522 3081 altera
537 3037 613 3084 vero
629 3015 655 3080 J
656 3017 775 3082 acobus
791 3015 877 3081 filius
893 3015 1040 3100 Philippi
1056 3017 1096 3081 de
1110 3017 1225 3101 theg
1235 3017 1269 3081 in
1285 3015 1381 3082 causis
1389 3013 1455 3076 inter

359 3147 413 3190 eos
428 3126 526 3190 motis
542 3127 592 3190 vel
608 3125 772 3190 movendis
788 3145 885 3208 super
895 3125 1035 3209 quadam
1046 3125 1210 3208 particula
1226 3131 1312 3189 terre
1326 3120 1457 3188 ventilata

360 3233 459 3298 luisse
477 3233 703 3300 dinoscebatur
720 3231 812 3318 (igy),
830 3235 986 3315 magister
996 3231 1021 3297 J
1023 3233 1142 3299 aoobus
1162 3232 1247 3298 filius
1263 3231 1380 3298 Ponith
1392 3227 1460 3294 exbi-

358 3343 431 3408 buit
442 3339 534 3407 nobis
550 3342 677 3406 litteras
693 3343 842 3424 magistri
851 3340 1026 3425 Wyllermi
1035 3341 1122 3405 huno
1132 3347 1276 3407 tenorem
1287 3339 1460 3406 continentes

357 3449 411 3535 (L.
428 3449 563 3516 fontebb
581 3455 654 3516 368.
671 3472 710 3515 sz.
728 3447 779 3535 a).
811 3448 881 3516 Nos
906 3451 1006 3534 igitur
1030 3451 1170 3533 receptis
1194 3450 1314 3514 litteris
1337 3444 1460 3530 magistri

357 3556 523 3623 Willermi
540 3558 661 3624 domini
677 3559 779 3624 nostri
795 3559 961 3642 prenotati
987 3579 1128 3623 unacum
1142 3557 1273 3622 homine
1288 3552 1458 3622 venerabilis

358 3667 494 3752 capituli
509 3665 680 3750 Agriensis
695 3665 787 3731 Belre
804 3667 971 3733 sacerdote
997 3667 1037 3731 de
1061 3665 1169 3731 Finlra
1194 3687 1233 3731 ac
1257 3665 1461 3732 vicearchidia-

367 3797 447 3842 cono
480 3774 519 3839 de
545 3773 673 3840 Borsod
697 3775 854 3858 magistro
886 3773 1025 3840 Nicolao
1051 3774 1231 3840 vicecomiti
1248 3773 1288 3838 de
1304 3772 1421 3841 Borsod
1439 3777 1461 3834 et

366 3891 507 3970 quatuor
521 3883 680 3948 iudicibus
696 3883 854 3949 nobilium
870 3883 910 3948 de
926 3885 1037 3950 eodem
1053 3884 1192 3950 termino
1208 3883 1393 3948 adveniente
1408 3899 1463 3945 cum

359 3995 514 4078 magistro
530 3992 556 4058 J
557 3992 659 4058 acobo
675 3991 741 4058 filio
757 3991 881 4058 Ponith
892 3998 925 4058 et
940 3991 965 4057 J
968 3993 1068 4058 accbo
1077 3992 1144 4057 filio
1160 3991 1309 4076 Philippi
1325 3987 1463 4076 prenotati

361 4101 544 4168 accedendo
561 4099 603 4165 ad
629 4098 745 4166 faciem
770 4101 916 4184 predicte
941 4107 1027 4166 terre
1051 4101 1205 4184 magister
1228 4098 1254 4164 J
1256 4098 1374 4166 acobus
1397 4096 1465 4162 filius

358 4208 482 4277 Ponith
498 4213 600 4273 metas
617 4208 658 4273 ab
674 4210 808 4292 antiquo
834 4208 991 4274 formatas
1008 4231 1118 4275 coram
1133 4209 1226 4274 nobis
1242 4206 1429 4274 ostendendo
1442 4207 1465 4267 et

361 4341 433 4382 cum
448 4319 667 4382 iuramentum
683 4338 775 4381 suum
791 4317 968 4382 secundum
984 4318 1078 4401 regni
1093 4317 1355 4382 consvetudinem
1369 4333 1464 4400 appio

360 4427 473 4492 batam
489 4425 649 4510 deponere
665 4447 723 4490 seu
746 4427 856 4490 iurare
880 4425 1034 4492 voluisset
1059 4424 1085 4489 J
1086 4426 1205 4492 acobus
1230 4423 1319 4491 filius
1343 4417 1464 4505 Philippi

365 4534 521 4600 antedicti
538 4535 621 4599 scita
637 4541 670 4598 et
686 4535 818 4617 cognita
842 4537 890 4599 rei
905 4535 1044 4600 veritate
1060 4535 1100 4601 de
1115 4535 1282 4619 premissis
1306 4534 1463 4618 peripsum

362 4638 387 4705 J
389 4641 527 4707 aeobum
543 4641 646 4707 filium
663 4641 785 4707 Ponith
801 4643 993 4707 existentem
1018 4664 1056 4708 ac
1082 4644 1182 4708 eciam
1207 4664 1266 4725 per
1283 4638 1463 4708 reformatio

361 4770 434 4814 nem
449 4748 606 4818 nobilium
622 4751 764 4816 virorum
776 4751 831 4837 qui
851 4752 1016 4818 nobiseum
1033 4751 1170 4818 aderant
1184 4751 1220 4818 in
1236 4750 1320 4818 facie
1337 4749 1460 4838 predicta
