3154 5474
541 499 635 560 1331.
651 511 719 560 suri.
739 500 766 558 7.

602 891 677 954 462.

78 1057 169 1121 1331.
194 1057 364 1142 Viscpruid,
371 1056 437 1142 jud.
456 1058 485 1120 7.
502 1055 566 1121 Pa'l
583 1055 770 1140 orszcipbiro'
785 1081 806 1122 o
817 1057 1073 1143 Napis-Seupc'ai
1091 1059 1206 1124 Ldealo'

77 1167 193 1230 re'szc'rc
227 1167 312 1250 jdrd
350 1165 462 1250 biracip
501 1165 724 1250 arrcpyizetdae'ae
757 1164 883 1230 Sza'lcela'
923 1163 1051 1254 Oac‘pciu
1072 1167 1206 1251 ficiculo

290 1273 487 1339 Lol-incanui
504 1276 538 1338 c's
556 1271 726 1339 Geletboelc
743 1275 920 1340 bolcsztcist
936 1276 988 1341 od.

183 1433 255 1502 Nos
272 1455 378 1501 conces
402 1433 527 1500 Paulus
546 1433 643 1500 iudex
671 1436 756 1500 curie
774 1487 780 1500 .
798 1485 805 1500 .
837 1435 950 1501 damus
965 1458 1026 1520 pro
1042 1438 1204 1518 memoria,

79 1545 162 1626 quod
178 1541 332 1609 Andreas
347 1541 433 1608 filius
448 1541 617 1608 Benedicti
643 1563 702 1626 pro
721 1541 876 1608 Ladislao
893 1542 960 1609 filio
977 1542 1150 1610 Michaelis
1167 1544 1206 1609 de

78 1651 151 1737 Nog
182 1649 322 1736 Semyen
338 1701 369 1717 ..
401 1653 435 1717 in
467 1651 588 1717 octavis
620 1649 692 1716 festi
717 1648 907 1716 Nativitatis
937 1651 1024 1717 beati
1043 1650 1207 1716 «Iohannis

78 1759 276 1844 Baptista..
301 1758 456 1825 accedens
473 1810 503 1824 ..
535 1762 649 1825 contra
673 1757 891 1824 Laurencium
920 1765 953 1824 et
976 1756 1096 1826 Geleth
1121 1757 1205 1825 filios

80 1867 224 1952 Chepani
265 1867 304 1933 de
340 1867 446 1932 Zekul
477 1866 634 1950 quasdam
651 1918 682 1932 ..
721 1867 880 1933 literas..
920 1889 1018 1934 unam
1058 1868 1206 1951 magistri

79 1976 197 2044 Jacobi
222 1975 282 2041 filii
299 1976 391 2042 Petm'
408 1977 606 2043 vicecomitis
615 1977 763 2060 magistri
779 1973 805 2041 J
806 1976 900 2042 acobi
916 1975 974 2040 filii
984 1975 1096 2042 Douse
1106 1998 1207 2060 quon·

83 2084 152 2150 dam
168 2084 305 2169 palatini
322 2085 449 2150 comitis
465 2084 504 2150 de
521 2083 668 2151 Zoboloh
684 2091 717 2150 et
735 2083 878 2150 iudicum
891 2085 1049 2150 nobilium
1066 2137 1072 2150 .
1090 2135 1097 2151 .
1123 2106 1207 2150 com·

82 2193 298 2276 posicionales,
316 2199 348 2257 et
372 2191 543 2258 secundam
567 2193 701 2277 capituli
718 2193 849 2258 ecclesie
867 2191 1091 2258 Waradiensis
1115 2193 1208 2260 nobis

82 2301 293 2385 presentavit,
325 2302 359 2365 in
390 2321 527 2384 quarum
560 2300 725 2366 tenoribus
755 2301 892 2366 vidimus
923 2302 1090 2384 contineri,
1120 2300 1209 2385 quod

85 2411 155 2494 quia
170 2409 290 2492 prefati
306 2407 507 2474 Laurencius
523 2413 556 2473 et
579 2406 699 2475 Geleth
715 2407 757 2473 ad
772 2407 1024 2474 confirmandam
1050 2410 1207 2492 composi-

83 2519 201 2584 cionem
218 2538 317 2601 quam
341 2517 375 2581 in
391 2515 476 2583 lacto
492 2518 730 2601 possessionum
756 2538 887 2583 suarum
912 2516 1031 2584 Scekul
1056 2522 1088 2583 et
1112 2515 1207 2604 July-

81 2627 187 2711 teluky
202 2630 392 2692 vocatarum
418 2626 519 2691 eidem
536 2625 690 2692 Ladislao
710 2633 742 2692 et
758 2627 829 2692 aliis
845 2627 986 2713 quinque
1011 2627 1158 2712 personis
1173 2627 1206 2692 in

81 2735 298 2801 concambium
323 2735 532 2820 possessionis
548 2734 617 2820 Bys
633 2739 744 2801 vocate
769 2734 961 2801 collatarum
987 2757 1025 2800 ac
1049 2735 1205 2800 cassacio-

80 2865 147 2908 nem
171 2842 375 2927 quarundam
406 2841 573 2908 literarum
607 2843 806 2910 iudicialium
839 2849 872 2910 ct
903 2844 1080 2910 causalium
1111 2865 1208 2928 super

81 2951 250 3017 homicidio
282 2950 449 3016 cuiusdam
479 2951 661 3035 iobagionis
686 2951 711 3017 J
713 2953 849 3018 ohannis
879 2953 1007 3018 nomine
1037 2951 1097 3017 filii
1113 2953 1207 3020 Pauli

80 3059 295 3125 confectarum
330 3079 368 3124 ac
396 3059 532 3125 aliorum
565 3059 778 3125 articulorum
794 3109 825 3124 ..
857 3059 1074 3126 mediantibus
1105 3061 1207 3126 literis

79 3167 151 3232 dicti
162 3169 298 3252 capituli
309 3167 534 3232 Waradiensis
544 3167 624 3233 seria
635 3173 725 3234 sexta
740 3220 747 3233 .
764 3219 770 3233 .
796 3173 870 3233 ante
881 3175 1010 3234 octavas
1025 3167 1100 3234 festi
1110 3168 1206 3234 Nati-

80 3275 183 3341 vitatis
197 3277 333 3359 virginis
364 3275 504 3359 gloriose
531 3297 617 3341 nunc
631 3278 803 3360 preteritas
827 3277 981 3343 roborare
1012 3277 1208 3358 debuissent,

79 3383 108 3446 in
137 3383 319 3468 predictum
352 3383 529 3468 capitulum
555 3383 706 3450 accedere
730 3407 795 3450 non
824 3389 1000 3468 curassent,
1031 3385 1104 3451 ideo
1128 3409 1208 3452 onus

79 3497 161 3558 sexte
199 3492 303 3577 partis
341 3493 563 3575 gravaminum
596 3493 709 3576 viginti
749 3495 891 3578 quinque
929 3514 1110 3559 marcarum
1151 3493 1207 3559 fini

81 3603 204 3684 argenti
230 3605 372 3686 quatuor
397 3620 521 3666 marcas
539 3609 570 3665 et
586 3607 659 3667 octo
675 3603 821 3686 pondera
836 3602 955 3668 faciens
981 3603 1084 3668 eidem
1109 3602 1207 3667 Ladi-

83 3707 144 3774 slao
160 3761 167 3775 .
184 3761 191 3774 .
218 3710 342 3776 solvere
368 3709 488 3774 debens
507 3710 599 3775 iuxta
616 3731 727 3776 eorum
744 3713 955 3797 spontaneam
972 3711 1206 3793 obligacionem

83 3818 281 3900 incurissent,
306 3817 347 3882 de
372 3817 489 3901 quibus
508 3817 592 3883 idem
620 3816 819 3885 Andreas..
852 3820 1098 3903 congruenciam
1115 3821 1207 3884 satis·

81 3925 226 3991 sancionis
257 3925 387 4010 preberi
418 3924 626 4010 postulabat3
666 3948 801 4010 quarum
837 3925 1005 3992 literamm
1022 3977 1052 3992 ..
1084 3927 1206 3992 visis..

80 4035 283 4100 continenciis
299 4035 376 4118 quia
390 4032 416 4098 J
418 4035 559 4100 ohannes
574 4033 661 4100 filius
678 4032 835 4100 Gabriani
851 4057 911 4119 pro
928 4033 1047 4099 eisdem
1063 4033 1207 4099 Lauren-

83 4143 126 4206 cio
142 4148 174 4208 et
186 4141 310 4209 Geletlr
327 4193 358 4208 ..
390 4144 423 4208 iu
434 4144 633 4208 contrarium
650 4141 811 4208 dictarum
830 4142 1000 4208 literarum
1015 4143 1049 4207 in
1065 4142 1155 4208 nullo
1171 4165 1204 4208 sc

32 4333 34 4346 ,
81 4250 277 4317 obiecturum
295 4250 481 4317 affirmabat
505 4253 673 4335 ipsamque
689 4254 812 4316 sextam
836 4251 1020 4334 porcionem
1045 4249 1207 4316 dictorum

32 4349 35 4416 l
80 4360 317 4439 gravaminum.
335 4409 342 4424 .
373 4359 417 4425 ad
443 4380 574 4443 presens
598 4381 663 4424 non
679 4379 771 4443 posse
787 4358 910 4424 solvere
926 4359 1091 4425 asserebat
1106 4358 1180 4424 sed.
1198 4410 1205 4424 .

79 4465 259 4532 ulteriorem
275 4467 472 4532 terminum.
489 4517 496 4532 .
522 4466 713 4551 postulabat
737 4467 906 4550 assignari,
931 4465 1026 4532 ideo.
1043 4516 1050 4531 .
1078 4467 1207 4532 commi·

35 4607 36 4634 i
79 4575 168 4640 simus
188 4576 277 4660 quod
303 4575 503 4659 prelibati..
535 4575 594 4640 filii
621 4574 767 4660 Ohepani
786 4627 817 4640 ..
849 4580 992 4660 quatuor
1024 4596 1148 4640 marcas
1174 4581 1206 4641 et

82 4687 146 4748 octo
162 4683 309 4771 pondera
324 4685 385 4771 ipsi
411 4683 564 4750 Ludislao
581 4683 648 4749 filio
673 4683 845 4750 Michaelis
871 4691 904 4750 et
930 4691 1003 4750 octo
1028 4704 1152 4750 marcas
1168 4706 1206 4752 ac
