3132 5470
329 443 393 502 368
681 455 870 504 surounom
886 445 1102 506 onulurrln.

326 619 428 702 ipsius
444 618 652 702 possessionis
668 618 819 684 videlicet
850 618 1090 706 quinquaginta
1113 637 1240 682 marcas
1267 620 1443 699 prenotatas

327 727 396 810 ipse
411 727 566 811 magister
581 727 707 794 Paulus
733 727 867 793 reddere
883 733 917 794 ct
932 729 1105 794 restituere
1120 727 1284 792 tenebitur
1300 725 1444 806 magistro

328 832 467 900 Nicolao
483 835 671 919 supradicto
688 887 695 900 .
712 886 719 902 .
735 835 862 902 Datum
876 857 936 921 per
951 857 1066 902 manus
1083 834 1215 900 discreti
1231 835 1294 898 riri
1309 830 1444 915 magistri

328 942 422 1008 Petri
447 943 578 1010 lectoris
603 945 738 1010 ecclesie
753 952 872 1029 nostre,
899 944 1035 1010 sabbato
1069 944 1216 1028 proximo
1242 945 1318 1026 post
1342 938 1446 1004 festum

329 1050 423 1116 beate
440 1050 652 1133 Margarethe
668 1054 809 1138 virginis,
841 1075 925 1118 anno
942 1053 984 1118 ab
1000 1053 1227 1118 incarnacione
1245 1049 1363 1116 domini
1378 1047 1444 1112 Mil·

329 1159 441 1226 lesimo
455 1161 678 1226 trecentesimo
694 1161 846 1244 vigesimo
863 1167 985 1228 octavo.

438 1323 535 1388 Fbggd
548 1325 654 1388 pecstte
667 1324 800 1388 hitnyzik
814 1341 820 1388 ;
834 1324 964 1388 credetije
976 1339 1008 1374 aa
1023 1339 1091 1374 orsz.
1106 1323 1161 1374 ltdr
1174 1323 1275 1374 kinost.
1296 1325 1360 1371 oszt.
1382 1320 1447 1369 lion.

330 1413 390 1463 Pes.
406 1417 448 1466 62.
462 1417 486 1462 4.
500 1413 567 1476 dipl.
581 1414 613 1463 lt.
628 1417 705 1465 2504.
720 1413 800 1464 Kozli
812 1431 818 1464 :
832 1415 933 1465 Vineae
947 1413 1047 1464 (labor.
1118 1463 1122 1474 ,

818 1578 976 1586 ..α-...μ-

863 1812 937 1872 330.

336 1977 431 2040 1328.
446 1974 504 2060 jul.
522 1975 574 2038 23.
592 1973 618 2036 I.
636 1971 761 2058 Ka'mlp
777 1973 888 2058 ktrtly
905 1971 1002 2034 Elias
1017 1971 1207 2036 sipontinae
1225 1969 1451 2052 Pc'trrſsur'ual·

334 2083 557 2148 tepescebant
584 2081 744 2147 Mtkcnct
769 2083 802 2144 c's
827 2080 981 2146 Jako‘nak
1008 2083 1088 2144 aiut
1113 2079 1334 2158 bittlenckrrelc,
1357 2089 1448 2142 iisszcs

443 2191 643 2255 birtolcoa'kat
663 2190 782 2254 Tameia
799 2190 922 2275 errle'lyi
936 2189 1106 2275 vojddcab
1122 2190 1370 2275 adomciayozza.

443 2353 591 2420 Karolus
609 2404 616 2418 .
632 2403 639 2417 .
655 2373 737 2418 rex..
753 2403 760 2417 .
776 2351 819 2418 ad
843 2353 1027 2418 universam
1051 2353 1207 2418 noticiam
1230 2352 1377 2417 volumus
1391 2370 1453 2435 per-

336 2464 453 2547 venire,
480 2461 568 2546 quod
585 2483 657 2527 cum
673 2461 890 2527 Leustaohius
905 2461 1025 2545 Mykus
1041 2467 1074 2526 et
1089 2461 1201 2528 Jalrou
1220 2460 1282 2526 filii
1297 2459 1389 2525 Petri
1403 2457 1454 2522 filii

336 2571 419 2656 Elye
435 2573 555 2636 notorii
571 2571 674 2636 nostri
689 2569 836 2635 infideles
851 2571 904 2634 via
919 2568 1087 2635 fidelitatis
1112 2569 1206 2636 nobis
1222 2575 1256 2634 et
1272 2589 1364 2634 sacre
1377 2566 1454 2648 regie

337 2701 453 2744 corone
469 2683 579 2744 nostre
596 2677 706 2743 debita
722 2676 911 2742 divertendo
927 2675 1161 2760 spirituinflati
1178 2674 1330 2760 superbie
1348 2675 1455 2739 damna

335 2785 464 2851 infinita
479 2791 513 2851 et
527 2787 663 2852 iniurias
683 2786 881 2869 multiplices
896 2787 930 2850 in
940 2784 1219 2850 destruccionibus
1228 2784 1455 2870 possessionum

336 2893 481 2959 fidelium
496 2899 682 2961 nostrorum
708 2893 986 2960 confraccionibus
1011 2899 1044 2958 et
1069 2893 1340 2959 conbuscionibus
1365 2891 1454 2957 eccle-

336 3003 458 3068 siarum
472 3001 643 3068 viduarum
660 3007 692 3067 et
710 3003 870 3086 virgiuum
887 3002 1009 3067 crebris
1036 2999 1313 3068 denudacionibus
1337 2997 1457 3066 interle-

338 3109 503 3176 coionibus
513 3132 630 3176 corone
640 3112 729 3195 regie
739 3111 930 3177 devotorum
940 3117 974 3176 et
984 3111 1231 3196 quampluribus
1241 3111 1315 3176 aliis
1325 3109 1457 3194 nephan-

337 3219 388 3284 dis
403 3218 603 3286 leccionibus
620 3241 682 3304 que
698 3225 832 3305 propter
848 3221 898 3286 sui
914 3219 1138 3304 pluralitatem
1154 3219 1361 3304 presentibus
1370 3215 1457 3282 inseri

337 3327 422 3393 foret
446 3326 606 3393 tediosum
630 3328 665 3392 in
689 3327 920 3394 contumeliam
945 3332 1054 3393 nostre
1079 3327 1261 3393 maiestatis
1288 3331 1457 3410 aggregato

339 3435 401 3501 sibi
417 3456 549 3501 suorum
564 3435 757 3520 complicum
772 3435 941 3501 hominum
956 3435 1107 3500 videlicet
1117 3433 1246 3502 Mathei
1262 3434 1303 3499 de
1320 3432 1457 3499 Triucbi-

340 3545 394 3610 nio
412 3543 576 3628 quondam
591 3542 730 3610 infidelis
746 3545 848 3610 nostri
864 3551 897 3609 et
913 3545 1005 3628 regni
1030 3545 1134 3609 nostri
1149 3542 1303 3627 predonis
1319 3542 1459 3626 pestilen-

339 3652 383 3716 tis
401 3658 531 3718 caterua
547 3651 727 3716 damnabili
741 3651 964 3735 presumcione
990 3651 1083 3716 nobis
1109 3651 1255 3734 irrogare
1281 3671 1347 3716 non
1362 3647 1459 3716 torni·

341 3759 473 3825 dassent
488 3781 553 3825 non
578 3759 783 3825 attendentes
808 3759 896 3843 quod
920 3759 976 3842 qui
1000 3759 1144 3824 naturali
1168 3759 1299 3824 domiuo
1324 3757 1460 3824 resistere

341 3868 520 3933 moliuntur
535 3867 651 3934 divinis
667 3868 935 3952 disposicionibus
960 3865 1130 3934 manifeste
1154 3867 1306 3933 ridentur
1333 3869 1460 3945 ebriare,

342 3997 401 4043 nos
427 3977 484 4060 qui
509 3975 552 4042 ad
577 3976 754 4042 uindictam
778 3977 940 4043 malorum
965 3983 997 4042 et
1028 3976 1070 4042 ad
1096 3976 1286 4043 extollenda
1311 3977 1460 4042 iustorum

342 4085 501 4169 preconia
512 4085 613 4168 gladii
629 4087 811 4172 accepimus
836 4108 856 4151 a
887 4085 1016 4151 domino
1047 4089 1243 4170 potestatem
1269 4085 1461 4152 consideran·

343 4200 393 4260 tes
408 4193 497 4278 quod
512 4195 597 4261 sicut
611 4195 713 4260 virtus
729 4196 851 4280 premio
868 4200 902 4260 et
916 4193 1059 4260 fidelitas
1075 4196 1352 4262 remuneracionis
1375 4194 1460 4260 bene

343 4301 417 4370 ficio
433 4323 544 4370 carere
559 4325 624 4370 non
641 4301 738 4370 debet
754 4304 800 4370 sic
814 4325 874 4388 per
890 4303 1083 4388 condignam
1097 4304 1218 4388 regalis
1235 4305 1396 4370 sentencie
1404 4302 1460 4368 rin·

344 4411 467 4477 dictam
496 4411 743 4478 malefactorum
773 4413 951 4479 insolencia
986 4412 1083 4478 debet
1109 4411 1264 4497 edomari,
1289 4405 1460 4478 huiusmodi

344 4519 480 4585 iniurias
497 4525 530 4585 et
554 4526 682 4587 atroces
707 4517 845 4587 offensas
869 4519 1115 4587 conniventibus
1140 4522 1242 4588 oculis
1267 4521 1386 4586 multas
1400 4539 1461 4603 per

346 4629 487 4696 transire
502 4651 567 4696 uon
583 4631 727 4696 valentes
744 4631 828 4696 sicut
844 4652 903 4696 nec
920 4629 1130 4696 debemusne
1157 4631 1256 4696 ceteri
1283 4650 1416 4713 nequam
1433 4626 1460 4689 in
