3132 5470
532 461 625 526 1327.
647 479 721 526 nun.
739 460 791 526 30.

640 861 714 924 282.

106 1023 200 1086 1327.
218 1023 379 1109 Pozsouy,
395 1047 469 1108 cup.
486 1025 538 1087 30.
557 1023 677 1088 Milclo's
689 1026 848 1110 pozsoapi
863 1025 1022 1110 kopitciay
1033 1029 1065 1090 c‘s
1082 1051 1102 1090 a
1121 1025 1234 1090 caolld·

105 1131 179 1194 rozi
195 1130 411 1194 adoaraolcolc
428 1131 565 1216 ispa‘aja
590 1155 611 1194 a
628 1131 727 1194 torosi
742 1131 953 1196 udoaruokok
977 1134 1101 1196 rtsza‘re
1118 1133 1239 1196 boton-u

149 1237 316 1326 boldfo'ld
330 1240 430 1320 irritat,
442 1239 553 1324 melyct
564 1238 665 1324 Szopi
681 1239 814 1303 Paralia
831 1239 989 1326 elfoplalt,
999 1241 1112 1306 itc'lctet
1127 1241 1193 1304 boz.

217 1397 289 1466 Nos
304 1400 461 1483 magister
481 1397 638 1464 Nicolans
655 1399 844 1484 capitaneus
860 1398 1068 1466 Posoniensis
1088 1407 1121 1466 et
1133 1421 1238 1466 comes

105 1509 331 1574 universorum
347 1507 599 1574 uduornicorum
615 1508 654 1574 de
686 1506 867 1575 Ohollokuz
884 1559 891 1574 .
909 1559 916 1574 .
936 1507 1154 1594 significamus
1169 1510 1239 1573 uni·

106 1619 207 1682 versis
224 1617 311 1701 quod
336 1638 409 1682 cum
435 1617 726 1682 excellentissimus
752 1619 902 1702 princeps
927 1618 1076 1684 dominus
1091 1617 1238 1683 Karolus
1288 1685 1292 1690 ,

106 1747 164 1792 rex
189 1726 364 1811 Hungarie
391 1725 539 1792 dominus
563 1733 674 1792 noster
700 1728 769 1792 suis
795 1727 914 1793 litteris
939 1727 1031 1793 nobis
1048 1727 1189 1792 dedisset
1204 1726 1239 1791 in

108 1835 271 1919 preceptis
287 1840 324 1899 ut
339 1835 506 1899 universos
538 1833 794 1901 condicionarios
820 1857 894 1902 suos
920 1835 962 1902 ad
987 1841 1130 1902 castrum
1145 1857 1238 1901 suum

106 1943 307 2010 Posoniense
322 1943 523 2027 pertinentes
549 1943 645 2008 simul
662 1965 735 2009 cum
761 1945 858 2010 terris
884 1967 994 2011 eorum
1025 1947 1239 2028 requirerent

106 2053 312 2136 recaptivare
344 2051 519 2118 debeamus
552 2058 585 2117 et
610 2052 660 2117 his
686 2053 800 2119 diebus
825 2077 845 2119 a
870 2054 1071 2140 temporibus
1087 2052 1237 2118 videlicet

106 2161 188 2226 feria
204 2160 347 2226 secunda
378 2167 451 2244 post
467 2167 597 2226 octavas
613 2161 824 2228 Pentecostes
849 2163 1035 2246 generalem
1061 2182 1236 2246 congrega·

107 2269 234 2334 cionem
260 2270 457 2335 clamacione
482 2267 656 2354 prehabito
671 2271 705 2335 in
721 2271 800 2336 villa
826 2268 946 2337 Sancte
971 2271 1079 2336 Marie
1095 2291 1180 2335 anno
1203 2270 1237 2334 in

105 2379 250 2461 presenti
261 2377 519 2460 celebrassemus,
530 2379 565 2442 in
575 2378 687 2444 eadem
697 2380 952 2462 congregacione
967 2385 1081 2445 nostra
1096 2378 1238 2442 universi

104 2487 274 2552 uduornici
299 2485 339 2550 de
364 2485 442 2550 villa
468 2485 576 2556 Toroh
602 2485 645 2551 ad
670 2493 815 2552 nostram
842 2488 1008 2554 venientes
1035 2485 1237 2572 presenciam

106 2594 261 2660 dixerunt
287 2592 374 2676 quod
398 2591 568 2658 Pamlinus
593 2595 711 2660 nobilis
736 2595 901 2678 quondam
926 2595 965 2660 de
991 2593 1064 2678 Zop
1081 2593 1121 2658 de
1137 2593 1233 2658 terris

106 2725 222 2768 eorum
237 2703 375 2786 propriis
391 2703 562 2785 sexaginta
578 2703 690 2787 iugera
705 2703 850 2769 indebite
861 2711 893 2769 et
903 2705 972 2770 sine
988 2703 1075 2768 omni
1092 2699 1234 2768 evidenti

106 2813 238 2878 racione
270 2811 457 2876 abstulisset
489 2817 522 2875 et
552 2813 617 2876 iam
649 2812 770 2877 dudum
802 2812 979 2878 Ladizlaus
1010 2810 1178 2877 Dionisius
1204 2815 1237 2874 et

105 2919 228 2985 Petrus
243 2919 302 2985 filii
319 2919 461 2984 eiusdem
477 2917 619 2985 Pamlini
635 2922 739 3005 ipsam
754 2927 876 2988 terram
897 2917 1048 2987 Emeiico
1079 2919 1235 3004 Philippo

105 3029 197 3094 Erue
223 3028 381 3094 Ladizlao
399 3033 432 3092 et
448 3026 474 3093 J
475 3029 575 3095 acobo
592 3027 668 3094 filiis
684 3027 710 3094 J
710 3029 804 3096 acobi
820 3029 879 3096 filii
895 3029 1045 3096 Becklrez
1061 3051 1121 3114 pro
1131 3035 1236 3094 morte

104 3139 251 3204 eiusdem
276 3137 301 3203 J
303 3137 396 3203 aoobi
421 3137 585 3204 dedissent
600 3145 633 3204 et
658 3139 895 3224 assignassent3
922 3139 1039 3222 quibus
1065 3135 1171 3202 verbis
1188 3137 1234 3200 sic

104 3237 284 3332 propositis
311 3246 353 3311 ad
378 3247 571 3330 peticionem
597 3247 784 3312 eorumdem
809 3247 1057 3312 uduornicorum
1074 3245 1113 3310 de
1130 3243 1239 3309 Torch

104 3357 236 3420 litteras
252 3361 380 3420 nostras
397 3355 541 3437 capitulo
558 3354 749 3420 Posoniensi
766 3355 1003 3420 transmisimus
1035 3359 1072 3418 nt
1091 3373 1163 3417 eum
1179 3351 1204 3417 J
1206 3373 1238 3416 o·

103 3463 215 3528 hanne
231 3461 346 3527 Fodur
361 3463 490 3527 homine
506 3467 616 3528 nostro
634 3468 667 3528 et
683 3461 774 3526 Belo
790 3463 920 3529 homine
937 3467 1078 3546 quatuor
1093 3459 1238 3524 iudicum

104 3571 267 3636 nobilium
283 3570 325 3635 ad
341 3570 611 3636 reambulandum
627 3577 660 3635 et
675 3571 906 3655 recapiendum
921 3571 1026 3653 ipsam
1041 3575 1163 3634 terram
1179 3566 1238 3630 ho-

104 3681 227 3744 minem
243 3681 387 3763 ipsorum
404 3680 540 3744 mittant
555 3677 770 3762 fidedignam3
787 3685 862 3762 post
878 3679 938 3743 hec
953 3679 987 3742 in
1003 3677 1122 3770 litteris
1132 3676 1238 3759 ipsius

104 3788 242 3872 capituli
261 3809 342 3870 quas
358 3787 450 3852 nobis
467 3809 564 3872 super
587 3787 750 3869 premissis
775 3787 986 3870 rescripserat
1001 3781 1148 3872 [vidimus
1165 3804 1238 3848 con·

102 3897 202 3962 tineri
220 3897 278 3961 tali
294 3896 400 3980 modo,
412 3896 499 3979 quod
515 3896 592 3961 lieet
607 3895 705 3960 iidem
715 3893 775 3959 filii
791 3895 816 3958 J
817 3894 911 3959 acobi
921 3895 1082 3959 hominem
1094 3890 1237 3956 eiusdem
1253 3919 1255 3924 ·

102 4005 242 4089 capituli
268 4010 302 4068 et
326 4002 512 4069 Johannom
537 4003 650 4070 Fodor
675 4025 714 4068 ac
739 4003 901 4068 hominem
918 4001 1062 4067 iudicum
1078 3998 1254 4092 nobilium.
1301 4055 1304 4061 .

100 4113 289 4198 predictum
315 4113 419 4196 ipsam
445 4118 566 4177 terram
597 4111 803 4177 reambulare
834 4111 1056 4194 permisissent
1081 4116 1191 4173 tamen
1219 4128 1239 4171 a

102 4222 290 4287 statucione
307 4226 340 4285 et
355 4221 606 4305 perpetuatione
622 4219 865 4305 prohibuissent
882 4227 914 4285 et
930 4217 1114 4284 huiusmodi
1131 4217 1238 4301 prohi-

102 4331 234 4397 bicione
244 4329 333 4394 lacta
348 4329 497 4412 partibus
513 4330 547 4394 in
563 4331 701 4395 termino
711 4330 857 4413 legitimo
875 4349 984 4394 coram
1000 4328 1093 4393 nobis
1110 4334 1143 4391 et
1160 4348 1238 4409 qua·

101 4447 180 4505 tuor
195 4437 360 4502 iudicibus
375 4437 534 4503 nobilium
551 4431 815 4522 comparentibus
826 4443 859 4502 et
875 4437 989 4502 audita
1006 4436 1137 4502 accione
1154 4435 1238 4518 ipso·

100 4569 174 4613 rum
191 4547 360 4612 hominum
377 4545 417 4610 de
435 4545 544 4612 Toreh
560 4546 646 4611 idem
661 4544 721 4611 filii
737 4543 762 4609 J
764 4544 858 4610 aoobi
874 4566 971 4628 super
986 4545 1134 4629 predicta
1150 4549 1238 4608 terra

101 4657 281 4740 sexaginta
311 4654 461 4736 iugerum
489 4675 523 4718 se
541 4653 692 4719 dixerunt
718 4651 838 4717 habere
863 4653 992 4717 litteras
1018 4657 1051 4716 et
1068 4649 1176 4716 valida
1192 4650 1238 4714 iu·
