3154 5474
573 473 669 540 1331.
686 490 755 539 occ.
775 476 825 538 12.

658 871 734 937 478.

133 1035 228 1098 1331.
255 1033 450 1119 Eszterpom,
476 1045 532 1100 ort.
559 1037 609 1100 12.
635 1031 684 1099 Aa
709 1038 894 1120 eazterpomi
924 1037 1014 1101 e'rueb
1044 1036 1209 1122 helyettese
1240 1059 1262 1099 o

134 1142 239 1208 veredi
263 1145 380 1231 epytaz
396 1143 534 1229 kepyrtri
546 1147 623 1229 jopa
640 1145 821 1230 tdrpyciban
848 1168 885 1208 cz
902 1144 990 1209 ittera
1005 1143 1127 1229 solebat
1143 1143 1262 1210 obleve-

454 1250 519 1315 leia
533 1250 787 1334 felmutotciecira
802 1255 949 1338 clasity'a.

237 1409 272 1477 N
273 1433 309 1478 cs
318 1413 471 1497 magister
486 1410 607 1478 Petrus
622 1411 871 1480 archidiaconus
887 1411 927 1478 de
944 1410 1087 1480 Sombon
1104 1411 1144 1478 de
1161 1411 1261 1477 eccle-

134 1521 183 1586 sia
213 1517 370 1606 Agriensi
405 1520 564 1604 generalis
598 1521 782 1587 vicarius..
814 1519 997 1589 Ohanadini
1029 1519 1261 1604 archiepiscopi

133 1628 366 1714 Strigoniensis
396 1631 603 1716 eiusdemque
632 1633 697 1699 loci
732 1633 856 1698 comitis
881 1633 1030 1718 perpetui
1062 1631 1176 1698 damus
1201 1651 1261 1716 pro

132 1740 296 1822 memoria,
322 1739 407 1822 quod
433 1761 505 1806 cum
525 1739 617 1806 iuxta
642 1739 779 1807 formam
802 1741 971 1807 literarum
996 1740 1144 1825 magistri
1167 1738 1262 1805 Petri

130 1848 275 1914 cantoris
299 1847 461 1914 Budensis
478 1847 615 1916 condam
630 1847 788 1916 auditoris
804 1868 974 1916 causarum
990 1869 1048 1934 per
1068 1847 1205 1914 eundem
1230 1896 1260 1914 ..

133 1955 411 2041 archiepiscopum
435 1955 585 2041 deputati
608 1958 763 2042 magister
778 1956 901 2024 Paulus
919 1956 1165 2024 archidiaconus
1181 1955 1261 2022 Wa-

133 2065 248 2132 ciensis
265 2068 298 2130 et
314 2063 475 2150 Georgius
491 2063 592 2131 frater
608 2065 751 2132 eiusdem
775 2067 853 2132 item
863 2065 983 2132 Petrus
998 2063 1084 2132 filius
1100 2061 1261 2150 Stephani

127 2171 185 2240 filii
202 2171 341 2239 Henohe
357 2171 499 2240 Thomas
516 2177 549 2238 et
564 2173 701 2240 Henche
720 2171 779 2240 filii
798 2173 824 2240 J
825 2173 959 2240 ohannis
970 2171 1030 2240 lilii
1046 2173 1205 2259 Stephani
1221 2173 1260 2240 de

128 2279 253 2347 Wereb
263 2301 303 2347 ac
312 2279 499 2348 Demetrius
509 2281 657 2348 sacerdos
667 2281 707 2348 de
717 2283 827 2348 eadem
854 2286 967 2349 contra
976 2279 1149 2349 Nicolaum
1158 2279 1260 2347 filium

126 2388 292 2456 Korrardi
307 2391 341 2455 in
357 2391 478 2456 octavis
503 2391 591 2458 beati
613 2389 786 2474 Michaelis
802 2390 989 2475 archangeli
1004 2391 1055 2456 vel
1071 2389 1113 2456 ad
1129 2411 1261 2456 concor·-

129 2496 217 2562 diam
232 2497 432 2563 recitandam
449 2496 500 2564 vel
515 2499 558 2564 ad
573 2497 803 2583 peremtoriam
818 2498 1060 2583 responsionem
1078 2495 1259 2563 faciendam

128 2625 239 2670 coram
250 2605 343 2671 nobis
360 2626 545 2689 comparere
562 2605 755 2690 debuissent,
772 2627 836 2692 quo
846 2605 982 2672 termino
993 2604 1181 2672 adveniente
1197 2625 1258 2688 pro

132 2709 604 2796 ipsoNicolaofilioKorrardi
616 2713 1007 2781 Thomafratreeiusdem
1033 2711 1072 2779 ab
1082 2733 1147 2778 una
1156 2717 1257 2797 parte,

126 2841 165 2885 ex
182 2820 288 2887 altera
302 2842 377 2887 vero
386 2825 480 2907 parte
489 2820 591 2890 Petro
607 2820 675 2888 filio
686 2820 844 2908 Stephani
853 2844 913 2908 pro
929 2843 963 2888 se
973 2827 1088 2889 etcum
1103 2821 1257 2905 legitimis

125 2930 360 3014 procuratoriis
384 2952 444 3014 pro
467 2929 602 3015 prelatis
631 2931 795 2998 nobilibus
819 2952 929 2998 coram
953 2931 1047 2997 nobis
1073 2930 1257 2997 constitutis

125 3036 272 3120 prelatus
289 3037 432 3104 Thomas
448 3060 508 3122 pro
525 3035 637 3104 ecdem
652 3037 686 3103 N
688 3039 791 3106 icolao
807 3038 909 3106 fratre
926 3061 982 3106 suo
999 3088 1031 3106 ..
1057 3043 1171 3106 contra
1186 3060 1258 3123 pre·

125 3144 249 3210 dictum
274 3143 411 3212 Petrum
437 3152 470 3212 et
495 3144 619 3213 nobiles
635 3153 831 3214 memoratos
856 3147 1026 3233 proposuit
1040 3147 1074 3213 in
1089 3145 1175 3213 hunc
1190 3167 1257 3214 mo·

124 3253 212 3337 dum,
230 3254 317 3338 quod
332 3254 417 3320 idem
433 3253 590 3322 Nicolaus
605 3255 639 3321 in
657 3255 793 3323 ecclesia
809 3256 849 3322 de
865 3255 978 3323 eadem
993 3253 1116 3322 Wereb
1131 3255 1256 3340 porcio·

122 3383 198 3428 nem
227 3363 358 3428 racione
389 3367 585 3447 patronatus
617 3369 743 3431 tantam
774 3364 895 3431 habere
926 3364 1147 3433 dinosceretur
1172 3365 1256 3430 sicut

124 3493 209 3537 unus
226 3492 264 3535 ex
280 3469 442 3536 nobilibus
458 3471 662 3557 supradictis,
679 3473 736 3556 qui
753 3473 883 3556 quidem
899 3473 1024 3540 nobiles
1040 3495 1060 3540 a
1075 3471 1255 3539 festivitate

120 3577 455 3646 Assumcicnisbeate
466 3580 599 3665 virginis
610 3581 699 3647 cuius
718 3582 784 3646 iam
804 3585 895 3648 sexta
911 3581 1073 3648 revolucio
1090 3579 1255 3647 transivis-

123 3694 299 3771 satusque
323 3709 411 3754 nunc
435 3689 645 3773 proventibus
671 3689 815 3756 eiusdem
840 3691 974 3756 ecclesie
998 3689 1038 3754 de
1054 3688 1178 3754 Wereb
1204 3687 1254 3754 usi

117 3795 256 3861 luissent
272 3795 306 3860 in
323 3816 416 3861 suum
432 3795 645 3880 preiudicium
662 3802 695 3862 et
711 3796 850 3863 eundem
862 3797 902 3862 de
912 3800 1091 3882 patronatu
1107 3794 1252 3862 eiusdem

117 3903 338 3988 exclusissent,
366 3904 497 3989 insuper
522 3905 555 3970 in
587 3907 682 3988 prato
708 3909 741 3970 et
771 3903 845 3970 feno
875 3905 910 3970 in
941 3903 1141 3988 possessione
1172 3903 1253 3969 eius·

117 4009 193 4076 dem
212 4031 273 4094 per
296 4011 485 4097 peregrinos
510 4011 552 4078 ad
578 4012 746 4078 ecclesiam
772 4011 908 4079 eandem
924 4009 1119 4079 confluentes
1138 4011 1254 4097 viginti

116 4139 304 4184 marcarum
322 4119 475 4186 damnum
490 4120 576 4186 idern
591 4119 750 4188 Nicolaus
766 4119 951 4203 habuisset;
967 4141 985 4186 e
1005 4141 1157 4190 converso
1181 4140 1252 4204 pre·

114 4225 187 4292 fato
203 4223 305 4294 Petro
322 4228 364 4294 ad
382 4229 541 4313 premissa
565 4228 784 4315 respondente
809 4229 896 4313 quod
921 4250 941 4294 a
965 4233 1113 4313 tempore
1139 4228 1252 4313 proavi

116 4337 267 4420 ipsorum
283 4356 302 4400 a
316 4341 452 4422 protavo
478 4337 617 4423 predicti
642 4337 771 4404 Nicolai
786 4359 846 4423 per
861 4339 1049 4406 divisionem
1074 4359 1250 4422 congruam

112 4443 256 4510 fuissent
272 4445 413 4529 separati
428 4446 462 4511 in
478 4445 735 4531 possessionibus
752 4445 927 4514 eorundem
943 4450 977 4514 et
992 4445 1078 4514 facta
1094 4444 1250 4513 divisione

111 4553 149 4620 in
175 4553 376 4636 possessione
401 4555 547 4640 porcioni
572 4555 717 4641 ipsorum
742 4555 869 4622 cedenti
894 4557 999 4640 ipsam
1025 4555 1192 4622 ecclesiam
1208 4553 1248 4620 de

114 4659 242 4728 Wereb
260 4663 515 4732 construxissent
531 4667 563 4731 et
579 4663 759 4732 sicnullam
769 4663 803 4730 in
814 4663 926 4732 eadem
940 4663 1076 4733 haberet
1091 4662 1249 4732 Nicolaus
