3240 5460
672 481 862 529 sssoonoru
878 469 1094 529 onntrrrln.

854 703 906 764 27.
971 711 1018 738 ·'

314 833 409 897 1322.
432 829 609 912 Temeeodr,
618 829 684 915 jot.
702 831 753 894 13.
780 828 808 893 I.
825 828 952 915 Kdroly
968 829 1079 916 atraty
1094 853 1116 894 a
1132 829 1239 895 Jonas
1246 829 1299 912 fla
1315 826 1450 893 Sdmael

314 941 418 1006 tezen
435 963 491 1026 epp
507 939 638 1019 reezrdl,
654 941 726 1002 mdo
746 938 866 1004 rtezrdl
884 939 984 1024 pedip
999 937 1111 1003 Deae
1126 939 1232 1002 reddor
1248 941 1280 1003 e'e
1296 938 1448 1023 Lampert

314 1049 500 1134 orszdpbiro'
516 1049 618 1112 lcdzbtt
635 1045 807 1133 Gyo'npyb's
825 1050 857 1111 es
874 1047 966 1132 eppei)
983 1047 1129 1111 ttrrokok
1145 1045 1446 1133 miartjbne‘orpotr

310 1158 396 1220 vitris
415 1155 536 1240 ttpyhen
552 1155 657 1239 alclcdp
673 1154 741 1235 etet,
764 1157 847 1242 boqy
871 1154 1132 1219 acclaimed-esa
1149 1180 1188 1220 az
1204 1155 1332 1219 erintett
1354 1155 1447 1219 dirto-

312 1264 425 1330 kostel
442 1262 577 1327 Sdrnael
592 1263 642 1328 lcc't
653 1263 786 1345 fidnak,
810 1286 832 1326 a
843 1263 1054 1350 fdntmoradt
1069 1267 1138 1328 rear
1149 1263 1249 1348 pedip
1265 1287 1304 1328 az
1321 1267 1446 1350 creatiq-

618 1371 757 1435 btro'aalr
776 1375 809 1435 de
829 1371 1002 1435 no‘dornalc
1010 1373 1141 1454 jassen.

420 1511 570 1578 Karolus
587 1562 618 1578 ..
643 1533 699 1578 rex
716 1562 723 1577 .
740 1562 748 1592 .,
782 1512 925 1596 capitulo
964 1509 1118 1597 Agriensi
1135 1563 1165 1578 ..
1192 1513 1279 1598 quod
1310 1535 1384 1579 cum
1414 1515 1447 1578 in

312 1621 483 1707 quindenis
499 1621 540 1687 ab
556 1621 799 1687 introduccione
815 1621 953 1686 hominis
972 1623 1120 1706 magistri
1146 1621 1315 1706 Lamperti
1331 1623 1446 1688 iudicis

312 1733 401 1798 curie
416 1735 526 1797 nostre
542 1737 575 1796 et
599 1729 710 1796 Dause
736 1731 873 1814 paletini
897 1733 930 1796 in
956 1732 1126 1816 porciones
1151 1733 1388 1816 possessionum
1412 1733 1445 1796 in

312 1839 496 1926 Gyunghus
529 1845 562 1905 et
592 1841 625 1904 in
652 1841 724 1904 aliis
756 1840 955 1924 quibuslibet
981 1840 1234 1924 possessionibus
1260 1838 1445 1906 Samuelem

310 1931 413 2014 filiurn
423 1946 449 2013 J
451 1949 588 2014 ohannis
600 1949 806 2032 attingentes,
816 1949 967 2040 videlicet
977 1950 1010 2014 in
1020 1951 1143 2014 octavis
1159 1949 1340 2014 nativitatis
1356 1948 1446 2014 beati

311 2056 336 2122 J
338 2056 475 2122 ohannis
491 2053 651 2142 Baptista
668 2055 711 2120 ad
731 2076 812 2139 quas
837 2057 961 2121 scilicet
988 2057 1168 2140 quindenas
1192 2055 1445 2122 introduccionis

312 2171 488 2231 memorate
503 2214 534 2230 ..
558 2165 643 2230 idem
669 2162 801 2230 Samuel
826 2165 859 2229 in
891 2165 996 2231 tribus
1021 2165 1098 2230 foris
1130 2165 1445 2248 conprovincialibus

310 2280 443 2341 vocatus
459 2275 619 2340 amonitus
636 2279 669 2339 et
684 2273 812 2356 publice
829 2273 1056 2359 proclamatus,
1082 2279 1118 2339 ut
1135 2297 1231 2359 super
1247 2275 1395 2341 omnibus
1412 2281 1445 2342 et

311 2383 545 2468 multiplicibus
560 2383 689 2448 iudiciis
705 2381 822 2466 quibus
838 2387 952 2448 contra
969 2383 1098 2449 eosdem
1122 2388 1191 2448 tam
1216 2405 1312 2466 super
1337 2385 1445 2450 exclu-

310 2494 399 2558 sione
423 2492 598 2576 potenciali
623 2489 811 2557 officialium
839 2491 1026 2557 eorumdem
1050 2493 1199 2575 magistri
1223 2490 1394 2576 Lamperti
1410 2498 1444 2556 et

309 2599 399 2667 Dese
416 2601 553 2684 paletini
570 2622 609 2666 ac
624 2599 762 2665 hominis
778 2600 881 2664 nostri
897 2605 931 2664 et
939 2601 1037 2665 vestri
1047 2601 1223 2664 testimonii
1240 2601 1332 2665 iuxta
1351 2601 1444 2684 regni

309 2710 429 2775 bonam
446 2708 709 2775 consuetudinem
735 2707 983 2789 procedencium
1007 2710 1040 2774 in
1065 2710 1281 2792 possessiones
1299 2708 1444 2774 eiusdem

311 2819 471 2886 Samuelis
495 2819 575 2884 iuris
600 2819 713 2884 ordine
733 2815 904 2883 observato
928 2818 1188 2884 introductorum
1213 2819 1312 2882 semel
1338 2823 1371 2883 et
1395 2839 1445 2884 se·

311 2926 415 2992 cundo
432 2927 610 3010 commissa,
626 2948 665 2992 ae
681 2927 904 2992 omissionibus
920 2927 1130 2991 terminorum
1147 2925 1263 3010 quibus
1279 2926 1446 2993 debuisset

310 3055 494 3118 conparere,
511 3040 544 3100 et
560 3035 632 3100 aliis
650 3036 859 3101 contumaciis
875 3057 931 3100 seu
946 3033 1175 3099 rebellionibus
1195 3032 1312 3118 quibus
1327 3055 1445 3118 parere

309 3145 373 3209 iuri
387 3145 551 3210 recusauit
566 3193 572 3208 .
590 3194 597 3210 .
614 3145 777 3210 convictus
803 3145 920 3227 extitit,
945 3145 1029 3210 sicut
1053 3144 1178 3226 plenius
1203 3145 1237 3208 in
1252 3145 1371 3209 litteris
1386 3164 1445 3210 no-

309 3253 384 3317 stris
401 3253 490 3335 prius
505 3251 595 3318 robis
612 3253 742 3318 directis
758 3255 850 3319 iuxta
866 3274 1003 3337 quarum
1023 3258 1166 3318 tenorem
1190 3251 1284 3318 nobis
1309 3251 1444 3336 superii-

310 3360 438 3424 cialiter
452 3361 661 3443 rescripsistis
678 3361 913 3445 continebatur,
929 3361 963 3426 in
979 3361 1082 3425 nostri
1101 3361 1267 3442 presencia
1291 3360 1446 3426 redderet

308 3469 480 3552 racionem,
496 3473 609 3534 eontra
626 3469 754 3535 eosdem
770 3520 778 3535 .
794 3519 801 3534 .
818 3469 982 3535 debuisset
997 3489 1191 3552 comparere,
1216 3469 1299 3534 siout
1323 3470 1358 3533 in
1383 3469 1444 3534 eia-

309 3575 383 3640 dem
398 3575 516 3641 litteris
532 3579 646 3642 vestris
663 3584 696 3643 et
714 3579 833 3644 litteris
858 3577 994 3662 capituli
1018 3575 1245 3642 Waradiensis
1269 3577 1444 3643 ridebatur

309 3684 476 3768 contineri,
507 3690 540 3750 et
571 3685 705 3750 tandem
729 3687 808 3770 ipsis
833 3685 1004 3770 quindenis
1028 3684 1280 3750 introduccionis
1296 3735 1303 3749 .
1321 3735 1328 3751 .
1345 3685 1443 3750 adre-

307 3791 480 3877 nientibus,
505 3795 592 3859 inter
623 3794 750 3860 eosdem
781 3795 904 3860 scilicet
929 3793 1120 3878 magistrum
1144 3792 1357 3876 Lampertum
1381 3815 1443 3877 pro

309 3924 372 3986 quo
388 3903 543 3986 magister
558 3901 716 3968 Nicolaus
731 3904 876 3970 notarius
902 3903 969 3968 eius
985 3924 1059 3969 cum
1074 3902 1193 3968 litteris
1208 3905 1444 3986 procuratoriis

308 4010 450 4077 eiusdem
466 4012 586 4077 domini
603 4015 652 4078 sni
668 4013 849 4096 comparuit
868 4016 900 4076 et
915 4011 1061 4078 Dausam
1086 4013 1267 4096 palatinum
1290 4033 1350 4096 pro
1375 4033 1442 4096 quo

307 4121 462 4203 magister
476 4119 648 4186 Johannes
662 4120 748 4186 filius
772 4119 997 4186 Bartholomei
1022 4123 1162 4186 serviens
1187 4143 1263 4186 suus
1289 4142 1362 4186 cum
1387 4121 1443 4187 lit-

307 4229 385 4294 teris
409 4231 640 4312 procuratoriis
656 4229 807 4295 -eiusdem
839 4230 953 4314 astitit,
978 4251 1016 4295 ao
1040 4230 1222 4314 predictum
1255 4228 1442 4296 Samuelem

307 4337 520 4419 personaliter
536 4344 784 4421 comparentem,
808 4358 865 4422 per
880 4338 1018 4403 barones
1033 4339 1126 4422 regni
1142 4339 1244 4403 nostri
1261 4343 1294 4402 et
1312 4337 1441 4404 nobiles

307 4443 419 4508 taliter
434 4442 547 4509 fuisset
562 4444 741 4511 iudicatum
757 4450 789 4510 et
809 4443 952 4512 finaliter
977 4446 1237 4530 determinatum,
1263 4445 1351 4530 quod
1366 4452 1440 4513 tum

306 4572 365 4634 pro
381 4553 536 4618 universis
550 4553 678 4620 iudiciis
695 4561 729 4619 et
743 4554 973 4620 rebellionibus
997 4554 1139 4620 eiusdem
1164 4553 1324 4621 Samuelis
1339 4576 1441 4639 supra

306 4660 503 4746 generaliter
529 4663 627 4728 tactis
654 4668 687 4728 et
704 4663 738 4727 in
755 4661 901 4727 omnibus
925 4663 1044 4729 litteris
1069 4663 1111 4730 ab
1137 4665 1261 4751 origine
1279 4664 1438 4734 mocionis
