3152 5472
481 413 483 420 ,
546 445 641 506 1332.
658 463 732 506 uov.
752 446 802 508 30.
1174 449 1238 512 629

107 643 196 704 vano,
212 621 367 687 Ladislao
384 619 608 706 Zagrabiensi‚
623 622 782 688 Meskone
798 621 967 708 Nitriensi,
986 621 1123 692 Andrea
1137 625 1239 695 Vara-

108 729 217 813 diensi,
244 727 419 813 Rodolpho
436 728 604 795 Waciensi
630 735 663 795 et
687 729 826 797 Nicolao
850 728 1006 815 Agriensi
1032 733 1239 802 ecclesiarum

106 837 271 922 episcopis,
302 836 483 919 magnificis
508 837 684 904 baronibus
717 837 870 904 Johanne
894 840 1039 923 palatino
1070 848 1104 906 et
1133 843 1238 910 iudice

106 965 321 1027 cumanorum,
362 945 530 1010 Demetrio
570 947 728 1030 magistro
763 947 1001 1013 tavernicorum
1042 955 1237 1034 nostrorum,

106 1051 230 1118 Thema
245 1053 397 1138 woyroda
413 1053 650 1138 Transeilvano,
675 1054 797 1140 Mykch
821 1055 907 1121 bano
933 1057 1037 1122 tocius
1057 1055 1236 1142 Sclavonie,

105 1160 209 1226 Paulo
226 1160 331 1227 iudice
348 1161 435 1227 curie
450 1167 569 1246 nostre,
586 1162 612 1229 J
613 1163 738 1228 ohanne
747 1163 832 1230 bano
849 1164 888 1230 de
897 1163 1055 1250 Machor,
1071 1164 1237 1252 Stephano

105 1289 278 1351 agasonum
296 1274 329 1334 et
344 1269 492 1335 Dionisio
508 1270 728 1355 dapiferorum
744 1275 929 1338 nostrorum
944 1274 1117 1358 magistris,
1141 1273 1238 1342 Nico·

104 1377 155 1443 lao
173 1379 291 1442 comite
306 1376 497 1444 Posonieusi
512 1385 546 1443 et
562 1379 635 1444 aliis
653 1379 897 1464 quampluribus
917 1381 1009 1462 regni
1029 1383 1131 1448 nostri
1142 1385 1237 1451 conri-

104 1491 189 1550 latus
207 1484 394 1550 tenentibus
411 1491 443 1550 et
458 1486 604 1552 honores.

210 1650 379 1701 Veros-zdld
392 1651 497 1715 eelyem
516 1650 647 1701 asinoron
660 1650 775 1716 fuggctt
797 1652 917 1719 peccetje
931 1657 1081 1720 elveszett3
1104 1655 1239 1722 eredetije

105 1753 225 1803 megvan
247 1754 280 1790 az
305 1755 374 1791 orsa.
396 1740 452 1791 lter
464 1741 564 1791 kinost.
579 1744 646 1790 oszt.
669 1741 702 1790 N.
722 1741 799 1792 aa,
816 1746 892 1793 1535.
915 1747 957 1793 11.
979 1743 1046 1808 dipl.
1070 1743 1143 1796 lter:
1159 1748 1225 1794 2331

104 1830 203 1881 Kozli:
224 1830 304 1896 Nagy
318 1829 416 1896 Gyula.

595 2009 751 2020 ..un—..u-

636 2247 709 2310 537.

106 2413 201 2476 1332.
227 2435 298 2476 nov.
325 2411 377 2475 30.
409 2409 561 2496 Zemple'o
592 2415 761 2495 ocirmepye
792 2408 966 2495 olicpa'aja
996 2415 1028 2476 e‘e
1060 2411 1239 2476 birotdraai

103 2519 216 2584 llichlc
243 2519 306 2584 hdo
331 2519 480 2583 telmeczc'
496 2515 691 2602 jobbdpyac't
710 2517 811 2602 Bolyc'
830 2516 948 2582 dealo'
963 2519 1058 2583 elleac'
1081 2518 1238 2604 apyoklcel

363 2628 493 2711 Drapct
511 2626 618 2690 Jooos
635 2627 741 2690 reddor
757 2627 803 2691 clc‘
817 2627 985 2712 atocily'cilc.

214 2785 285 2854 Nos
300 2787 455 2870 magister
470 2783 546 2853 God
562 2785 628 2851 vice
644 2783 670 2850 J
672 2784 807 2852 ohannis
825 2785 962 2872 palatini
972 2806 1078 2852 comes
1094 2787 1134 2852 de
1144 2786 1238 2852 Zem-

101 2901 155 2966 len
174 2903 208 2963 et
224 2900 365 2980 quatuor
379 2894 501 2960 iudices
517 2899 712 2961 servientum
729 2893 767 2958 de
785 2893 897 2961 eodem
913 2893 1027 2960 damus
1052 2916 1111 2978 pro
1122 2917 1238 2961 memo-

101 3009 164 3088 ria,
190 3005 280 3090 quod
316 3025 389 3070 cum
421 3003 596 3068 secundum
628 3005 863 3069 continenciam
894 3006 1041 3087 priorum
1070 3005 1241 3070 literarum

100 3120 290 3182 nostrarum
321 3111 556 3178 memorialium
581 3111 663 3176 feria
688 3111 827 3178 secunda
851 3112 998 3196 proxima
1023 3118 1097 3196 post
1120 3111 1240 3180 festum

100 3225 198 3290 beate
215 3220 375 3286 Katarine
400 3219 533 3303 virginis
558 3219 670 3304 populi
687 3218 726 3284 (16
750 3217 910 3285 Helmeoh
935 3220 1122 3305 iobagiones
1146 3221 1239 3290 Mich

100 3331 181 3398 bani
198 3334 311 3395 contra
326 3327 517 3396 Ladizlaum
531 3326 634 3392 filium
649 3325 780 3394 Nicolai
799 3328 838 3393 de
863 3328 938 3394 Boli
963 3329 997 3393 in
1023 3328 1125 3396 forma
1149 3333 1240 3414 pacis

101 3459 213 3506 coram
228 3437 322 3503 nobie
339 3458 523 3521 comparere
539 3436 708 3520 debebant,
723 3437 794 3521 ipso
810 3437 948 3502 termino
968 3437 1156 3503 adveniente
1167 3459 1238 3523 par-

101 3555 152 3614 tes
170 3549 425 3630 comparuerunt
441 3551 473 3610 et
488 3545 602 3629 populi
627 3565 702 3610 vero
727 3544 865 3628 predicti
890 3545 1105 3611 exhibuerunt
1128 3546 1239 3612 literas

102 3655 228 3722 domini
245 3653 271 3720 J
272 3653 408 3719 ohannis
422 3654 561 3738 palatini
577 3654 612 3718 in
627 3654 714 3719 hunc
732 3659 885 3736 tenorem,
902 3652 990 3738 quod
1016 3673 1143 3719 caueam
1168 3675 1239 3738 pre·

103 3765 226 3832 dictam
242 3783 308 3827 non
328 3763 541 3828 indicaremus
562 3767 595 3828 et
605 3762 647 3828 ad
657 3763 757 3846 ipsius
767 3761 964 3845 presenciam
974 3780 1239 3844 prorogaremus3

103 3894 164 3939 nos
184 3891 260 3936 vero
280 3869 431 3954 perlectis
457 3876 489 3936 et
507 3869 681 3936 intellectis
707 3870 809 3934 literis
835 3869 956 3934 domini
973 3867 1136 3934 Johanuis
1151 3869 1240 3954 pala-

104 3981 167 4046 tini
183 3981 270 4044 iuter
285 3985 396 4064 partes
412 3979 575 4064 predictas
601 3999 730 4043 causam
754 3998 819 4043 non
843 3977 1022 4042 iudicamus
1047 3975 1103 4042 sed
1119 3978 1240 4062 absque

103 4088 293 4174 gravamine
303 4087 418 4152 iudicis
434 4107 646 4170 prorogamus
664 4085 706 4151 ad
723 4091 851 4151 octavae
867 4083 1020 4168 Epifanie
1036 4083 1240 4170 dominipro·

103 4199 190 4262 xime
205 4203 359 4262 venturas
375 4195 418 4261 ad
433 4197 632 4280 presenciam
649 4194 771 4260 domini
788 4193 813 4260 J
815 4193 950 4260 ohannis
966 4193 1103 4277 palatini
1130 4215 1239 4278 perso-

102 4305 211 4372 nalem
227 4305 269 4370 ad
284 4305 510 4388 peremtoriam
526 4303 765 4386 responsoriam
791 4299 874 4388 (igy)
899 4301 1089 4367 faciendam.
1114 4299 1239 4368 Datum

103 4413 247 4480 termino
263 4419 445 4498 prenotato,
461 4435 546 4480 anno
563 4413 684 4478 domini
701 4412 755 4477 Μ0
772 4409 872 4478 000ο
887 4409 1018 4476 XXX⁰
1035 4410 1184 4477 secundo.

214 4575 346 4628 Zdrlatan
360 4577 412 4627 het
423 4576 517 4642 peccet
530 4576 733 4643 tdreddkeive13
752 4574 883 4638 credetiJ'e
901 4591 918 4625 a
930 4575 964 4626 N.
978 4574 1172 4626 Muceumbau.

593 4757 643 4764 —w-
660 4757 752 4766 ---.-ι
