<?xml version="1.0" encoding="UTF-8"?>
<!DOCTYPE html PUBLIC "-//W3C//DTD XHTML 1.0 Transitional//EN"
    "http://www.w3.org/TR/xhtml1/DTD/xhtml1-transitional.dtd">
<html xmlns="http://www.w3.org/1999/xhtml" xml:lang="en" lang="en">
 <head>
  <title>
</title>
<meta http-equiv="Content-Type" content="text/html;charset=utf-8" />
  <meta name='ocr-system' content='tesseract 3.04.00' />
  <meta name='ocr-capabilities' content='ocr_page ocr_carea ocr_par ocr_line ocrx_word'/>
</head>
<body>
  <div class='ocr_page' id='page_1' title='image "./codexdiplomatic01nagygoog_0372.png"; bbox 0 0 3132 5470; ppageno 0'>
   <div class='ocr_carea' id='block_1_1' title="bbox 534 469 1233 532">
    <p class='ocr_par' dir='ltr' id='par_1_1' title="bbox 534 469 1233 532">
     <span class='ocr_line' id='line_1_1' title="bbox 534 469 1233 532; baseline 0.001 -1"><span class='ocrx_word' id='word_1_1' title='bbox 534 470 628 531; x_wconf 76' lang='lat'>1328.</span> <span class='ocrx_word' id='word_1_2' title='bbox 654 487 756 532; x_wconf 74' lang='lat' dir='ltr'>staur.</span> <span class='ocrx_word' id='word_1_3' title='bbox 773 469 826 530; x_wconf 79' lang='lat'>23.</span> <span class='ocrx_word' id='word_1_4' title='bbox 1169 470 1233 532; x_wconf 80' lang='lat'>355</span> 
     </span>
    </p>
   </div>
   <div class='ocr_carea' id='block_1_2' title="bbox 19 646 1234 3769">
    <p class='ocr_par' dir='ltr' id='par_1_2' title="bbox 19 646 1234 3769">
     <span class='ocr_line' id='line_1_2' title="bbox 102 646 1232 734; baseline -0.001 -20"><span class='ocrx_word' id='word_1_5' title='bbox 102 670 140 714; x_wconf 87' lang='lat' dir='ltr'>eo</span> <span class='ocrx_word' id='word_1_6' title='bbox 154 670 217 734; x_wconf 91' lang='lat' dir='ltr'>pro</span> <span class='ocrx_word' id='word_1_7' title='bbox 244 648 477 714; x_wconf 85' lang='lat' dir='ltr'>reformacione</span> <span class='ocrx_word' id='word_1_8' title='bbox 501 647 590 731; x_wconf 82' lang='lat' dir='ltr'>pacis</span> <span class='ocrx_word' id='word_1_9' title='bbox 617 647 651 711; x_wconf 94' lang='lat' dir='ltr'>in</span> <span class='ocrx_word' id='word_1_10' title='bbox 676 667 776 729; x_wconf 83' lang='lat' dir='ltr'>regno</span> <span class='ocrx_word' id='word_1_11' title='bbox 800 646 940 730; x_wconf 76' lang='lat' dir='ltr'>predicti</span> <span class='ocrx_word' id='word_1_12' title='bbox 966 648 1071 732; x_wconf 89' lang='lat' dir='ltr'>patris</span> <span class='ocrx_word' id='word_1_13' title='bbox 1087 647 1232 731; x_wconf 89' lang='lat' dir='ltr'>ipsorum</span> 
     </span>
     <span class='ocr_line' id='line_1_3' title="bbox 19 754 1234 840; baseline -0.001 -18"><span class='ocrx_word' id='word_1_14' title='bbox 19 805 23 814; x_wconf 87' lang='lat'>.</span> <span class='ocrx_word' id='word_1_15' title='bbox 102 757 246 822; x_wconf 82' lang='lat' dir='ltr'>serviciis</span> <span class='ocrx_word' id='word_1_16' title='bbox 261 755 381 822; x_wconf 81' lang='lat' dir='ltr'>favoris</span> <span class='ocrx_word' id='word_1_17' title='bbox 404 756 507 821; x_wconf 88' lang='lat' dir='ltr'>nostri</span> <span class='ocrx_word' id='word_1_18' title='bbox 524 760 557 819; x_wconf 90' lang='lat' dir='ltr'>et</span> <span class='ocrx_word' id='word_1_19' title='bbox 572 754 681 838; x_wconf 82' lang='lat' dir='ltr'>gracie</span> <span class='ocrx_word' id='word_1_20' title='bbox 706 754 910 837; x_wconf 82' lang='lat' dir='ltr'>plenitudine</span> <span class='ocrx_word' id='word_1_21' title='bbox 934 756 1085 840; x_wconf 85' lang='lat' dir='ltr'>prosequi</span> <span class='ocrx_word' id='word_1_22' title='bbox 1109 761 1142 820; x_wconf 87' lang='lat' dir='ltr'>et</span> <span class='ocrx_word' id='word_1_23' title='bbox 1167 778 1234 822; x_wconf 88' lang='lat' dir='ltr'>am-</span> 
     </span>
     <span class='ocr_line' id='line_1_4' title="bbox 102 862 1234 949; baseline 0.001 -21"><span class='ocrx_word' id='word_1_24' title='bbox 102 864 211 948; x_wconf 88' lang='lat' dir='ltr'>plecti,</span> <span class='ocrx_word' id='word_1_25' title='bbox 230 865 309 930; x_wconf 87' lang='lat' dir='ltr'>licet</span> <span class='ocrx_word' id='word_1_26' title='bbox 324 865 508 929; x_wconf 86' lang='lat' dir='ltr'>estimemus</span> <span class='ocrx_word' id='word_1_27' title='bbox 524 863 674 945; x_wconf 83' lang='lat' dir='ltr'>exiguum</span> <span class='ocrx_word' id='word_1_28' title='bbox 692 867 725 926; x_wconf 91' lang='lat' dir='ltr'>et</span> <span class='ocrx_word' id='word_1_29' title='bbox 741 863 824 928; x_wconf 84' lang='lat' dir='ltr'>exile</span> <span class='ocrx_word' id='word_1_30' title='bbox 840 863 1005 930; x_wconf 87' lang='lat' dir='ltr'>videamus</span> <span class='ocrx_word' id='word_1_31' title='bbox 1022 864 1110 949; x_wconf 88' lang='lat' dir='ltr'>quod</span> <span class='ocrx_word' id='word_1_32' title='bbox 1127 864 1172 929; x_wconf 87' lang='lat' dir='ltr'>eis</span> <span class='ocrx_word' id='word_1_33' title='bbox 1188 862 1204 928; x_wconf 89' lang='lat' dir='ltr'><strong>f</strong></span> <span class='ocrx_word' id='word_1_34' title='bbox 1222 903 1234 914; x_wconf 95' lang='lat'>-</span> 
     </span>
     <span class='ocr_line' id='line_1_5' title="bbox 103 971 1233 1058; baseline -0.002 -20"><span class='ocrx_word' id='word_1_35' title='bbox 103 975 203 1039; x_wconf 83' lang='lat' dir='ltr'>cimus</span> <span class='ocrx_word' id='word_1_36' title='bbox 220 974 255 1040; x_wconf 91' lang='lat' dir='ltr'>in</span> <span class='ocrx_word' id='word_1_37' title='bbox 269 973 412 1057; x_wconf 83' lang='lat' dir='ltr'>presenti</span> <span class='ocrx_word' id='word_1_38' title='bbox 427 971 544 1039; x_wconf 89' lang='lat' dir='ltr'>horum</span> <span class='ocrx_word' id='word_1_39' title='bbox 567 976 716 1054; x_wconf 86' lang='lat' dir='ltr'>respectu</span> <span class='ocrx_word' id='word_1_40' title='bbox 733 992 796 1054; x_wconf 91' lang='lat' dir='ltr'>que</span> <span class='ocrx_word' id='word_1_41' title='bbox 812 971 907 1037; x_wconf 90' lang='lat' dir='ltr'>eisin</span> <span class='ocrx_word' id='word_1_42' title='bbox 923 977 1088 1057; x_wconf 88' lang='lat' dir='ltr'>posterum</span> <span class='ocrx_word' id='word_1_43' title='bbox 1111 973 1233 1058; x_wconf 91' lang='lat' dir='ltr'>impen-</span> 
     </span>
     <span class='ocr_line' id='line_1_6' title="bbox 102 1072 1231 1168; baseline 0 -22"><span class='ocrx_word' id='word_1_44' title='bbox 102 1082 178 1148; x_wconf 91' lang='lat' dir='ltr'>dere</span> <span class='ocrx_word' id='word_1_45' title='bbox 193 1085 400 1162; x_wconf 88' lang='lat' dir='ltr'>intendimus,</span> <span class='ocrx_word' id='word_1_46' title='bbox 433 1079 578 1167; x_wconf 86' lang='lat' dir='ltr'>prefatas</span> <span class='ocrx_word' id='word_1_47' title='bbox 594 1072 811 1164; x_wconf 83' lang='lat' dir='ltr'>possessiones</span> <span class='ocrx_word' id='word_1_48' title='bbox 827 1079 1034 1168; x_wconf 80' lang='lat' dir='ltr'>Nogmyolos,</span> <span class='ocrx_word' id='word_1_49' title='bbox 1060 1079 1231 1166; x_wconf 80' lang='lat' dir='ltr'>Nogiuan,</span> 
     </span>
     <span class='ocr_line' id='line_1_7' title="bbox 100 1187 1231 1276; baseline 0.004 -21"><span class='ocrx_word' id='word_1_50' title='bbox 100 1190 230 1274; x_wconf 78' lang='lat' dir='ltr'>Mathe,</span> <span class='ocrx_word' id='word_1_51' title='bbox 269 1191 354 1276; x_wconf 85' lang='lat' dir='ltr'>Elep</span> <span class='ocrx_word' id='word_1_52' title='bbox 394 1197 427 1256; x_wconf 87' lang='lat' dir='ltr'>et</span> <span class='ocrx_word' id='word_1_53' title='bbox 460 1187 696 1274; x_wconf 80' lang='lat' dir='ltr'>Gerekyghaaz</span> <span class='ocrx_word' id='word_1_54' title='bbox 737 1211 811 1256; x_wconf 92' lang='lat' dir='ltr'>cum</span> <span class='ocrx_word' id='word_1_55' title='bbox 842 1191 939 1256; x_wconf 89' lang='lat' dir='ltr'>terris</span> <span class='ocrx_word' id='word_1_56' title='bbox 970 1241 978 1256; x_wconf 88' lang='lat'><strong>.</strong></span> <span class='ocrx_word' id='word_1_57' title='bbox 1010 1241 1017 1257; x_wconf 92' lang='lat'>.</span> <span class='ocrx_word' id='word_1_58' title='bbox 1050 1195 1231 1276; x_wconf 87' lang='lat' dir='ltr'>patronati-</span> 
     </span>
     <span class='ocr_line' id='line_1_8' title="bbox 100 1298 1234 1384; baseline 0.003 -20"><span class='ocrx_word' id='word_1_59' title='bbox 100 1298 161 1366; x_wconf 91' lang='lat' dir='ltr'>bus</span> <span class='ocrx_word' id='word_1_60' title='bbox 187 1301 395 1366; x_wconf 88' lang='lat' dir='ltr'>ecelesiarum</span> <span class='ocrx_word' id='word_1_61' title='bbox 427 1307 459 1364; x_wconf 90' lang='lat' dir='ltr'>et</span> <span class='ocrx_word' id='word_1_62' title='bbox 484 1298 681 1384; x_wconf 81' lang='lat' dir='ltr'>generaliter</span> <span class='ocrx_word' id='word_1_63' title='bbox 714 1298 900 1364; x_wconf 89' lang='lat' dir='ltr'>omnimoda</span> <span class='ocrx_word' id='word_1_64' title='bbox 930 1299 1122 1384; x_wconf 85' lang='lat' dir='ltr'>integritate</span> <span class='ocrx_word' id='word_1_65' title='bbox 1154 1303 1234 1368; x_wconf 91' lang='lat' dir='ltr'>iuris</span> 
     </span>
     <span class='ocr_line' id='line_1_9' title="bbox 101 1406 1234 1495; baseline -0.001 -21"><span class='ocrx_word' id='word_1_66' title='bbox 101 1409 289 1476; x_wconf 85' lang='lat' dir='ltr'>earumdem</span> <span class='ocrx_word' id='word_1_67' title='bbox 305 1409 551 1494; x_wconf 84' lang='lat' dir='ltr'>prememoratis</span> <span class='ocrx_word' id='word_1_68' title='bbox 566 1406 592 1472; x_wconf 88' lang='lat' dir='ltr'>J</span> <span class='ocrx_word' id='word_1_69' title='bbox 593 1407 694 1474; x_wconf 82' lang='lat' dir='ltr'>acobo</span> <span class='ocrx_word' id='word_1_70' title='bbox 720 1407 827 1473; x_wconf 91' lang='lat' dir='ltr'>Paulo</span> <span class='ocrx_word' id='word_1_71' title='bbox 854 1413 886 1472; x_wconf 90' lang='lat' dir='ltr'>et</span> <span class='ocrx_word' id='word_1_72' title='bbox 911 1407 1034 1474; x_wconf 88' lang='lat' dir='ltr'>Dowsa</span> <span class='ocrx_word' id='word_1_73' title='bbox 1051 1430 1089 1474; x_wconf 87' lang='lat' dir='ltr'>ac</span> <span class='ocrx_word' id='word_1_74' title='bbox 1104 1431 1164 1495; x_wconf 90' lang='lat' dir='ltr'>per</span> <span class='ocrx_word' id='word_1_75' title='bbox 1180 1431 1234 1475; x_wconf 83' lang='lat' dir='ltr'>eos</span> 
     </span>
     <span class='ocr_line' id='line_1_10' title="bbox 101 1515 1234 1601; baseline 0.002 -19"><span class='ocrx_word' id='word_1_76' title='bbox 101 1539 214 1584; x_wconf 90' lang='lat' dir='ltr'>eorum</span> <span class='ocrx_word' id='word_1_77' title='bbox 229 1517 403 1584; x_wconf 89' lang='lat' dir='ltr'>heredibus</span> <span class='ocrx_word' id='word_1_78' title='bbox 420 1567 427 1582; x_wconf 94' lang='lat'><strong>.</strong></span> <span class='ocrx_word' id='word_1_79' title='bbox 443 1568 450 1582; x_wconf 88' lang='lat'>.</span> <span class='ocrx_word' id='word_1_80' title='bbox 468 1516 508 1581; x_wconf 91' lang='lat' dir='ltr'>de</span> <span class='ocrx_word' id='word_1_81' title='bbox 523 1516 727 1601; x_wconf 86' lang='lat' dir='ltr'>prelatorum</span> <span class='ocrx_word' id='word_1_82' title='bbox 739 1521 772 1580; x_wconf 89' lang='lat' dir='ltr'>et</span> <span class='ocrx_word' id='word_1_83' title='bbox 782 1515 940 1582; x_wconf 84' lang='lat' dir='ltr'>baronum</span> <span class='ocrx_word' id='word_1_84' title='bbox 956 1523 1141 1583; x_wconf 90' lang='lat' dir='ltr'>nostrorum</span> <span class='ocrx_word' id='word_1_85' title='bbox 1159 1539 1234 1584; x_wconf 92' lang='lat' dir='ltr'>oon·</span> 
     </span>
     <span class='ocr_line' id='line_1_11' title="bbox 100 1624 1233 1710; baseline 0.001 -20"><span class='ocrx_word' id='word_1_86' title='bbox 100 1625 366 1691; x_wconf 87' lang='lat' dir='ltr'>silio..dedimus</span> <span class='ocrx_word' id='word_1_87' title='bbox 375 1625 564 1691; x_wconf 83' lang='lat' dir='ltr'>donavimus</span> <span class='ocrx_word' id='word_1_88' title='bbox 576 1629 609 1689; x_wconf 90' lang='lat' dir='ltr'>et</span> <span class='ocrx_word' id='word_1_89' title='bbox 619 1624 814 1690; x_wconf 87' lang='lat' dir='ltr'>contulimus</span> <span class='ocrx_word' id='word_1_90' title='bbox 824 1630 981 1710; x_wconf 89' lang='lat' dir='ltr'>perpetuo</span> <span class='ocrx_word' id='word_1_91' title='bbox 991 1627 1060 1691; x_wconf 90' lang='lat' dir='ltr'>iure</span> <span class='ocrx_word' id='word_1_92' title='bbox 1071 1629 1104 1690; x_wconf 89' lang='lat' dir='ltr'>et</span> <span class='ocrx_word' id='word_1_93' title='bbox 1114 1627 1233 1692; x_wconf 81' lang='lat' dir='ltr'>irrevo-</span> 
     </span>
     <span class='ocr_line' id='line_1_12' title="bbox 101 1732 1232 1819; baseline 0.001 -19"><span class='ocrx_word' id='word_1_94' title='bbox 101 1733 253 1800; x_wconf 85' lang='lat' dir='ltr'>cabiliter</span> <span class='ocrx_word' id='word_1_95' title='bbox 262 1733 471 1819; x_wconf 90' lang='lat' dir='ltr'>possidendas</span> <span class='ocrx_word' id='word_1_96' title='bbox 482 1738 515 1798; x_wconf 92' lang='lat' dir='ltr'>et</span> <span class='ocrx_word' id='word_1_97' title='bbox 523 1732 690 1798; x_wconf 87' lang='lat' dir='ltr'>habendas</span> <span class='ocrx_word' id='word_1_98' title='bbox 706 1783 713 1798; x_wconf 91' lang='lat'><strong>.</strong></span> <span class='ocrx_word' id='word_1_99' title='bbox 730 1783 736 1798; x_wconf 93' lang='lat'>.</span> <span class='ocrx_word' id='word_1_100' title='bbox 753 1732 879 1799; x_wconf 86' lang='lat' dir='ltr'>Datum</span> <span class='ocrx_word' id='word_1_101' title='bbox 894 1756 954 1819; x_wconf 90' lang='lat' dir='ltr'>per</span> <span class='ocrx_word' id='word_1_102' title='bbox 969 1757 1083 1802; x_wconf 89' lang='lat' dir='ltr'>manus</span> <span class='ocrx_word' id='word_1_103' title='bbox 1100 1734 1232 1801; x_wconf 89' lang='lat' dir='ltr'>discreti</span> 
     </span>
     <span class='ocr_line' id='line_1_13' title="bbox 100 1838 1233 1926; baseline 0.004 -20"><span class='ocrx_word' id='word_1_104' title='bbox 100 1843 161 1907; x_wconf 82' lang='lat' dir='ltr'>riri</span> <span class='ocrx_word' id='word_1_105' title='bbox 172 1843 322 1926; x_wconf 85' lang='lat' dir='ltr'>magistri</span> <span class='ocrx_word' id='word_1_106' title='bbox 331 1839 465 1906; x_wconf 87' lang='lat' dir='ltr'>Andree</span> <span class='ocrx_word' id='word_1_107' title='bbox 475 1842 632 1926; x_wconf 88' lang='lat' dir='ltr'>prepositi</span> <span class='ocrx_word' id='word_1_108' title='bbox 642 1838 938 1908; x_wconf 86' lang='lat' dir='ltr'>eoelesieAlbensis</span> <span class='ocrx_word' id='word_1_109' title='bbox 949 1843 1023 1909; x_wconf 89' lang='lat' dir='ltr'>aule</span> <span class='ocrx_word' id='word_1_110' title='bbox 1033 1849 1142 1909; x_wconf 89' lang='lat' dir='ltr'>nostre</span> <span class='ocrx_word' id='word_1_111' title='bbox 1153 1846 1233 1910; x_wconf 81' lang='lat' dir='ltr'>sice·</span> 
     </span>
     <span class='ocr_line' id='line_1_14' title="bbox 100 1949 1231 2037; baseline 0.004 -24"><span class='ocrx_word' id='word_1_112' title='bbox 100 1951 289 2016; x_wconf 80' lang='lat' dir='ltr'>cancellarii</span> <span class='ocrx_word' id='word_1_113' title='bbox 306 2001 313 2016; x_wconf 93' lang='lat'><strong>.</strong></span> <span class='ocrx_word' id='word_1_114' title='bbox 330 2001 336 2016; x_wconf 90' lang='lat'>.</span> <span class='ocrx_word' id='word_1_115' title='bbox 353 1971 451 2023; x_wconf 65' lang='lat' dir='ltr'>anno,</span> <span class='ocrx_word' id='word_1_116' title='bbox 473 1949 594 2016; x_wconf 91' lang='lat' dir='ltr'>domini</span> <span class='ocrx_word' id='word_1_117' title='bbox 620 1949 797 2016; x_wconf 91' lang='lat' dir='ltr'>Millesimo</span> <span class='ocrx_word' id='word_1_118' title='bbox 823 1953 1050 2018; x_wconf 87' lang='lat' dir='ltr'>trecentesimo</span> <span class='ocrx_word' id='word_1_119' title='bbox 1077 1954 1231 2037; x_wconf 84' lang='lat' dir='ltr'>vigesimo</span> 
     </span>
     <span class='ocr_line' id='line_1_15' title="bbox 100 2053 1229 2143; baseline 0.005 -22"><span class='ocrx_word' id='word_1_120' title='bbox 100 2065 227 2143; x_wconf 83' lang='lat' dir='ltr'>octavo,</span> <span class='ocrx_word' id='word_1_121' title='bbox 243 2057 366 2124; x_wconf 89' lang='lat' dir='ltr'>decimo</span> <span class='ocrx_word' id='word_1_122' title='bbox 381 2057 539 2123; x_wconf 86' lang='lat' dir='ltr'>kalendas</span> <span class='ocrx_word' id='word_1_123' title='bbox 570 2053 706 2143; x_wconf 84' lang='lat' dir='ltr'>Aprilis,</span> <span class='ocrx_word' id='word_1_124' title='bbox 722 2059 814 2142; x_wconf 84' lang='lat' dir='ltr'>regni</span> <span class='ocrx_word' id='word_1_125' title='bbox 831 2065 939 2125; x_wconf 91' lang='lat' dir='ltr'>autem</span> <span class='ocrx_word' id='word_1_126' title='bbox 965 2062 1070 2127; x_wconf 88' lang='lat' dir='ltr'>nostri</span> <span class='ocrx_word' id='word_1_127' title='bbox 1086 2083 1171 2127; x_wconf 89' lang='lat' dir='ltr'>anuo</span> <span class='ocrx_word' id='word_1_128' title='bbox 1189 2064 1229 2126; x_wconf 92' lang='lat' dir='ltr'>si·</span> 
     </span>
     <span class='ocr_line' id='line_1_16' title="bbox 99 2165 1233 2255; baseline 0.004 -25"><span class='ocrx_word' id='word_1_129' title='bbox 99 2167 224 2232; x_wconf 89' lang='lat' dir='ltr'>militer</span> <span class='ocrx_word' id='word_1_130' title='bbox 239 2167 392 2249; x_wconf 82' lang='lat' dir='ltr'>vigesimo</span> <span class='ocrx_word' id='word_1_131' title='bbox 410 2169 533 2232; x_wconf 85' lang='lat' dir='ltr'>octavo.</span> <span class='ocrx_word' id='word_1_132' title='bbox 548 2165 801 2234; x_wconf 87' lang='lat' dir='ltr'>Venerabilibus</span> <span class='ocrx_word' id='word_1_133' title='bbox 817 2168 851 2232; x_wconf 89' lang='lat' dir='ltr'>in</span> <span class='ocrx_word' id='word_1_134' title='bbox 868 2165 1000 2235; x_wconf 78' lang='lat' dir='ltr'>Christo</span> <span class='ocrx_word' id='word_1_135' title='bbox 1016 2171 1167 2255; x_wconf 83' lang='lat' dir='ltr'>patm&#39;bus</span> <span class='ocrx_word' id='word_1_136' title='bbox 1178 2170 1233 2235; x_wconf 91' lang='lat' dir='ltr'>do-</span> 
     </span>
     <span class='ocr_line' id='line_1_17' title="bbox 99 2273 1233 2358; baseline 0.003 -19"><span class='ocrx_word' id='word_1_137' title='bbox 99 2275 199 2340; x_wconf 90' lang='lat' dir='ltr'>minis</span> <span class='ocrx_word' id='word_1_138' title='bbox 215 2273 371 2340; x_wconf 88' lang='lat' dir='ltr'>Bolezlao</span> <span class='ocrx_word' id='word_1_139' title='bbox 389 2273 604 2358; x_wconf 71' lang='lat' dir='ltr'>strigoniensi</span> <span class='ocrx_word' id='word_1_140' title='bbox 620 2274 764 2342; x_wconf 88' lang='lat' dir='ltr'>etfratre</span> <span class='ocrx_word' id='word_1_141' title='bbox 780 2275 939 2342; x_wconf 90' lang='lat' dir='ltr'>Ladizlao</span> <span class='ocrx_word' id='word_1_142' title='bbox 950 2275 1120 2345; x_wconf 81' lang='lat' dir='ltr'>Oolooensi</span> <span class='ocrx_word' id='word_1_143' title='bbox 1130 2279 1233 2344; x_wconf 90' lang='lat' dir='ltr'>archi-</span> 
     </span>
     <span class='ocr_line' id='line_1_18' title="bbox 100 2376 1232 2468; baseline 0.003 -22"><span class='ocrx_word' id='word_1_144' title='bbox 100 2383 270 2466; x_wconf 88' lang='lat' dir='ltr'>episcopis,</span> <span class='ocrx_word' id='word_1_145' title='bbox 300 2382 480 2448; x_wconf 89' lang='lat' dir='ltr'>Beuedicto</span> <span class='ocrx_word' id='word_1_146' title='bbox 513 2381 751 2466; x_wconf 85' lang='lat' dir='ltr'>Ohanadiensi,</span> <span class='ocrx_word' id='word_1_147' title='bbox 782 2382 884 2449; x_wconf 87' lang='lat' dir='ltr'>fratre</span> <span class='ocrx_word' id='word_1_148' title='bbox 922 2383 1023 2451; x_wconf 88' lang='lat' dir='ltr'>Petro</span> <span class='ocrx_word' id='word_1_149' title='bbox 1062 2376 1232 2468; x_wconf 71' lang='lat' dir='ltr'>Bozneusi</span> 
     </span>
     <span class='ocr_line' id='line_1_19' title="bbox 99 2489 1233 2576; baseline 0 -20"><span class='ocrx_word' id='word_1_150' title='bbox 99 2489 247 2574; x_wconf 85' lang='lat' dir='ltr'>Georgio</span> <span class='ocrx_word' id='word_1_151' title='bbox 263 2490 303 2555; x_wconf 88' lang='lat' dir='ltr'>de</span> <span class='ocrx_word' id='word_1_152' title='bbox 313 2489 435 2557; x_wconf 83' lang='lat' dir='ltr'>Sancto</span> <span class='ocrx_word' id='word_1_153' title='bbox 450 2491 570 2575; x_wconf 89' lang='lat' dir='ltr'>Irineo,</span> <span class='ocrx_word' id='word_1_154' title='bbox 586 2491 720 2556; x_wconf 84' lang='lat' dir='ltr'>Iwanka</span> <span class='ocrx_word' id='word_1_155' title='bbox 735 2489 954 2575; x_wconf 86' lang='lat' dir='ltr'>Waradiensi,</span> <span class='ocrx_word' id='word_1_156' title='bbox 964 2491 1120 2559; x_wconf 85' lang='lat' dir='ltr'>Ladislao</span> <span class='ocrx_word' id='word_1_157' title='bbox 1132 2491 1233 2576; x_wconf 82' lang='lat' dir='ltr'>Quin-</span> 
     </span>
     <span class='ocr_line' id='line_1_20' title="bbox 99 2597 1232 2686; baseline 0.002 -23"><span class='ocrx_word' id='word_1_158' title='bbox 99 2599 361 2684; x_wconf 82' lang='lat' dir='ltr'>queecclesieusi,</span> <span class='ocrx_word' id='word_1_159' title='bbox 370 2597 509 2665; x_wconf 87' lang='lat' dir='ltr'>Nicoleo</span> <span class='ocrx_word' id='word_1_160' title='bbox 525 2598 551 2664; x_wconf 87' lang='lat' dir='ltr'><strong>J</strong></span> <span class='ocrx_word' id='word_1_161' title='bbox 552 2600 700 2682; x_wconf 85' lang='lat' dir='ltr'>auriensi,</span> <span class='ocrx_word' id='word_1_162' title='bbox 711 2597 903 2666; x_wconf 84' lang='lat' dir='ltr'>Ohauadino</span> <span class='ocrx_word' id='word_1_163' title='bbox 913 2597 1076 2686; x_wconf 84' lang='lat' dir='ltr'>Agriensi,</span> <span class='ocrx_word' id='word_1_164' title='bbox 1091 2599 1232 2669; x_wconf 87' lang='lat' dir='ltr'>Herrico</span> 
     </span>
     <span class='ocr_line' id='line_1_21' title="bbox 97 2707 1230 2794; baseline -0.001 -20"><span class='ocrx_word' id='word_1_165' title='bbox 97 2709 357 2794; x_wconf 86' lang='lat' dir='ltr'>Wesprimiensi‚</span> <span class='ocrx_word' id='word_1_166' title='bbox 373 2707 529 2774; x_wconf 84' lang='lat' dir='ltr'>Ladisleo</span> <span class='ocrx_word' id='word_1_167' title='bbox 545 2707 760 2791; x_wconf 83' lang='lat' dir='ltr'>Zagrabiensi</span> <span class='ocrx_word' id='word_1_168' title='bbox 785 2715 818 2774; x_wconf 89' lang='lat' dir='ltr'>et</span> <span class='ocrx_word' id='word_1_169' title='bbox 842 2707 979 2776; x_wconf 85' lang='lat' dir='ltr'>Andrea</span> <span class='ocrx_word' id='word_1_170' title='bbox 996 2708 1230 2775; x_wconf 72' lang='lat' dir='ltr'>Transsilvano</span> 
     </span>
     <span class='ocr_line' id='line_1_22' title="bbox 97 2815 1233 2900; baseline -0.001 -17"><span class='ocrx_word' id='word_1_171' title='bbox 97 2817 312 2882; x_wconf 81' lang='lat' dir='ltr'>eeclesiarum</span> <span class='ocrx_word' id='word_1_172' title='bbox 343 2817 500 2900; x_wconf 91' lang='lat' dir='ltr'>episcopis</span> <span class='ocrx_word' id='word_1_173' title='bbox 526 2815 678 2881; x_wconf 83' lang='lat' dir='ltr'>ecelesias</span> <span class='ocrx_word' id='word_1_174' title='bbox 709 2815 761 2880; x_wconf 92' lang='lat' dir='ltr'>dei</span> <span class='ocrx_word' id='word_1_175' title='bbox 786 2815 925 2882; x_wconf 84' lang='lat' dir='ltr'>feliciter</span> <span class='ocrx_word' id='word_1_176' title='bbox 949 2816 1233 2900; x_wconf 82' lang='lat' dir='ltr'>gubernantibus3</span> 
     </span>
     <span class='ocr_line' id='line_1_23' title="bbox 95 2923 1233 3009; baseline 0 -19"><span class='ocrx_word' id='word_1_177' title='bbox 95 2923 281 3009; x_wconf 84' lang='lat' dir='ltr'>magnificis</span> <span class='ocrx_word' id='word_1_178' title='bbox 304 2925 383 2990; x_wconf 81' lang='lat' dir='ltr'>viris</span> <span class='ocrx_word' id='word_1_179' title='bbox 407 2923 576 2990; x_wconf 85' lang='lat' dir='ltr'>Demetrio</span> <span class='ocrx_word' id='word_1_180' title='bbox 593 2925 749 3008; x_wconf 83' lang='lat' dir='ltr'>magistro</span> <span class='ocrx_word' id='word_1_181' title='bbox 775 2926 1015 2990; x_wconf 87' lang='lat' dir='ltr'>tavarnioorum</span> <span class='ocrx_word' id='word_1_182' title='bbox 1039 2932 1233 3008; x_wconf 86' lang='lat' dir='ltr'>nostrorum,</span> 
     </span>
     <span class='ocr_line' id='line_1_24' title="bbox 95 3033 1231 3119; baseline 0.001 -21"><span class='ocrx_word' id='word_1_183' title='bbox 95 3034 225 3100; x_wconf 89' lang='lat' dir='ltr'>honore</span> <span class='ocrx_word' id='word_1_184' title='bbox 241 3034 443 3118; x_wconf 87' lang='lat' dir='ltr'>palatinatus</span> <span class='ocrx_word' id='word_1_185' title='bbox 459 3039 603 3116; x_wconf 83' lang='lat' dir='ltr'>vacante,</span> <span class='ocrx_word' id='word_1_186' title='bbox 619 3033 747 3099; x_wconf 78' lang='lat' dir='ltr'>Thomu</span> <span class='ocrx_word' id='word_1_187' title='bbox 763 3033 930 3119; x_wconf 83' lang='lat' dir='ltr'>woywoda·</span> <span class='ocrx_word' id='word_1_188' title='bbox 949 3034 1180 3100; x_wconf 79' lang='lat' dir='ltr'>Transsilvano</span> <span class='ocrx_word' id='word_1_189' title='bbox 1198 3041 1231 3099; x_wconf 88' lang='lat' dir='ltr'>et</span> 
     </span>
     <span class='ocr_line' id='line_1_25' title="bbox 96 3140 1233 3227; baseline -0.002 -19"><span class='ocrx_word' id='word_1_190' title='bbox 96 3145 222 3208; x_wconf 89' lang='lat' dir='ltr'>comite</span> <span class='ocrx_word' id='word_1_191' title='bbox 238 3142 278 3207; x_wconf 90' lang='lat' dir='ltr'>de</span> <span class='ocrx_word' id='word_1_192' title='bbox 294 3141 444 3227; x_wconf 80' lang='lat' dir='ltr'>Zounulr,</span> <span class='ocrx_word' id='word_1_193' title='bbox 459 3141 574 3207; x_wconf 88' lang='lat' dir='ltr'>Mikch</span> <span class='ocrx_word' id='word_1_194' title='bbox 600 3141 685 3208; x_wconf 88' lang='lat' dir='ltr'>bano</span> <span class='ocrx_word' id='word_1_195' title='bbox 711 3143 815 3208; x_wconf 91' lang='lat' dir='ltr'>tocius</span> <span class='ocrx_word' id='word_1_196' title='bbox 840 3140 1019 3226; x_wconf 81' lang='lat' dir='ltr'>Sclavenie,</span> <span class='ocrx_word' id='word_1_197' title='bbox 1043 3143 1149 3208; x_wconf 91' lang='lat' dir='ltr'>Paulo</span> <span class='ocrx_word' id='word_1_198' title='bbox 1166 3141 1233 3207; x_wconf 88' lang='lat' dir='ltr'>filio</span> 
     </span>
     <span class='ocr_line' id='line_1_26' title="bbox 95 3247 1234 3336; baseline -0.003 -17"><span class='ocrx_word' id='word_1_199' title='bbox 95 3251 246 3320; x_wconf 87' lang='lat' dir='ltr'>Simonis</span> <span class='ocrx_word' id='word_1_200' title='bbox 260 3251 367 3316; x_wconf 88' lang='lat' dir='ltr'>iudice</span> <span class='ocrx_word' id='word_1_201' title='bbox 399 3252 488 3316; x_wconf 88' lang='lat' dir='ltr'>curie</span> <span class='ocrx_word' id='word_1_202' title='bbox 503 3255 625 3333; x_wconf 87' lang='lat' dir='ltr'>nostre,</span> <span class='ocrx_word' id='word_1_203' title='bbox 641 3247 667 3316; x_wconf 87' lang='lat' dir='ltr'><strong>J</strong></span> <span class='ocrx_word' id='word_1_204' title='bbox 668 3249 794 3316; x_wconf 87' lang='lat' dir='ltr'>ohanne</span> <span class='ocrx_word' id='word_1_205' title='bbox 810 3249 879 3316; x_wconf 92' lang='lat' dir='ltr'>filio</span> <span class='ocrx_word' id='word_1_206' title='bbox 894 3250 1054 3336; x_wconf 84' lang='lat' dir='ltr'>Bobanylr</span> <span class='ocrx_word' id='word_1_207' title='bbox 1078 3253 1234 3336; x_wconf 85' lang='lat' dir='ltr'>magistro</span> 
     </span>
     <span class='ocr_line' id='line_1_27' title="bbox 95 3357 1233 3443; baseline -0.003 -18"><span class='ocrx_word' id='word_1_208' title='bbox 95 3359 341 3426; x_wconf 80' lang='lat' dir='ltr'>tavernicorum</span> <span class='ocrx_word' id='word_1_209' title='bbox 358 3359 487 3424; x_wconf 89' lang='lat' dir='ltr'>domine</span> <span class='ocrx_word' id='word_1_210' title='bbox 502 3359 614 3442; x_wconf 86' lang='lat' dir='ltr'>regine</span> <span class='ocrx_word' id='word_1_211' title='bbox 629 3357 800 3424; x_wconf 83' lang='lat' dir='ltr'>karissime</span> <span class='ocrx_word' id='word_1_212' title='bbox 826 3359 984 3424; x_wconf 88' lang='lat' dir='ltr'>consortis</span> <span class='ocrx_word' id='word_1_213' title='bbox 1009 3363 1128 3442; x_wconf 89' lang='lat' dir='ltr'>nostre,</span> <span class='ocrx_word' id='word_1_214' title='bbox 1144 3359 1233 3443; x_wconf 82' lang='lat' dir='ltr'>Dyo-</span> 
     </span>
     <span class='ocr_line' id='line_1_28' title="bbox 94 3465 1234 3551; baseline -0.003 -18"><span class='ocrx_word' id='word_1_215' title='bbox 94 3469 182 3534; x_wconf 88' lang='lat' dir='ltr'>nisio</span> <span class='ocrx_word' id='word_1_216' title='bbox 201 3469 357 3550; x_wconf 85' lang='lat' dir='ltr'>magistro</span> <span class='ocrx_word' id='word_1_217' title='bbox 374 3466 594 3551; x_wconf 84' lang='lat' dir='ltr'>dapiferorum</span> <span class='ocrx_word' id='word_1_218' title='bbox 602 3472 797 3550; x_wconf 90' lang='lat' dir='ltr'>nostrorum,</span> <span class='ocrx_word' id='word_1_219' title='bbox 808 3465 975 3551; x_wconf 85' lang='lat' dir='ltr'>Stephano</span> <span class='ocrx_word' id='word_1_220' title='bbox 985 3468 1141 3550; x_wconf 85' lang='lat' dir='ltr'>magistro</span> <span class='ocrx_word' id='word_1_221' title='bbox 1157 3488 1234 3550; x_wconf 82' lang='lat' dir='ltr'>ega-</span> 
     </span>
     <span class='ocr_line' id='line_1_29' title="bbox 92 3573 1232 3659; baseline -0.004 -17"><span class='ocrx_word' id='word_1_222' title='bbox 92 3599 219 3642; x_wconf 84' lang='lat' dir='ltr'>uonum</span> <span class='ocrx_word' id='word_1_223' title='bbox 234 3579 421 3641; x_wconf 88' lang='lat' dir='ltr'>nostrorum</span> <span class='ocrx_word' id='word_1_224' title='bbox 437 3580 471 3640; x_wconf 90' lang='lat' dir='ltr'>et</span> <span class='ocrx_word' id='word_1_225' title='bbox 486 3574 626 3641; x_wconf 89' lang='lat' dir='ltr'>Nicolao</span> <span class='ocrx_word' id='word_1_226' title='bbox 637 3575 755 3642; x_wconf 90' lang='lat' dir='ltr'>comite</span> <span class='ocrx_word' id='word_1_227' title='bbox 764 3573 956 3640; x_wconf 91' lang='lat' dir='ltr'>Posonionsi</span> <span class='ocrx_word' id='word_1_228' title='bbox 966 3575 1104 3659; x_wconf 89' lang='lat' dir='ltr'>aliisque</span> <span class='ocrx_word' id='word_1_229' title='bbox 1121 3594 1232 3656; x_wconf 85' lang='lat' dir='ltr'>quam-</span> 
     </span>
     <span class='ocr_line' id='line_1_30' title="bbox 92 3683 1086 3769; baseline -0.002 -19"><span class='ocrx_word' id='word_1_230' title='bbox 92 3685 250 3769; x_wconf 86' lang='lat' dir='ltr'>pluribus</span> <span class='ocrx_word' id='word_1_231' title='bbox 266 3685 359 3769; x_wconf 83' lang='lat' dir='ltr'>regni</span> <span class='ocrx_word' id='word_1_232' title='bbox 375 3685 480 3750; x_wconf 92' lang='lat' dir='ltr'>nostri</span> <span class='ocrx_word' id='word_1_233' title='bbox 497 3685 671 3752; x_wconf 83' lang='lat' dir='ltr'>comitatus</span> <span class='ocrx_word' id='word_1_234' title='bbox 687 3683 874 3750; x_wconf 89' lang='lat' dir='ltr'>tenentibus</span> <span class='ocrx_word' id='word_1_235' title='bbox 890 3691 923 3750; x_wconf 90' lang='lat' dir='ltr'>et</span> <span class='ocrx_word' id='word_1_236' title='bbox 938 3684 1086 3749; x_wconf 91' lang='lat' dir='ltr'>honores.</span> 
     </span>
    </p>
   </div>
   <div class='ocr_carea' id='block_1_3' title="bbox 91 3825 1230 3987">
    <p class='ocr_par' dir='ltr' id='par_1_3' title="bbox 91 3825 1230 3987">
     <span class='ocr_line' id='line_1_31' title="bbox 211 3825 1230 3897; baseline -0.002 -17"><span class='ocrx_word' id='word_1_237' title='bbox 211 3831 309 3895; x_wconf 78' lang='lat' dir='ltr'>Pdggd</span> <span class='ocrx_word' id='word_1_238' title='bbox 323 3831 442 3896; x_wconf 75' lang='lat' dir='ltr'>pensetje</span> <span class='ocrx_word' id='word_1_239' title='bbox 455 3831 605 3897; x_wconf 74' lang='lat' dir='ltr'>hianyzik3</span> <span class='ocrx_word' id='word_1_240' title='bbox 626 3829 756 3896; x_wconf 86' lang='lat' dir='ltr'>eredetije</span> <span class='ocrx_word' id='word_1_241' title='bbox 769 3845 801 3880; x_wconf 84' lang='lat' dir='ltr'>az</span> <span class='ocrx_word' id='word_1_242' title='bbox 815 3844 882 3881; x_wconf 83' lang='lat' dir='ltr'>orez.</span> <span class='ocrx_word' id='word_1_243' title='bbox 896 3830 951 3882; x_wconf 71' lang='lat' dir='ltr'>lter</span> <span class='ocrx_word' id='word_1_244' title='bbox 963 3829 1063 3879; x_wconf 88' lang='lat' dir='ltr'>kinost.</span> <span class='ocrx_word' id='word_1_245' title='bbox 1074 3830 1141 3877; x_wconf 84' lang='lat' dir='ltr'>oszt.</span> <span class='ocrx_word' id='word_1_246' title='bbox 1153 3826 1186 3877; x_wconf 85' lang='lat' dir='ltr'>N.</span> <span class='ocrx_word' id='word_1_247' title='bbox 1197 3825 1230 3878; x_wconf 83' lang='lat' dir='ltr'>R.</span> 
     </span>
     <span class='ocr_line' id='line_1_32' title="bbox 91 3919 897 3987; baseline -0.004 -13"><span class='ocrx_word' id='word_1_248' title='bbox 91 3925 127 3974; x_wconf 78' lang='lat' dir='ltr'>A.</span> <span class='ocrx_word' id='word_1_249' title='bbox 147 3927 230 3974; x_wconf 77' lang='lat'><strong>1507.</strong></span> <span class='ocrx_word' id='word_1_250' title='bbox 247 3927 288 3972; x_wconf 83' lang='grc'>17.</span> <span class='ocrx_word' id='word_1_251' title='bbox 303 3922 368 3987; x_wconf 91' lang='lat' dir='ltr'>dipl.</span> <span class='ocrx_word' id='word_1_252' title='bbox 383 3921 454 3972; x_wconf 76' lang='lat' dir='ltr'>lttr:</span> <span class='ocrx_word' id='word_1_253' title='bbox 469 3925 548 3972; x_wconf 80' lang='lat'><strong>2493.</strong></span> <span class='ocrx_word' id='word_1_254' title='bbox 562 3921 660 3972; x_wconf 74' lang='lat' dir='ltr'>Kozli:</span> <span class='ocrx_word' id='word_1_255' title='bbox 679 3921 783 3972; x_wconf 83' lang='lat' dir='ltr'>Vincze</span> <span class='ocrx_word' id='word_1_256' title='bbox 797 3919 897 3971; x_wconf 74' lang='lat' dir='ltr'>(labor.</span> 
     </span>
    </p>
   </div>
   <div class='ocr_carea' id='block_1_4' title="bbox 0 0 1570 5470">
    <p class='ocr_par' dir='ltr' id='par_1_4' title="bbox 0 0 1570 5470">
     <span class='ocr_line' id='line_1_33' title="bbox 0 0 1570 5470; baseline 0 4"><span class='ocrx_word' id='word_1_257' title='bbox 0 0 1570 5470; x_wconf 95' lang='lat' dir='ltr'> </span> 
     </span>
    </p>
   </div>
  </div>
 </body>
</html>
