<?xml version="1.0" encoding="UTF-8"?>
<!DOCTYPE html PUBLIC "-//W3C//DTD XHTML 1.0 Transitional//EN"
    "http://www.w3.org/TR/xhtml1/DTD/xhtml1-transitional.dtd">
<html xmlns="http://www.w3.org/1999/xhtml" xml:lang="en" lang="en">
 <head>
  <title>
</title>
<meta http-equiv="Content-Type" content="text/html;charset=utf-8" />
  <meta name='ocr-system' content='tesseract 3.04.00' />
  <meta name='ocr-capabilities' content='ocr_page ocr_carea ocr_par ocr_line ocrx_word'/>
</head>
<body>
  <div class='ocr_page' id='page_1' title='image "./codexdiplomatic01nagygoog_0505.png"; bbox 0 0 3154 5474; ppageno 0'>
   <div class='ocr_carea' id='block_1_1' title="bbox 338 474 1121 534">
    <p class='ocr_par' dir='ltr' id='par_1_1' title="bbox 338 474 1121 534">
     <span class='ocr_line' id='line_1_1' title="bbox 338 474 1121 534; baseline -0.003 0"><span class='ocrx_word' id='word_1_1' title='bbox 338 474 402 534; x_wconf 84' lang='grc'><strong>488</strong></span> <span class='ocrx_word' id='word_1_2' title='bbox 699 486 887 534; x_wconf 77' lang='lat' dir='ltr'><strong>ausouroar</strong></span> <span class='ocrx_word' id='word_1_3' title='bbox 904 475 1121 533; x_wconf 71' lang='lat' dir='ltr'><strong>ouuiurrlu.</strong></span> 
     </span>
    </p>
   </div>
   <div class='ocr_carea' id='block_1_2' title="bbox 336 649 1540 2148">
    <p class='ocr_par' dir='ltr' id='par_1_2' title="bbox 336 649 1540 2148">
     <span class='ocr_line' id='line_1_2' title="bbox 337 649 1444 734; baseline -0.002 -18"><span class='ocrx_word' id='word_1_4' title='bbox 337 651 409 716; x_wconf 88' lang='lat' dir='ltr'><strong>dem</strong></span> <span class='ocrx_word' id='word_1_5' title='bbox 425 673 485 734; x_wconf 91' lang='lat' dir='ltr'><strong>pro</strong></span> <span class='ocrx_word' id='word_1_6' title='bbox 502 651 619 734; x_wconf 91' lang='lat' dir='ltr'><strong>quibus</strong></span> <span class='ocrx_word' id='word_1_7' title='bbox 635 649 720 716; x_wconf 89' lang='lat' dir='ltr'><strong>idem</strong></span> <span class='ocrx_word' id='word_1_8' title='bbox 736 649 860 716; x_wconf 87' lang='lat' dir='ltr'><strong>nobiles</strong></span> <span class='ocrx_word' id='word_1_9' title='bbox 877 654 1127 732; x_wconf 88' lang='lat' dir='ltr'><strong>comparuerunt</strong></span> <span class='ocrx_word' id='word_1_10' title='bbox 1142 649 1265 715; x_wconf 85' lang='lat' dir='ltr'><strong>iactum</strong></span> <span class='ocrx_word' id='word_1_11' title='bbox 1280 649 1444 714; x_wconf 89' lang='lat' dir='ltr'><strong>eorumdem</strong></span> 
     </span>
     <span class='ocr_line' id='line_1_3' title="bbox 336 756 1442 844; baseline -0.003 -19"><span class='ocrx_word' id='word_1_12' title='bbox 336 780 432 844; x_wconf 90' lang='lat' dir='ltr'><strong>super</strong></span> <span class='ocrx_word' id='word_1_13' title='bbox 448 779 481 824; x_wconf 90' lang='lat' dir='ltr'><strong>se</strong></span> <span class='ocrx_word' id='word_1_14' title='bbox 497 763 697 823; x_wconf 79' lang='lat' dir='ltr'><strong>assumentes</strong></span> <span class='ocrx_word' id='word_1_15' title='bbox 712 758 754 823; x_wconf 89' lang='lat' dir='ltr'><strong>ab</strong></span> <span class='ocrx_word' id='word_1_16' title='bbox 770 777 834 822; x_wconf 90' lang='lat' dir='ltr'><strong>una</strong></span> <span class='ocrx_word' id='word_1_17' title='bbox 850 761 952 842; x_wconf 84' lang='lat' dir='ltr'><strong>parte,</strong></span> <span class='ocrx_word' id='word_1_18' title='bbox 963 758 1042 823; x_wconf 91' lang='lat' dir='ltr'><strong>item</strong></span> <span class='ocrx_word' id='word_1_19' title='bbox 1057 756 1083 822; x_wconf 90' lang='lat' dir='ltr'><strong>J</strong></span> <span class='ocrx_word' id='word_1_20' title='bbox 1084 759 1211 823; x_wconf 88' lang='lat' dir='ltr'><strong>ohanne</strong></span> <span class='ocrx_word' id='word_1_21' title='bbox 1227 756 1292 823; x_wconf 90' lang='lat' dir='ltr'><strong>filio</strong></span> <span class='ocrx_word' id='word_1_22' title='bbox 1308 756 1396 822; x_wconf 86' lang='lat' dir='ltr'><strong>Pauli</strong></span> <span class='ocrx_word' id='word_1_23' title='bbox 1411 757 1442 822; x_wconf 88' lang='lat' dir='ltr'><strong>de</strong></span> 
     </span>
     <span class='ocr_line' id='line_1_4' title="bbox 337 865 1443 934; baseline -0.004 0"><span class='ocrx_word' id='word_1_24' title='bbox 337 865 446 934; x_wconf 84' lang='lat' dir='ltr'><strong>Oheke</strong></span> <span class='ocrx_word' id='word_1_25' title='bbox 457 871 489 932; x_wconf 89' lang='grc'><strong>61</strong></span> <span class='ocrx_word' id='word_1_26' title='bbox 499 865 610 933; x_wconf 85' lang='lat' dir='ltr'>Simon</span> <span class='ocrx_word' id='word_1_27' title='bbox 621 865 660 930; x_wconf 92' lang='lat' dir='ltr'><strong>de</strong></span> <span class='ocrx_word' id='word_1_28' title='bbox 672 865 784 930; x_wconf 86' lang='lat' dir='ltr'><strong>eadem</strong></span> <span class='ocrx_word' id='word_1_29' title='bbox 800 887 838 930; x_wconf 86' lang='lat' dir='ltr'><strong>ex</strong></span> <span class='ocrx_word' id='word_1_30' title='bbox 853 865 957 929; x_wconf 85' lang='lat' dir='ltr'><strong>altera</strong></span> <span class='ocrx_word' id='word_1_31' title='bbox 973 886 1084 930; x_wconf 92' lang='lat' dir='ltr'><strong>coram</strong></span> <span class='ocrx_word' id='word_1_32' title='bbox 1100 866 1193 931; x_wconf 88' lang='lat' dir='ltr'><strong>nobis</strong></span> <span class='ocrx_word' id='word_1_33' title='bbox 1204 917 1211 931; x_wconf 92' lang='lat'><strong><em>.</em></strong></span> <span class='ocrx_word' id='word_1_34' title='bbox 1223 916 1230 930; x_wconf 94' lang='lat'><strong>.</strong></span> <span class='ocrx_word' id='word_1_35' title='bbox 1242 866 1443 932; x_wconf 83' lang='lat' dir='ltr'><strong>constitutis..</strong></span> 
     </span>
     <span class='ocr_line' id='line_1_5' title="bbox 336 973 1443 1061; baseline -0.003 -20"><span class='ocrx_word' id='word_1_36' title='bbox 336 997 433 1061; x_wconf 88' lang='lat' dir='ltr'><strong>super</strong></span> <span class='ocrx_word' id='word_1_37' title='bbox 443 974 590 1041; x_wconf 90' lang='lat' dir='ltr'><strong>omnibus</strong></span> <span class='ocrx_word' id='word_1_38' title='bbox 601 981 632 1038; x_wconf 92' lang='lat' dir='ltr'><strong>et</strong></span> <span class='ocrx_word' id='word_1_39' title='bbox 643 973 835 1040; x_wconf 87' lang='lat' dir='ltr'><strong>omnimodis</strong></span> <span class='ocrx_word' id='word_1_40' title='bbox 847 995 1015 1039; x_wconf 86' lang='lat' dir='ltr'><strong>causarum</strong></span> <span class='ocrx_word' id='word_1_41' title='bbox 1032 975 1281 1056; x_wconf 86' lang='lat' dir='ltr'><strong>requisicionum</strong></span> <span class='ocrx_word' id='word_1_42' title='bbox 1291 979 1320 1039; x_wconf 85' lang='grc'><strong>61</strong></span> <span class='ocrx_word' id='word_1_43' title='bbox 1330 980 1443 1039; x_wconf 86' lang='lat' dir='ltr'><strong>contro-</strong></span> 
     </span>
     <span class='ocr_line' id='line_1_6' title="bbox 338 1081 1444 1166; baseline -0.003 -17"><span class='ocrx_word' id='word_1_44' title='bbox 338 1085 513 1149; x_wconf 83' lang='lat' dir='ltr'><strong>versiarum</strong></span> <span class='ocrx_word' id='word_1_45' title='bbox 530 1083 673 1148; x_wconf 82' lang='lat' dir='ltr'><strong>articulis</strong></span> <span class='ocrx_word' id='word_1_46' title='bbox 688 1083 765 1148; x_wconf 88' lang='lat' dir='ltr'><strong>hinc</strong></span> <span class='ocrx_word' id='word_1_47' title='bbox 775 1081 889 1147; x_wconf 80' lang='lat' dir='ltr'><strong>atinde</strong></span> <span class='ocrx_word' id='word_1_48' title='bbox 906 1082 1047 1148; x_wconf 80' lang='lat' dir='ltr'><strong>subortis</strong></span> <span class='ocrx_word' id='word_1_49' title='bbox 1058 1087 1090 1146; x_wconf 94' lang='lat' dir='ltr'><strong>et</strong></span> <span class='ocrx_word' id='word_1_50' title='bbox 1100 1082 1267 1147; x_wconf 86' lang='lat' dir='ltr'><strong>ventilatis</strong></span> <span class='ocrx_word' id='word_1_51' title='bbox 1278 1083 1357 1148; x_wconf 89' lang='lat' dir='ltr'><strong>inter</strong></span> <span class='ocrx_word' id='word_1_52' title='bbox 1372 1083 1444 1166; x_wconf 88' lang='lat' dir='ltr'><strong>ipsos</strong></span> 
     </span>
     <span class='ocr_line' id='line_1_7' title="bbox 338 1189 1445 1276; baseline -0.005 -19"><span class='ocrx_word' id='word_1_53' title='bbox 338 1191 536 1276; x_wconf 85' lang='lat' dir='ltr'><strong>usquemodo</strong></span> <span class='ocrx_word' id='word_1_54' title='bbox 553 1211 609 1255; x_wconf 92' lang='lat' dir='ltr'><strong>seu</strong></span> <span class='ocrx_word' id='word_1_55' title='bbox 625 1209 727 1274; x_wconf 93' lang='lat' dir='ltr'><strong>usque</strong></span> <span class='ocrx_word' id='word_1_56' title='bbox 744 1189 857 1254; x_wconf 91' lang='lat' dir='ltr'><strong>datum</strong></span> <span class='ocrx_word' id='word_1_57' title='bbox 872 1191 1075 1273; x_wconf 90' lang='lat' dir='ltr'><strong>presencium</strong></span> <span class='ocrx_word' id='word_1_58' title='bbox 1085 1195 1268 1254; x_wconf 86' lang='lat' dir='ltr'><strong>nostrarum</strong></span> <span class='ocrx_word' id='word_1_59' title='bbox 1284 1189 1445 1254; x_wconf 83' lang='lat' dir='ltr'><strong>litterarum</strong></span> 
     </span>
     <span class='ocr_line' id='line_1_8' title="bbox 344 1298 1449 1386; baseline -0.003 -21"><span class='ocrx_word' id='word_1_60' title='bbox 344 1322 402 1386; x_wconf 88' lang='lat' dir='ltr'><strong>per</strong></span> <span class='ocrx_word' id='word_1_61' title='bbox 418 1300 685 1385; x_wconf 88' lang='lat' dir='ltr'><strong>composicionem</strong></span> <span class='ocrx_word' id='word_1_62' title='bbox 702 1304 736 1364; x_wconf 89' lang='lat' dir='ltr'><strong>et</strong></span> <span class='ocrx_word' id='word_1_63' title='bbox 751 1299 923 1364; x_wconf 79' lang='lat' dir='ltr'><strong>arbitrium</strong></span> <span class='ocrx_word' id='word_1_64' title='bbox 940 1298 1116 1384; x_wconf 89' lang='lat' dir='ltr'><strong>proborum</strong></span> <span class='ocrx_word' id='word_1_65' title='bbox 1131 1299 1273 1364; x_wconf 75' lang='lat' dir='ltr'><strong>virorum</strong></span> <span class='ocrx_word' id='word_1_66' title='bbox 1298 1303 1402 1363; x_wconf 85' lang='lat' dir='ltr'><strong>mutuo</strong></span> <span class='ocrx_word' id='word_1_67' title='bbox 1423 1303 1449 1362; x_wconf 87' lang='lat' dir='ltr'><strong>et</strong></span> 
     </span>
     <span class='ocr_line' id='line_1_9' title="bbox 342 1405 1446 1492; baseline -0.005 -18"><span class='ocrx_word' id='word_1_68' title='bbox 342 1410 375 1474; x_wconf 93' lang='lat' dir='ltr'><strong>in</strong></span> <span class='ocrx_word' id='word_1_69' title='bbox 393 1409 587 1475; x_wconf 86' lang='lat' dir='ltr'><strong>alterutrum</strong></span> <span class='ocrx_word' id='word_1_70' title='bbox 603 1409 663 1474; x_wconf 88' lang='lat' dir='ltr'><strong>sibi</strong></span> <span class='ocrx_word' id='word_1_71' title='bbox 689 1407 922 1474; x_wconf 80' lang='lat' dir='ltr'><strong>satisfacientes</strong></span> <span class='ocrx_word' id='word_1_72' title='bbox 947 1407 1108 1492; x_wconf 87' lang='lat' dir='ltr'><strong>adplene</strong></span> <span class='ocrx_word' id='word_1_73' title='bbox 1133 1409 1222 1492; x_wconf 84' lang='lat' dir='ltr'><strong>pacis</strong></span> <span class='ocrx_word' id='word_1_74' title='bbox 1248 1413 1281 1472; x_wconf 83' lang='lat' dir='ltr'><strong>et</strong></span> <span class='ocrx_word' id='word_1_75' title='bbox 1296 1405 1446 1474; x_wconf 83' lang='lat' dir='ltr'><strong>concordie</strong></span> 
     </span>
     <span class='ocr_line' id='line_1_10' title="bbox 341 1512 1447 1600; baseline -0.005 -18"><span class='ocrx_word' id='word_1_76' title='bbox 341 1517 541 1582; x_wconf 85' lang='lat' dir='ltr'><strong>devenissent</strong></span> <span class='ocrx_word' id='word_1_77' title='bbox 557 1517 706 1582; x_wconf 89' lang='lat' dir='ltr'><strong>unionem</strong></span> <span class='ocrx_word' id='word_1_78' title='bbox 720 1516 848 1600; x_wconf 85' lang='lat' dir='ltr'><strong>etquod</strong></span> <span class='ocrx_word' id='word_1_79' title='bbox 864 1521 981 1582; x_wconf 84' lang='lat' dir='ltr'><strong>neutra</strong></span> <span class='ocrx_word' id='word_1_80' title='bbox 991 1517 1137 1600; x_wconf 88' lang='lat' dir='ltr'><strong>parcium</strong></span> <span class='ocrx_word' id='word_1_81' title='bbox 1153 1523 1231 1582; x_wconf 88' lang='lat' dir='ltr'><strong>tunc</strong></span> <span class='ocrx_word' id='word_1_82' title='bbox 1242 1512 1447 1600; x_wconf 87' lang='lat' dir='ltr'><strong>inpartsmal-</strong></span> 
     </span>
     <span class='ocr_line' id='line_1_11' title="bbox 341 1623 1450 1709; baseline -0.006 -18"><span class='ocrx_word' id='word_1_83' title='bbox 341 1631 446 1692; x_wconf 86' lang='lat' dir='ltr'><strong>teram</strong></span> <span class='ocrx_word' id='word_1_84' title='bbox 462 1627 563 1692; x_wconf 86' lang='lat' dir='ltr'><strong>ullam</strong></span> <span class='ocrx_word' id='word_1_85' title='bbox 579 1625 706 1708; x_wconf 92' lang='lat' dir='ltr'><strong>penitus</strong></span> <span class='ocrx_word' id='word_1_86' title='bbox 722 1645 851 1690; x_wconf 87' lang='lat' dir='ltr'><strong>movere</strong></span> <span class='ocrx_word' id='word_1_87' title='bbox 876 1625 983 1690; x_wconf 87' lang='lat' dir='ltr'><strong>valeat</strong></span> <span class='ocrx_word' id='word_1_88' title='bbox 999 1625 1168 1690; x_wconf 87' lang='lat' dir='ltr'><strong>materiam</strong></span> <span class='ocrx_word' id='word_1_89' title='bbox 1194 1623 1369 1709; x_wconf 88' lang='lat' dir='ltr'><strong>quescionis</strong></span> <span class='ocrx_word' id='word_1_90' title='bbox 1384 1625 1450 1686; x_wconf 88' lang='lat' dir='ltr'><strong>tem·</strong></span> 
     </span>
     <span class='ocr_line' id='line_1_12' title="bbox 340 1729 1445 1821; baseline -0.01 -19"><span class='ocrx_word' id='word_1_91' title='bbox 340 1735 428 1821; x_wconf 92' lang='lat' dir='ltr'><strong>poris</strong></span> <span class='ocrx_word' id='word_1_92' title='bbox 444 1735 477 1800; x_wconf 91' lang='lat' dir='ltr'><strong>in</strong></span> <span class='ocrx_word' id='word_1_93' title='bbox 493 1755 651 1820; x_wconf 88' lang='lat' dir='ltr'><strong>processu,</strong></span> <span class='ocrx_word' id='word_1_94' title='bbox 668 1735 693 1798; x_wconf 91' lang='lat' dir='ltr'><strong>si</strong></span> <span class='ocrx_word' id='word_1_95' title='bbox 710 1755 773 1818; x_wconf 89' lang='lat' dir='ltr'><strong>qua</strong></span> <span class='ocrx_word' id='word_1_96' title='bbox 790 1754 865 1798; x_wconf 82' lang='lat' dir='ltr'><strong>vero</strong></span> <span class='ocrx_word' id='word_1_97' title='bbox 881 1733 1027 1816; x_wconf 90' lang='lat' dir='ltr'><strong>parcium</strong></span> <span class='ocrx_word' id='word_1_98' title='bbox 1052 1739 1164 1798; x_wconf 89' lang='lat' dir='ltr'><strong>contra</strong></span> <span class='ocrx_word' id='word_1_99' title='bbox 1188 1737 1313 1817; x_wconf 82' lang='lat' dir='ltr'><strong>partem</strong></span> <span class='ocrx_word' id='word_1_100' title='bbox 1328 1729 1445 1795; x_wconf 84' lang='lat' dir='ltr'><strong>alteram</strong></span> 
     </span>
     <span class='ocr_line' id='line_1_13' title="bbox 341 1837 1449 1927; baseline -0.008 -19"><span class='ocrx_word' id='word_1_101' title='bbox 341 1863 437 1927; x_wconf 88' lang='lat' dir='ltr'><strong>super</strong></span> <span class='ocrx_word' id='word_1_102' title='bbox 468 1841 617 1908; x_wconf 91' lang='lat' dir='ltr'><strong>omnibus</strong></span> <span class='ocrx_word' id='word_1_103' title='bbox 632 1842 798 1926; x_wconf 90' lang='lat' dir='ltr'><strong>premissis</strong></span> <span class='ocrx_word' id='word_1_104' title='bbox 829 1847 863 1906; x_wconf 87' lang='grc'><strong>61</strong></span> <span class='ocrx_word' id='word_1_105' title='bbox 893 1840 1030 1925; x_wconf 86' lang='lat' dir='ltr'><strong>siugulis</strong></span> <span class='ocrx_word' id='word_1_106' title='bbox 1055 1841 1286 1924; x_wconf 87' lang='lat' dir='ltr'><strong>premissorum</strong></span> <span class='ocrx_word' id='word_1_107' title='bbox 1300 1837 1449 1902; x_wconf 85' lang='lat' dir='ltr'><strong>materiam</strong></span> 
     </span>
     <span class='ocr_line' id='line_1_14' title="bbox 342 1949 1447 2036; baseline -0.007 -20"><span class='ocrx_word' id='word_1_108' title='bbox 342 1951 520 2036; x_wconf 88' lang='lat' dir='ltr'><strong>questionis</strong></span> <span class='ocrx_word' id='word_1_109' title='bbox 536 1971 663 2016; x_wconf 88' lang='lat' dir='ltr'><strong>movere</strong></span> <span class='ocrx_word' id='word_1_110' title='bbox 680 1951 890 2015; x_wconf 86' lang='lat' dir='ltr'><strong>attentaverit</strong></span> <span class='ocrx_word' id='word_1_111' title='bbox 905 1949 1167 2033; x_wconf 90' lang='lat' dir='ltr'><strong>quandocunque</strong></span> <span class='ocrx_word' id='word_1_112' title='bbox 1184 1952 1303 2013; x_wconf 80' lang='lat' dir='ltr'><strong>extunc</strong></span> <span class='ocrx_word' id='word_1_113' title='bbox 1317 1953 1393 2031; x_wconf 84' lang='lat' dir='ltr'><strong>pene</strong></span> <span class='ocrx_word' id='word_1_114' title='bbox 1406 1965 1447 2007; x_wconf 83' lang='lat' dir='ltr'><strong>ce·</strong></span> 
     </span>
     <span class='ocr_line' id='line_1_15' title="bbox 341 2057 1540 2148; baseline -0.007 -23"><span class='ocrx_word' id='word_1_115' title='bbox 341 2061 461 2127; x_wconf 91' lang='lat' dir='ltr'><strong>lumnie</strong></span> <span class='ocrx_word' id='word_1_116' title='bbox 492 2061 657 2126; x_wconf 86' lang='lat' dir='ltr'><strong>subiaceat</strong></span> <span class='ocrx_word' id='word_1_117' title='bbox 689 2081 725 2124; x_wconf 88' lang='lat' dir='ltr'><strong>eo</strong></span> <span class='ocrx_word' id='word_1_118' title='bbox 757 2059 852 2125; x_wconf 84' lang='lat' dir='ltr'><strong>iacto.</strong></span> <span class='ocrx_word' id='word_1_119' title='bbox 883 2059 1008 2124; x_wconf 85' lang='lat' dir='ltr'><strong>Datum</strong></span> <span class='ocrx_word' id='word_1_120' title='bbox 1041 2059 1203 2124; x_wconf 91' lang='lat' dir='ltr'><strong>dominica</strong></span> <span class='ocrx_word' id='word_1_121' title='bbox 1230 2057 1371 2142; x_wconf 84' lang='lat' dir='ltr'><strong>proxima</strong></span> <span class='ocrx_word' id='word_1_122' title='bbox 1386 2059 1449 2119; x_wconf 87' lang='lat' dir='ltr'><strong>ante</strong></span> <span class='ocrx_word' id='word_1_123' title='bbox 1539 2121 1540 2148; x_wconf 23' lang='lat'>¹</span> 
     </span>
    </p>
   </div>
   <div class='ocr_carea' id='block_1_3' title="bbox 342 2157 1540 2342">
    <p class='ocr_par' dir='ltr' id='par_1_3' title="bbox 342 2157 1540 2342">
     <span class='ocr_line' id='line_1_16' title="bbox 342 2157 1540 2253; baseline -0.008 -21"><span class='ocrx_word' id='word_1_124' title='bbox 342 2167 461 2234; x_wconf 85' lang='lat' dir='ltr'><strong>festum</strong></span> <span class='ocrx_word' id='word_1_125' title='bbox 494 2169 582 2234; x_wconf 86' lang='lat' dir='ltr'><strong>beati</strong></span> <span class='ocrx_word' id='word_1_126' title='bbox 617 2167 781 2234; x_wconf 83' lang='lat' dir='ltr'><strong>Johannis</strong></span> <span class='ocrx_word' id='word_1_127' title='bbox 812 2167 981 2253; x_wconf 85' lang='lat' dir='ltr'><strong>Baptiste,</strong></span> <span class='ocrx_word' id='word_1_128' title='bbox 1013 2188 1098 2232; x_wconf 85' lang='lat' dir='ltr'><strong>enno</strong></span> <span class='ocrx_word' id='word_1_129' title='bbox 1129 2167 1251 2232; x_wconf 91' lang='lat' dir='ltr'><strong>domini</strong></span> <span class='ocrx_word' id='word_1_130' title='bbox 1282 2164 1333 2229; x_wconf 83' lang='grc' dir='ltr'><strong>Μ0</strong></span> <span class='ocrx_word' id='word_1_131' title='bbox 1361 2158 1448 2229; x_wconf 73' lang='lat' dir='ltr'><strong>ced</strong></span> <span class='ocrx_word' id='word_1_132' title='bbox 1539 2157 1540 2186; x_wconf 52' lang='grc'>1</span> 
     </span>
     <span class='ocr_line' id='line_1_17' title="bbox 342 2275 480 2342; baseline -0.007 1"><span class='ocrx_word' id='word_1_133' title='bbox 342 2275 480 2342; x_wconf 75' lang='lat' dir='ltr'>XXX0.</span> 
     </span>
    </p>
   </div>
   <div class='ocr_carea' id='block_1_4' title="bbox 342 2435 1449 2594">
    <p class='ocr_par' dir='ltr' id='par_1_4' title="bbox 342 2435 1449 2594">
     <span class='ocr_line' id='line_1_18' title="bbox 450 2435 1449 2504; baseline -0.008 -16"><span class='ocrx_word' id='word_1_134' title='bbox 450 2440 579 2490; x_wconf 73' lang='lat' dir='ltr'><strong>zurlatsn</strong></span> <span class='ocrx_word' id='word_1_135' title='bbox 600 2439 694 2503; x_wconf 78' lang='lat' dir='ltr'><strong>pecset</strong></span> <span class='ocrx_word' id='word_1_136' title='bbox 716 2439 893 2504; x_wconf 78' lang='lat' dir='ltr'><strong>nyomuiva13</strong></span> <span class='ocrx_word' id='word_1_137' title='bbox 913 2438 1044 2502; x_wconf 79' lang='lat' dir='ltr'><strong>credetije</strong></span> <span class='ocrx_word' id='word_1_138' title='bbox 1066 2454 1098 2488; x_wconf 85' lang='lat' dir='ltr'><strong>ez</strong></span> <span class='ocrx_word' id='word_1_139' title='bbox 1122 2453 1192 2488; x_wconf 83' lang='lat' dir='ltr'><strong>orez.</strong></span> <span class='ocrx_word' id='word_1_140' title='bbox 1216 2437 1377 2487; x_wconf 75' lang='lat' dir='ltr'><strong>ltdrkincst.</strong></span> <span class='ocrx_word' id='word_1_141' title='bbox 1394 2435 1449 2483; x_wconf 85' lang='lat' dir='ltr'><strong>oszt</strong></span> 
     </span>
     <span class='ocr_line' id='line_1_19' title="bbox 342 2527 1230 2594; baseline -0.003 -13"><span class='ocrx_word' id='word_1_142' title='bbox 342 2531 376 2581; x_wconf 88' lang='lat' dir='ltr'><strong>N.</strong></span> <span class='ocrx_word' id='word_1_143' title='bbox 389 2531 421 2580; x_wconf 88' lang='lat' dir='ltr'><strong>R.</strong></span> <span class='ocrx_word' id='word_1_144' title='bbox 435 2531 468 2581; x_wconf 77' lang='lat' dir='ltr'><strong>A.</strong></span> <span class='ocrx_word' id='word_1_145' title='bbox 492 2535 568 2580; x_wconf 77' lang='lat'><strong>1507.</strong></span> <span class='ocrx_word' id='word_1_146' title='bbox 583 2533 624 2580; x_wconf 78' lang='lat'><strong>24.</strong></span> <span class='ocrx_word' id='word_1_147' title='bbox 639 2531 704 2594; x_wconf 86' lang='lat' dir='ltr'><strong>dipl.</strong></span> <span class='ocrx_word' id='word_1_148' title='bbox 718 2530 790 2580; x_wconf 73' lang='lat' dir='ltr'><strong>lucr:</strong></span> <span class='ocrx_word' id='word_1_149' title='bbox 806 2534 883 2579; x_wconf 83' lang='grc'>2616.</span> <span class='ocrx_word' id='word_1_150' title='bbox 898 2529 994 2579; x_wconf 76' lang='lat' dir='ltr'><strong>szli:</strong></span> <span class='ocrx_word' id='word_1_151' title='bbox 1014 2529 1116 2579; x_wconf 88' lang='lat' dir='ltr'><strong>Vincze</strong></span> <span class='ocrx_word' id='word_1_152' title='bbox 1129 2527 1230 2578; x_wconf 73' lang='grc'>(111161.</span> 
     </span>
    </p>
   </div>
   <div class='ocr_carea' id='block_1_5' title="bbox 345 3085 1448 3177">
    <p class='ocr_par' dir='ltr' id='par_1_5' title="bbox 345 3085 1448 3177">
     <span class='ocr_line' id='line_1_20' title="bbox 345 3085 1448 3177; baseline -0.011 -20"><span class='ocrx_word' id='word_1_153' title='bbox 345 3095 441 3158; x_wconf 83' lang='grc'>1330.</span> <span class='ocrx_word' id='word_1_154' title='bbox 450 3095 526 3177; x_wconf 79' lang='lat' dir='ltr'><strong>jun.</strong></span> <span class='ocrx_word' id='word_1_155' title='bbox 545 3094 596 3156; x_wconf 80' lang='lat'><strong>17.</strong></span> <span class='ocrx_word' id='word_1_156' title='bbox 615 3091 644 3156; x_wconf 84' lang='lat' dir='ltr'><em>A</em></span> <span class='ocrx_word' id='word_1_157' title='bbox 661 3093 751 3174; x_wconf 71' lang='lat' dir='ltr'><strong>prdcsi</strong></span> <span class='ocrx_word' id='word_1_158' title='bbox 766 3091 925 3174; x_wconf 78' lang='lat' dir='ltr'><strong>kciptclon</strong></span> <span class='ocrx_word' id='word_1_159' title='bbox 942 3114 963 3154; x_wconf 82' lang='lat' dir='ltr'><strong>o</strong></span> <span class='ocrx_word' id='word_1_160' title='bbox 979 3090 1141 3174; x_wconf 79' lang='lat' dir='ltr'><strong>Barauya</strong></span> <span class='ocrx_word' id='word_1_161' title='bbox 1158 3089 1336 3176; x_wconf 74' lang='lat' dir='ltr'><strong>scir-rneppei</strong></span> <span class='ocrx_word' id='word_1_162' title='bbox 1362 3085 1448 3168; x_wconf 70' lang='lat' dir='ltr'><strong>saepiri</strong></span> 
     </span>
    </p>
   </div>
   <div class='ocr_carea' id='block_1_6' title="bbox 340 3353 1539 4750">
    <p class='ocr_par' dir='ltr' id='par_1_6' title="bbox 340 3353 1539 4750">
     <span class='ocr_line' id='line_1_21' title="bbox 449 3353 1450 3443; baseline -0.008 -17"><span class='ocrx_word' id='word_1_163' title='bbox 449 3358 519 3426; x_wconf 91' lang='lat' dir='ltr'><strong>Nos</strong></span> <span class='ocrx_word' id='word_1_164' title='bbox 536 3359 716 3443; x_wconf 84' lang='lat' dir='ltr'><strong>capitulum</strong></span> <span class='ocrx_word' id='word_1_165' title='bbox 732 3358 864 3424; x_wconf 88' lang='lat' dir='ltr'><strong>ecclesie</strong></span> <span class='ocrx_word' id='word_1_166' title='bbox 890 3355 1243 3440; x_wconf 80' lang='lat' dir='ltr'><strong>Quinqneeoclesiensis</strong></span> <span class='ocrx_word' id='word_1_167' title='bbox 1259 3407 1266 3422; x_wconf 91' lang='lat'><strong>.</strong></span> <span class='ocrx_word' id='word_1_168' title='bbox 1284 3406 1290 3422; x_wconf 92' lang='lat'>.</span> <span class='ocrx_word' id='word_1_169' title='bbox 1307 3353 1450 3440; x_wconf 85' lang='lat' dir='ltr'><strong>siguifica-</strong></span> 
     </span>
     <span class='ocr_line' id='line_1_22' title="bbox 343 3464 1450 3551; baseline -0.011 -15"><span class='ocrx_word' id='word_1_170' title='bbox 343 3491 414 3536; x_wconf 87' lang='lat' dir='ltr'><strong>mus</strong></span> <span class='ocrx_word' id='word_1_171' title='bbox 431 3519 437 3534; x_wconf 91' lang='lat'>.</span> <span class='ocrx_word' id='word_1_172' title='bbox 456 3519 462 3534; x_wconf 91' lang='lat'><em>.</em></span> <span class='ocrx_word' id='word_1_173' title='bbox 480 3466 656 3551; x_wconf 90' lang='lat' dir='ltr'><strong>quodcum</strong></span> <span class='ocrx_word' id='word_1_174' title='bbox 672 3488 731 3531; x_wconf 94' lang='lat' dir='ltr'><strong>nos</strong></span> <span class='ocrx_word' id='word_1_175' title='bbox 746 3466 839 3532; x_wconf 82' lang='lat' dir='ltr'><strong>iuxta</strong></span> <span class='ocrx_word' id='word_1_176' title='bbox 855 3471 1000 3530; x_wconf 89' lang='lat' dir='ltr'><strong>tenorem</strong></span> <span class='ocrx_word' id='word_1_177' title='bbox 1025 3465 1210 3530; x_wconf 91' lang='lat' dir='ltr'><strong>litterarum</strong></span> <span class='ocrx_word' id='word_1_178' title='bbox 1227 3513 1234 3530; x_wconf 91' lang='lat'><strong>.</strong></span> <span class='ocrx_word' id='word_1_179' title='bbox 1251 3515 1258 3528; x_wconf 92' lang='lat'><em>.</em></span> <span class='ocrx_word' id='word_1_180' title='bbox 1275 3464 1392 3531; x_wconf 90' lang='lat' dir='ltr'><strong>domini</strong></span> <span class='ocrx_word' id='word_1_181' title='bbox 1413 3485 1450 3526; x_wconf 85' lang='lat' dir='ltr'><strong>re·</strong></span> 
     </span>
     <span class='ocr_line' id='line_1_23' title="bbox 342 3570 1539 3662; baseline -0.009 -19"><span class='ocrx_word' id='word_1_182' title='bbox 342 3579 391 3662; x_wconf 85' lang='lat' dir='ltr'><strong>gis</strong></span> <span class='ocrx_word' id='word_1_183' title='bbox 408 3576 585 3642; x_wconf 89' lang='lat' dir='ltr'><strong>discretum</strong></span> <span class='ocrx_word' id='word_1_184' title='bbox 601 3575 706 3640; x_wconf 74' lang='lat' dir='ltr'><strong>virum</strong></span> <span class='ocrx_word' id='word_1_185' title='bbox 722 3576 912 3659; x_wconf 86' lang='lat' dir='ltr'><strong>magistrum</strong></span> <span class='ocrx_word' id='word_1_186' title='bbox 928 3571 1064 3638; x_wconf 87' lang='lat' dir='ltr'><strong>Petrum</strong></span> <span class='ocrx_word' id='word_1_187' title='bbox 1075 3570 1289 3639; x_wconf 88' lang='lat' dir='ltr'><strong>Orodiensem</strong></span> <span class='ocrx_word' id='word_1_188' title='bbox 1305 3575 1418 3640; x_wconf 90' lang='lat' dir='ltr'><strong>socium</strong></span> <span class='ocrx_word' id='word_1_189' title='bbox 1427 3573 1451 3634; x_wconf 91' lang='lat' dir='ltr'><strong>et</strong></span> <span class='ocrx_word' id='word_1_190' title='bbox 1538 3571 1539 3642; x_wconf 44' lang='grc' dir='ltr'>ζ</span> 
     </span>
     <span class='ocr_line' id='line_1_24' title="bbox 343 3681 1449 3766; baseline -0.01 -14"><span class='ocrx_word' id='word_1_191' title='bbox 343 3685 594 3752; x_wconf 86' lang='lat' dir='ltr'><strong>concanonicum</strong></span> <span class='ocrx_word' id='word_1_192' title='bbox 619 3687 767 3748; x_wconf 89' lang='lat' dir='ltr'><strong>nostrum</strong></span> <span class='ocrx_word' id='word_1_193' title='bbox 798 3683 839 3747; x_wconf 86' lang='lat' dir='ltr'><strong>ad</strong></span> <span class='ocrx_word' id='word_1_194' title='bbox 864 3681 1052 3748; x_wconf 83' lang='lat' dir='ltr'><strong>dividendas</strong></span> <span class='ocrx_word' id='word_1_195' title='bbox 1077 3683 1293 3766; x_wconf 90' lang='lat' dir='ltr'><strong>possessiones</strong></span> <span class='ocrx_word' id='word_1_196' title='bbox 1309 3681 1449 3747; x_wconf 88' lang='lat' dir='ltr'><strong>nobilium</strong></span> 
     </span>
     <span class='ocr_line' id='line_1_25' title="bbox 344 3785 1450 3877; baseline -0.01 -17"><span class='ocrx_word' id='word_1_197' title='bbox 344 3793 623 3877; x_wconf 74' lang='lat' dir='ltr'><strong>infrascriptorum</strong></span> <span class='ocrx_word' id='word_1_198' title='bbox 648 3796 799 3876; x_wconf 86' lang='lat' dir='ltr'><strong>presente</strong></span> <span class='ocrx_word' id='word_1_199' title='bbox 830 3791 946 3856; x_wconf 89' lang='lat' dir='ltr'><strong>comite</strong></span> <span class='ocrx_word' id='word_1_200' title='bbox 971 3787 996 3854; x_wconf 90' lang='lat' dir='ltr'><strong>J</strong></span> <span class='ocrx_word' id='word_1_201' title='bbox 998 3789 1099 3855; x_wconf 89' lang='lat' dir='ltr'><strong>acobo</strong></span> <span class='ocrx_word' id='word_1_202' title='bbox 1125 3787 1192 3854; x_wconf 85' lang='grc'>11116</span> <span class='ocrx_word' id='word_1_203' title='bbox 1218 3788 1326 3854; x_wconf 86' lang='lat' dir='ltr'><strong>Beeke</strong></span> <span class='ocrx_word' id='word_1_204' title='bbox 1345 3785 1450 3854; x_wconf 92' lang='lat' dir='ltr'><strong>homini</strong></span> 
     </span>
     <span class='ocr_line' id='line_1_26' title="bbox 342 3896 1450 3985; baseline -0.009 -18"><span class='ocrx_word' id='word_1_205' title='bbox 342 3902 463 3967; x_wconf 92' lang='lat' dir='ltr'><strong>domini</strong></span> <span class='ocrx_word' id='word_1_206' title='bbox 480 3901 565 3985; x_wconf 85' lang='lat' dir='ltr'><strong>regis</strong></span> <span class='ocrx_word' id='word_1_207' title='bbox 575 3905 607 3964; x_wconf 88' lang='lat' dir='ltr'><strong>et</strong></span> <span class='ocrx_word' id='word_1_208' title='bbox 623 3899 666 3964; x_wconf 85' lang='lat' dir='ltr'><strong>ad</strong></span> <span class='ocrx_word' id='word_1_209' title='bbox 683 3899 871 3984; x_wconf 84' lang='lat' dir='ltr'><strong>exequenda</strong></span> <span class='ocrx_word' id='word_1_210' title='bbox 880 3897 1089 3982; x_wconf 86' lang='lat' dir='ltr'><strong>infrascripta</strong></span> <span class='ocrx_word' id='word_1_211' title='bbox 1104 3898 1303 3963; x_wconf 90' lang='lat' dir='ltr'><strong>misissemus</strong></span> <span class='ocrx_word' id='word_1_212' title='bbox 1319 3896 1450 3980; x_wconf 84' lang='lat' dir='ltr'><strong>idemque</strong></span> 
     </span>
     <span class='ocr_line' id='line_1_27' title="bbox 341 4005 1450 4094; baseline -0.006 -19"><span class='ocrx_word' id='word_1_213' title='bbox 341 4011 494 4094; x_wconf 86' lang='lat' dir='ltr'><strong>magister</strong></span> <span class='ocrx_word' id='word_1_214' title='bbox 510 4007 630 4074; x_wconf 89' lang='lat' dir='ltr'><strong>Petrus</strong></span> <span class='ocrx_word' id='word_1_215' title='bbox 645 4007 741 4074; x_wconf 94' lang='lat' dir='ltr'><strong>homo</strong></span> <span class='ocrx_word' id='word_1_216' title='bbox 758 4014 869 4074; x_wconf 90' lang='lat' dir='ltr'><strong>noster</strong></span> <span class='ocrx_word' id='word_1_217' title='bbox 886 4013 918 4072; x_wconf 91' lang='lat' dir='ltr'><strong>et</strong></span> <span class='ocrx_word' id='word_1_218' title='bbox 934 4028 1039 4073; x_wconf 89' lang='lat' dir='ltr'><strong>comes</strong></span> <span class='ocrx_word' id='word_1_219' title='bbox 1055 4005 1080 4072; x_wconf 91' lang='lat' dir='ltr'><strong>J</strong></span> <span class='ocrx_word' id='word_1_220' title='bbox 1081 4006 1202 4073; x_wconf 89' lang='lat' dir='ltr'><strong>acobus</strong></span> <span class='ocrx_word' id='word_1_221' title='bbox 1226 4005 1323 4073; x_wconf 92' lang='lat' dir='ltr'><strong>homo</strong></span> <span class='ocrx_word' id='word_1_222' title='bbox 1340 4006 1450 4072; x_wconf 86' lang='lat' dir='ltr'><strong>domino</strong></span> 
     </span>
     <span class='ocr_line' id='line_1_28' title="bbox 342 4114 1451 4202; baseline -0.007 -18"><span class='ocrx_word' id='word_1_223' title='bbox 342 4119 427 4202; x_wconf 82' lang='lat' dir='ltr'><strong>regis</strong></span> <span class='ocrx_word' id='word_1_224' title='bbox 443 4139 527 4184; x_wconf 90' lang='lat' dir='ltr'><strong>unus</strong></span> <span class='ocrx_word' id='word_1_225' title='bbox 543 4118 667 4184; x_wconf 89' lang='lat' dir='ltr'><strong>scilicet</strong></span> <span class='ocrx_word' id='word_1_226' title='bbox 684 4118 723 4182; x_wconf 90' lang='lat' dir='ltr'><strong>de</strong></span> <span class='ocrx_word' id='word_1_227' title='bbox 740 4123 880 4201; x_wconf 87' lang='lat' dir='ltr'><strong>quatuor</strong></span> <span class='ocrx_word' id='word_1_228' title='bbox 911 4114 1071 4182; x_wconf 88' lang='lat' dir='ltr'><strong>iudicibus</strong></span> <span class='ocrx_word' id='word_1_229' title='bbox 1086 4117 1244 4181; x_wconf 91' lang='lat' dir='ltr'><strong>nobilium</strong></span> <span class='ocrx_word' id='word_1_230' title='bbox 1261 4116 1301 4182; x_wconf 91' lang='lat' dir='ltr'><strong>de</strong></span> <span class='ocrx_word' id='word_1_231' title='bbox 1317 4117 1451 4198; x_wconf 71' lang='lat' dir='ltr'><strong>Baranyc</strong></span> 
     </span>
     <span class='ocr_line' id='line_1_29' title="bbox 344 4225 1450 4311; baseline -0.004 -19"><span class='ocrx_word' id='word_1_232' title='bbox 344 4249 481 4292; x_wconf 89' lang='lat' dir='ltr'><strong>unacum</strong></span> <span class='ocrx_word' id='word_1_233' title='bbox 497 4225 635 4292; x_wconf 88' lang='lat' dir='ltr'><strong>Nicolao</strong></span> <span class='ocrx_word' id='word_1_234' title='bbox 651 4225 718 4292; x_wconf 87' lang='lat' dir='ltr'><strong>filio</strong></span> <span class='ocrx_word' id='word_1_235' title='bbox 734 4227 911 4293; x_wconf 79' lang='lat' dir='ltr'><strong>Larmeneii</strong></span> <span class='ocrx_word' id='word_1_236' title='bbox 927 4226 967 4292; x_wconf 86' lang='grc'><strong>(16</strong></span> <span class='ocrx_word' id='word_1_237' title='bbox 982 4225 1105 4311; x_wconf 85' lang='lat' dir='ltr'><strong>Lypow</strong></span> <span class='ocrx_word' id='word_1_238' title='bbox 1121 4232 1152 4290; x_wconf 87' lang='lat' dir='ltr'><strong>et</strong></span> <span class='ocrx_word' id='word_1_239' title='bbox 1178 4225 1342 4292; x_wconf 88' lang='lat' dir='ltr'><strong>nobilibus</strong></span> <span class='ocrx_word' id='word_1_240' title='bbox 1358 4230 1450 4310; x_wconf 82' lang='lat' dir='ltr'><strong>preta-</strong></span> 
     </span>
     <span class='ocr_line' id='line_1_30' title="bbox 342 4333 1451 4402; baseline -0.006 0"><span class='ocrx_word' id='word_1_241' title='bbox 342 4337 403 4402; x_wconf 89' lang='lat' dir='ltr'><strong>ctis</strong></span> <span class='ocrx_word' id='word_1_242' title='bbox 419 4336 568 4402; x_wconf 82' lang='lat' dir='ltr'><strong>videlicet</strong></span> <span class='ocrx_word' id='word_1_243' title='bbox 585 4337 702 4402; x_wconf 87' lang='lat' dir='ltr'><strong>comite</strong></span> <span class='ocrx_word' id='word_1_244' title='bbox 717 4335 825 4402; x_wconf 90' lang='lat' dir='ltr'><strong>Paulo</strong></span> <span class='ocrx_word' id='word_1_245' title='bbox 841 4335 909 4401; x_wconf 88' lang='lat' dir='ltr'><strong>filio</strong></span> <span class='ocrx_word' id='word_1_246' title='bbox 925 4335 1022 4401; x_wconf 89' lang='lat' dir='ltr'><strong>Pauli</strong></span> <span class='ocrx_word' id='word_1_247' title='bbox 1039 4341 1072 4400; x_wconf 86' lang='lat' dir='ltr'><strong>et</strong></span> <span class='ocrx_word' id='word_1_248' title='bbox 1087 4333 1225 4401; x_wconf 88' lang='lat' dir='ltr'><strong>Nicolao</strong></span> <span class='ocrx_word' id='word_1_249' title='bbox 1241 4334 1310 4401; x_wconf 89' lang='lat' dir='ltr'><strong>filio</strong></span> <span class='ocrx_word' id='word_1_250' title='bbox 1328 4333 1451 4402; x_wconf 85' lang='lat' dir='ltr'><strong>eiusdem</strong></span> 
     </span>
     <span class='ocr_line' id='line_1_31' title="bbox 340 4441 1452 4530; baseline -0.006 -22"><span class='ocrx_word' id='word_1_251' title='bbox 340 4446 419 4510; x_wconf 89' lang='lat' dir='ltr'><strong>item</strong></span> <span class='ocrx_word' id='word_1_252' title='bbox 451 4442 617 4530; x_wconf 85' lang='lat' dir='ltr'><strong>Stephano</strong></span> <span class='ocrx_word' id='word_1_253' title='bbox 634 4442 772 4510; x_wconf 86' lang='lat' dir='ltr'><strong>Nicolao</strong></span> <span class='ocrx_word' id='word_1_254' title='bbox 790 4451 824 4511; x_wconf 83' lang='lat' dir='ltr'><strong>et</strong></span> <span class='ocrx_word' id='word_1_255' title='bbox 839 4443 1000 4510; x_wconf 85' lang='lat' dir='ltr'><strong>Michaele</strong></span> <span class='ocrx_word' id='word_1_256' title='bbox 1015 4442 1089 4508; x_wconf 90' lang='lat' dir='ltr'><strong>filiis</strong></span> <span class='ocrx_word' id='word_1_257' title='bbox 1115 4441 1141 4510; x_wconf 85' lang='lat' dir='ltr'><strong>J</strong></span> <span class='ocrx_word' id='word_1_258' title='bbox 1142 4443 1279 4509; x_wconf 84' lang='lat' dir='ltr'><strong>ohannis</strong></span> <span class='ocrx_word' id='word_1_259' title='bbox 1306 4441 1452 4511; x_wconf 89' lang='lat' dir='ltr'><strong>nobilibus</strong></span> 
     </span>
     <span class='ocr_line' id='line_1_32' title="bbox 342 4549 1448 4637; baseline -0.005 -20"><span class='ocrx_word' id='word_1_260' title='bbox 342 4552 381 4617; x_wconf 83' lang='lat' dir='ltr'><strong>de</strong></span> <span class='ocrx_word' id='word_1_261' title='bbox 397 4551 506 4637; x_wconf 81' lang='lat' dir='ltr'><strong>Weyk</strong></span> <span class='ocrx_word' id='word_1_262' title='bbox 522 4553 565 4618; x_wconf 90' lang='lat' dir='ltr'><strong>ad</strong></span> <span class='ocrx_word' id='word_1_263' title='bbox 582 4575 639 4618; x_wconf 89' lang='lat' dir='ltr'><strong>nos</strong></span> <span class='ocrx_word' id='word_1_264' title='bbox 655 4555 776 4618; x_wconf 84' lang='lat' dir='ltr'><strong>reversi</strong></span> <span class='ocrx_word' id='word_1_265' title='bbox 792 4555 885 4620; x_wconf 89' lang='lat' dir='ltr'><strong>nobis</strong></span> <span class='ocrx_word' id='word_1_266' title='bbox 902 4604 909 4618; x_wconf 93' lang='lat'><strong>.</strong></span> <span class='ocrx_word' id='word_1_267' title='bbox 926 4604 933 4619; x_wconf 93' lang='lat'><strong>.</strong></span> <span class='ocrx_word' id='word_1_268' title='bbox 950 4553 1102 4618; x_wconf 87' lang='lat' dir='ltr'><strong>dixerunt</strong></span> <span class='ocrx_word' id='word_1_269' title='bbox 1119 4553 1206 4636; x_wconf 89' lang='lat' dir='ltr'><strong>quod</strong></span> <span class='ocrx_word' id='word_1_270' title='bbox 1231 4553 1293 4636; x_wconf 91' lang='lat' dir='ltr'><strong>ipsi</strong></span> <span class='ocrx_word' id='word_1_271' title='bbox 1310 4549 1448 4636; x_wconf 82' lang='lat' dir='ltr'><strong>quasdam</strong></span> 
     </span>
     <span class='ocr_line' id='line_1_33' title="bbox 345 4659 1538 4750; baseline -0.005 -24"><span class='ocrx_word' id='word_1_272' title='bbox 345 4662 563 4746; x_wconf 86' lang='lat' dir='ltr'><strong>possessiones</strong></span> <span class='ocrx_word' id='word_1_273' title='bbox 595 4661 779 4730; x_wconf 86' lang='lat' dir='ltr'><strong>eorumdem</strong></span> <span class='ocrx_word' id='word_1_274' title='bbox 795 4663 952 4730; x_wconf 89' lang='lat' dir='ltr'><strong>nobilium</strong></span> <span class='ocrx_word' id='word_1_275' title='bbox 968 4661 1008 4728; x_wconf 88' lang='grc'><strong>(16</strong></span> <span class='ocrx_word' id='word_1_276' title='bbox 1033 4659 1140 4750; x_wconf 84' lang='lat' dir='ltr'><strong>Weyk</strong></span> <span class='ocrx_word' id='word_1_277' title='bbox 1156 4712 1163 4728; x_wconf 90' lang='lat'><strong>.</strong></span> <span class='ocrx_word' id='word_1_278' title='bbox 1180 4711 1187 4728; x_wconf 90' lang='lat'><strong>.</strong></span> <span class='ocrx_word' id='word_1_279' title='bbox 1205 4659 1316 4728; x_wconf 86' lang='lat' dir='ltr'><strong>taliter</strong></span> <span class='ocrx_word' id='word_1_280' title='bbox 1334 4661 1413 4728; x_wconf 89' lang='lat' dir='ltr'><strong>iuter</strong></span> <span class='ocrx_word' id='word_1_281' title='bbox 1426 4675 1451 4721; x_wconf 83' lang='lat' dir='ltr'><strong>sc</strong></span> <span class='ocrx_word' id='word_1_282' title='bbox 1537 4729 1538 4742; x_wconf 11' lang='grc' dir='ltr'>χ</span> 
     </span>
    </p>
   </div>
   <div class='ocr_carea' id='block_1_7' title="bbox 0 0 1588 5474">
    <p class='ocr_par' dir='ltr' id='par_1_7' title="bbox 0 0 1588 5474">
     <span class='ocr_line' id='line_1_34' title="bbox 0 0 1588 5474; baseline 0 0"><span class='ocrx_word' id='word_1_283' title='bbox 0 0 1588 5474; x_wconf 95' lang='lat' dir='ltr'><strong> </strong></span> 
     </span>
    </p>
   </div>
  </div>
 </body>
</html>
