3112 5466
325 419 390 479 262
490 396 496 406 ⁸
689 429 877 478 susouuosu
893 417 1110 476 onulsvrln.

435 592 536 644 Miklbs
549 594 721 644 alnadmnak
733 593 900 657 Vizaolyban
916 593 1055 643 1326.dec.
1071 564 1218 643 eo-ankalt
1230 591 1428 656 megerdsilltllt·

322 683 503 746 letleveltbbl,
517 683 647 748 melynelr
660 683 789 748 credetije
803 698 921 748 megvsn
934 697 966 732 az
985 697 1053 733 orez.
1067 683 1122 734 lter
1134 682 1235 732 kincst.
1249 685 1311 733 osat
1322 683 1354 732 N.
1363 683 1391 731 a
1402 683 1427 732 Δ.

323 778 383 824 698.
398 779 440 824 ³0.
454 774 519 838 dipl.
533 777 564 824 lt.
580 778 658 824 2879.
673 773 767 824 szli:
781 773 862 838 Nagy
873 773 972 837 Gyula.

809 1027 969 1037 ——---

855 1318 928 1381 241.

330 1482 425 1570 1326.
441 1504 511 1545 ooo.
533 1481 581 1544 18.
606 1478 735 1544 Sciador
752 1481 938 1567 orszdpbiro'
954 1479 1215 1544 aSibio'siPa'tev·
1232 1480 1264 1542 c's
1289 1477 1432 1541 Barousai

379 1589 403 1653 I
403 1593 498 1654 sturia
514 1588 616 1652 kozou
623 1588 789 1675 fbuforpc'
803 1589 924 1674 itpybea
939 1589 1093 1674 perdbutd
1110 1587 1272 1672 bujoivdst
1288 1583 1390 1648 resudet.

433 1780 503 1848 Nos
519 1803 624 1849 comes
641 1779 832 1849 Alexander
855 1782 951 1849 iudex
980 1783 1091 1848 curie.
1108 1831 1115 1847 .
1132 1781 1248 1846 damus
1263 1802 1320 1865 pro
1334 1797 1432 1844 meno

327 1892 386 1974 ria,
402 1889 490 1975 quod
507 1912 580 1956 cum
605 1891 693 1958 facta
719 1891 935 1976 produccione
961 1891 1137 1958 testimonii
1162 1890 1251 1975 quod
1274 1910 1329 1974 per
1350 1885 1432 1969 magi·

326 2005 430 2064 strum
460 1998 597 2065 Petrum
623 1999 664 2064 de
689 1997 803 2066 Suclos
830 2006 943 2066 contra
968 1997 1171 2084 Stephanum
1197 1996 1300 2063 filium
1323 1992 1433 2061 Nicolai

327 2107 367 2172 de
382 2107 542 2175 Beremen
557 2109 650 2174 iuxta
665 2109 899 2174 continenciam
915 2109 1060 2193 priorum
1076 2109 1260 2174 litterarum
1272 2109 1433 2172 nostrarum

327 2216 429 2281 tercio
446 2215 498 2281 die
513 2214 699 2281 festivitatis
715 2213 869 2282 Omnium
885 2215 1082 2285 Sanctorum
1097 2218 1132 2282 in
1148 2215 1292 2300 capitulo
1316 2207 1433 2277 Albensi

328 2346 425 2409 super
441 2345 488 2408 eo,
504 2323 591 2409 quod
607 2323 632 2390 J
633 2324 776 2390 ohannes
791 2324 878 2390 lilius
893 2324 1024 2391 Herrioi
1041 2326 1075 2391 in
1090 2322 1345 2408 Quadragesima
1359 2320 1434 2385 curius

327 2455 413 2499 nunc
438 2431 609 2499 undecima
634 2433 802 2499 adveniret
826 2433 988 2500 revolucio
1015 2433 1163 2500 annualis
1195 2436 1335 2497 castrum
1357 2447 1434 2494 suurn

328 2538 443 2606 Suolos
458 2547 617 2607 vocatum
643 2540 808 2607 obsederit
832 2540 1034 2624 eundemque
1060 2537 1263 2625 Stephanum
1299 2545 1434 2619 tanquan

327 2651 377 2715 sui
393 2650 532 2733 proximi
547 2648 698 2715 habendo
714 2647 945 2716 confidenciam
971 2651 1006 2714 in
1022 2649 1109 2716 dicto
1126 2654 1234 2714 castro
1251 2643 1434 2714 constituerit

326 2761 362 2820 'et
377 2756 446 2840 ipse
463 2755 583 2821 dictum
600 2759 742 2822 castrum
759 2758 874 2841 quinta
889 2757 1127 2841 feriaproxima
1136 2760 1211 2841 post
1220 2753 1336 2822 festum
1349 2753 1435 2819 Pasce

328 2863 450 2929 domini
468 2863 579 2930 eodem
595 2884 679 2930 anno
696 2865 875 2931 restituerit
891 2887 930 2931 ac
948 2887 1000 2931 res
1011 2887 1067 2931 sue
1077 2865 1166 2930 mille
1176 2885 1302 2930 marcas
1311 2862 1436 2929 valentes

329 2975 363 3038 in
373 2979 508 3058 argento
525 2979 558 3040 et
573 2997 653 3042 auru
669 2997 708 3041 ao
723 2975 795 3043 aliis
811 2973 908 3040 rebus
923 2975 1077 3060 preciosis
1088 2973 1174 3060 apud
1184 2973 1436 3040 eundemremsn·

328 3083 430 3148 serint
454 3104 536 3166 quas
552 3083 594 3149 ad
609 3085 803 3167 peticionem
814 3086 1086 3150 suamrestituere
1097 3105 1162 3151 non
1172 3077 1436 3166 curaret,hndrea

259 3223 266 3242 ·
327 3189 396 3257 filio
412 3190 505 3257 Petri
520 3197 665 3276 tempore
689 3193 922 3278 proposicionis
937 3193 971 3258 in
987 3193 1123 3278 singulis
1137 3193 1362 3278 premissorum
1377 3205 1436 3253 cun

330 3299 485 3382 legitimis
494 3301 728 3383 procuratoriis
737 3301 856 3367 litteris
871 3323 930 3386 pro
941 3301 1052 3368 eodem
1064 3301 1231 3386 Stephano
1241 3292 1436 3385 comparando

332 3408 438 3491 ipsum
453 3408 658 3474 innocentem
675 3415 707 3475 et
722 3411 897 3476 immunem
912 3409 982 3476 iore
997 3409 1213 3496 respondente
1221 3406 1353 3493 produci
1361 3421 1438 3488 opor-

329 3515 431 3598 tebat‚
447 3517 563 3582 seriem
580 3516 658 3583 dicti
675 3519 849 3584 testimonii
874 3518 909 3583 in
933 3519 1053 3584 litteris
1078 3518 1249 3584 memorati
1275 3509 1438 3600 capituliin

332 3625 455 3691 octavis
471 3621 625 3692 Omnium
641 3625 835 3695 Sanctorum
849 3627 943 3693 nobis
958 3633 1069 3712 partes
1084 3630 1252 3711 reportare
1262 3623 1437 3698 debuissent

327 3733 399 3818 ipso
416 3735 555 3800 termino
571 3733 761 3801 adveniente
781 3741 1018 3819 prememorato
1042 3733 1180 3802 Andrea
1205 3755 1265 3818 pro
1289 3735 1357 3818 ipso
1379 3726 1437 3795 Ste

329 3843 439 3927 phano
464 3864 538 3910 cunr
562 3846 681 3912 litteris
706 3848 940 3931 procuratoriis
964 3847 1118 3931 legitimis
1142 3850 1271 3912 astante
1306 3840 1438 3925 magister

328 3949 355 4016 J
356 3953 455 4038 oseph
471 3953 505 4017 in
520 3974 660 4038 persona
675 3955 776 4038 ipsius
792 3956 940 4038 magistri
960 3954 1052 4020 Petri
1068 3976 1140 4020 cum
1156 3950 1383 4038 procuratoriis
1396 3946 1438 4010 lit·

328 4061 407 4126 teris
431 4067 607 4127 conventus
632 4061 858 4128 Waradiensis
884 4063 925 4128 ad
952 4067 1097 4128 nostram
1122 4059 1304 4126 accedendo
1328 4073 1438 4143 presen-

330 4169 413 4234 ciam
452 4171 581 4238 litteras
613 4171 692 4237 dicti
724 4171 861 4256 capituli
892 4171 985 4238 nobis
1016 4170 1216 4259 presentavit
1256 4170 1290 4234 in
1320 4180 1438 4250 quarum

329 4279 497 4344 tenoribus
526 4281 632 4364 ipsum
662 4280 883 4347 testimonium
908 4301 1003 4364 super
1027 4277 1191 4364 premissis
1216 4281 1330 4343 contra
1351 4274 1438 4357 ipsun

329 4384 531 4470 Stephanum
546 4387 649 4454 filium
664 4387 795 4457 Nicolai
811 4391 1024 4474 comperimus
1040 4390 1109 4454 iure
1127 4394 1160 4453 et
1179 4387 1325 4472 legitime
1337 4377 1439 4469 produ·

330 4501 417 4559 ctum
434 4497 595 4581 extitisse3
612 4519 750 4582 cumque
767 4504 877 4564 autem
892 4499 997 4583 ipsum
1014 4493 1191 4578 Andream,
1201 4501 1312 4560 utrum
1327 4507 1438 4559 cauum

327 4601 483 4689 prelibati
500 4601 657 4691 Stephani
673 4605 856 4671 iuramento
873 4612 931 4672 aut
956 4605 1065 4674 duello
1091 4603 1169 4670 velit
1193 4600 1359 4668 terminari
1382 4614 1440 4663 cum
