3154 5474
341 496 407 556 498
695 509 884 556 suroosonr
900 496 1118 556 ouulurrln.

345 669 484 736 XXX0.
500 667 571 736 Nos
588 671 689 754 igitur
705 721 712 736 .
730 720 737 736 .
754 669 835 736 duas
851 671 980 736 litteras
996 674 1125 736 nostras
1152 670 1279 735 clausas
1294 669 1390 750 sigillo
1404 689 1449 732 no

344 787 410 847 stro
428 780 637 862 consignatas
653 800 753 844 unam
769 779 918 844 videlieet
934 779 1175 862 inquisitoriam
1200 777 1297 842 aliam
1318 797 1387 842 vero
1402 798 1445 840 er·

342 888 536 972 peditoriam
561 907 620 972 per
644 884 807 970 prelatum
832 883 858 950 J
860 885 1020 952 ohannem
1046 886 1150 952 filium
1174 885 1341 952 Benedicti
1368 884 1445 949 nobis

344 996 506 1061 exhibitas
532 996 716 1080 aperuimus
742 994 953 1059 dissolventes
979 995 1264 1078 continentiaeque
1289 993 1451 1060 earumdem

345 1106 385 1170 de
400 1104 498 1170 serbo
515 1101 557 1167 ad
573 1103 707 1168 verbum
723 1103 939 1187 exprimentes
973 1109 1006 1168 et
1022 1110 1219 1188 exponentes
1236 1105 1350 1169 iterato
1366 1102 1452 1166 reclu-

346 1212 451 1278 dendo
462 1218 495 1276 et
504 1212 611 1295 sigillo
622 1217 734 1277 nostro
744 1214 837 1276 iuxta
845 1217 1035 1296 preceptum
1045 1213 1146 1297 ipsius
1159 1211 1282 1278 domini
1292 1211 1370 1294 regis
1389 1231 1450 1274 cou-

346 1320 504 1404 signando
521 1321 723 1398 restituimus
733 1321 891 1404 magistro
916 1319 1065 1387 Johanni
1080 1327 1264 1405 prenotato.
1294 1309 1408 1384 Datum
1429 1318 1455 1380 in

347 1429 469 1494 octavis
485 1426 677 1494 Natiuitatis
692 1427 781 1493 beati
798 1428 824 1494 J
824 1429 960 1493 ohannis
985 1427 1150 1514 Baptiste,
1181 1450 1267 1494 anno
1284 1425 1455 1511 supradicto.

454 1591 585 1641 Zdrlatdn
608 1592 701 1656 peccet
713 1593 890 1658 nyomaival;
905 1587 1043 1656 jeredetije
1056 1608 1089 1642 az
1102 1607 1171 1643 orsz.
1194 1595 1226 1642 lt.
1241 1592 1336 1642 kinost.
1355 1595 1414 1640 oszt.
1430 1588 1456 1636 ll.

349 1682 383 1732 R.
398 1681 430 1730 ll.
447 1685 522 1731 1535.
551 1685 593 1732 87.
607 1681 673 1745 dipl.
696 1683 727 1732 lt.
751 1686 830 1734 2603.
843 1681 923 1733 Kozli
935 1699 940 1732 :
952 1683 1055 1733 Vinrze
1068 1683 1169 1734 Gelbor.

838 1846 996 1854 -,-..—...—

883 2079 958 2140 428.
1054 2117 1057 2126 ι

358 2242 454 2303 1330.
463 2241 529 2325 jul.
546 2241 575 2302 3.
604 2237 805 2325 Apozsonyi
821 2240 982 2324 kriptolaa
999 2239 1071 2303 elau
1095 2241 1281 2326 Werlreayei
1298 2239 1460 2320 Zorrirdflo
1542 2201 1543 2228 l

357 2351 452 2412 Peter·
469 2373 526 2433 epp
543 2350 622 2410 re'tet
638 2351 669 2412 ds
686 2372 743 2433 opp
759 2349 883 2432 szipetet
900 2350 1014 2411 luirom
1030 2351 1186 2435 possoayi
1198 2350 1381 2434 polpa'rnuk
1397 2349 1461 2411 elui-

862 2455 985 2540 doposit.

465 2617 507 2684 In
533 2615 672 2682 secunde
698 2621 807 2682 autem
832 2617 942 2682 littere
967 2621 1079 2682 tenore
1113 2619 1247 2703 capituli
1278 2617 1464 2684 Posoniensis

358 2725 573 2814 (seria-tercia
588 2725 735 2809 proxima
751 2729 828 2789 ante
844 2731 974 2792 octavas
991 2727 1212 2808 apostolorum
1227 2726 1321 2794 Petri
1337 2733 1369 2792 et
1382 2726 1464 2792 Pauli

359 2834 530 2899 beatorum
547 2853 631 2896 rruno
648 2831 770 2896 domini
785 2830 840 2896 Μ0
856 2830 958 2900 0000
973 2835 1136 2900 tricesimo
1154 2833 1319 2920 emanate)
1348 2835 1465 2920 reperie-

360 2963 469 3008 ramus
487 2962 523 3006 eo
540 2940 636 3006 modo
653 2939 741 3023 quod
756 2939 877 3006 Petrus
893 2941 933 3006 de
949 2940 1135 3027 Werkenp'e
1151 2942 1236 3010 filius
1262 2943 1395 3011 Zornrdi
1410 2964 1466 3028 per·
1541 2979 1542 3036 3

362 3049 518 3114 sonaliter
534 3069 642 3114 coram
668 3049 738 3132 ipso
756 3049 900 3132 capitulo
926 3051 1123 3116 constitutus
1148 3053 1283 3118 terciam
1299 3058 1416 3138 partem
1436 3048 1467 3112 de
1541 3037 1542 3092 l

359 3163 454 3240 prato
470 3156 536 3221 feni
552 3157 695 3239 ipsorum
711 3155 862 3221 videlicet
877 3163 1003 3242 partem
1030 3181 1105 3224 eum
1121 3161 1359 3243 contingentem
1374 3165 1403 3224 et
1417 3163 1467 3221 ter·

361 3266 444 3329 ciam
459 3269 586 3349 partem
601 3265 706 3328 insule
723 3265 901 3348 vulgariter
910 3263 1110 3350 Ayerleulde
1126 3273 1238 3333 vocate
1254 3269 1344 3360 illam
1360 3273 1467 3352 partem

362 3393 424 3456 que
440 3373 546 3456 ipsum
563 3373 750 3457 contingere
766 3372 989 3439 dinosceretur
1005 3374 1046 3440 de
1062 3397 1219 3442 consensu
1235 3383 1269 3443 et
1283 3376 1467 3462 beneplacito

361 3480 536 3547 Laurencii
550 3479 609 3545 filii
626 3479 761 3548 Martini
779 3489 812 3546 et
827 3481 921 3548 Petri
936 3480 997 3548 filii
1013 3483 1182 3553 Valentini
1208 3485 1249 3551 de
1265 3486 1377 3552 eadem
1390 3483 1468 3546 Wer·

363 3588 464 3672 kenye
481 3589 702 3672 proximorum
718 3611 850 3655 suorum
867 3592 924 3674 qui
940 3593 1157 3675 personaliter
1182 3595 1365 3660 astitissent
1379 3603 1467 3660 coram

363 3695 506 3778 capitulo
530 3695 721 3761 Posoniensi
738 3747 744 3762 .
763 3749 769 3763 .
786 3697 953 3781 Stephano
971 3699 1058 3766 dioto
1076 3699 1252 3766 Trefenkes
1267 3705 1409 3786 proximo
1422 3719 1467 3764 suo

362 3802 462 3868 Petro
478 3803 545 3868 filio
562 3803 752 3888 Markalphi
769 3811 803 3872 et
817 3804 956 3872 Nicolao
966 3805 1034 3873 filio
1044 3805 1070 3873 J
1071 3805 1164 3874 acobi
1174 3808 1300 3875 civibus
1314 3809 1470 3877 Posonien-

365 3911 454 3976 sibus
471 3933 491 3976 a
506 3909 590 3976 festo
606 3909 695 3977 beati
710 3912 736 3979 J
737 3913 830 3980 acobi
845 3915 985 3997 apostoli
1012 3921 1091 3981 tunc
1115 3918 1260 4000 proxime
1285 3924 1415 3985 venturo
1427 3935 1471 4000 per
1540 3897 1541 3900 Ἴ

363 4019 508 4103 spacium
523 4019 623 4084 trium
639 4041 800 4087 annorum
815 4044 889 4087 cum
906 4023 1053 4089 omnibus
1069 4024 1229 4091 dictarum
1245 4028 1391 4111 parcium
1404 4025 1472 4091 utili·

362 4126 486 4192 tatibus
502 4127 713 4211 possidendas
728 4151 788 4214 pro
815 4130 999 4214 quindecim
1024 4135 1142 4199 marcis
1168 4132 1374 4201 denariomm
1397 4134 1473 4198 wien·

362 4235 513 4300 nensium
528 4235 624 4319 plene
639 4236 680 4302 ab
697 4238 819 4304 eisdem
834 4239 1021 4307 habitorum
1036 4242 1167 4326 pignori
1190 4243 1378 4328 obligasset.

473 4397 497 4446 A
512 4399 645 4464 pozsonyi
672 4401 862 4466 kdptslsnnsk
891 4407 967 4455 1³54.
992 4405 1089 4469 junius
1112 4407 1198 4458 enisi
1222 4407 1376 4461 stirattbdl
1398 4403 1475 4459 ezerr

362 4487 466 4540 mimos
479 4489 639 4553 orsrdgblrd
656 4495 732 4544 1358.
743 4491 796 4556 jul.
811 4494 894 4546 toan
907 4495 966 4548 kelt
977 4495 1209 4564 lteletleveltbsn,
1222 4501 1354 4564 melynek
1367 4497 1476 4561 erederije

363 4593 483 4643 msgvan
508 4593 540 4629 az
566 4593 635 4631 orsz.
662 4582 718 4632 lter
743 4583 842 4634 kinost.
870 4589 938 4637 oszt.
950 4587 983 4638 N.
997 4588 1031 4639 R.
1051 4588 1085 4638 A.
1099 4591 1159 4642 858.
1174 4593 1215 4642 ³0.
1235 4591 1304 4655 dipl.
1327 4591 1474 4644 Mutet&
1539 4641 1540 4658 ἒ

364 4669 462 4720 Kozli:
482 4669 585 4721 Vineze
598 4671 700 4722 Gdbor.
1539 4659 1540 4686 ¹

853 4765 1009 4781 ...ᾑ--αιοη
