3154 5474
553 517 648 580 1330.
659 533 816 580 coronari.

643 913 728 981 ,441.

121 1073 218 1134 1330.
247 1082 305 1136 oct.
332 1108 374 1119 —
402 1066 432 1137 Α
453 1075 654 1160 pc‘csvo'rodi
680 1084 810 1140 convent
835 1077 907 1142 elh'tt
938 1079 1100 1167 Jarpucbe
1129 1081 1244 1146 kozdri

118 1180 184 1243 hoa
201 1180 374 1267 Hopymo's
396 1193 478 1250 crecti
501 1182 641 1248 birtolrctt
658 1182 790 1250 Trcotat
800 1184 1087 1276 Milolo‘spozsoapi
1096 1189 1252 1275 fdispda·

569 1293 634 1357 aab
651 1291 811 1358 eldrb’lrr‘ti.

227 1449 270 1514 In
313 1448 423 1516 littera
461 1452 655 1536 privilegiali
688 1457 862 1520 conventus
893 1453 1120 1523 Waradicnsis
1153 1455 1254 1544 (anno

119 1555 244 1622 domini
271 1556 448 1624 Millesimo
474 1557 575 1626 0000
594 1561 773 1644 trecesimo,
788 1583 898 1628 mense
922 1564 1062 1632 octobris
1087 1564 1252 1651 emanata)

121 1664 322 1750 habebatur,
354 1667 440 1750 quod
474 1671 662 1736 constitutis
692 1670 908 1754 personaliter
939 1693 1048 1739 coram
1079 1675 1148 1759 ipso
1183 1695 1256 1740 con-

120 1777 219 1839 sentu
254 1775 425 1858 Jurguohe
461 1797 595 1844 comano
631 1777 671 1843 de
704 1777 816 1844 Konar
850 1779 892 1846 ab
926 1801 991 1846 una
1022 1787 1132 1866 parts,
1173 1783 1251 1848 item

121 1883 239 1949 comite
263 1881 382 1950 Oosma
408 1883 447 1949 de
472 1884 559 1970 Tupi
584 1887 742 1952 serviente
768 1891 801 1952 et
825 1884 958 1953 officiali
983 1889 1132 1972 magistri
1155 1887 1254 1956 Nico·

120 1991 163 2056 lai
193 1988 262 2077 [filii
301 1990 464 2060 Johannis
496 1992 634 2060 Treutul
668 1993 746 2059 dicti
778 1995 903 2060 comitis
942 1995 1150 2064 Posoniensis
1190 2019 1249 2082 pro

121 2098 234 2168 eodem
252 2103 409 2185 magistro
419 2101 558 2169 Nicolao
576 2101 705 2169 domino
722 2123 780 2168 suc
791 2103 832 2168 ab
849 2103 962 2188 altera,
977 2102 1064 2171 idern
1080 2104 1249 2189 Jurguche

120 2229 271 2276 comanus
306 2209 420 2276 luisset
455 2209 617 2278 confessus
653 2211 785 2277 oraculo
816 2211 886 2276 vive
916 2212 1022 2296 vocis,
1062 2215 1150 2298 quod
1179 2215 1249 2297 ipse

121 2318 284 2402 quandam
307 2319 541 2405 possessionem
566 2341 657 2387 suam
682 2319 831 2404 Hagmas
857 2325 1003 2387 vocatam
1028 2322 1063 2386 in
1094 2323 1250 2390 comitatu

122 2425 279 2495 Tolnensi
296 2429 486 2495 existentem
502 2451 561 2513 pro
577 2433 683 2496 morte
700 2433 733 2495 et
748 2428 922 2496 homicidio
938 2429 1104 2496 Leonardi
1122 2429 1181 2496 filii
1201 2431 1251 2497 sui

121 2535 160 2600 de
174 2543 270 2621 parte
283 2537 409 2603 comitis
425 2537 515 2604 Luce
526 2536 585 2603 filii
595 2537 722 2604 Mathai
739 2537 779 2604 de
801 2537 916 2604 Kozar
932 2538 993 2603 sibi
1009 2537 1193 2616 devolutam
1211 2561 1251 2604 ex

124 2665 281 2711 consensu
307 2651 339 2711 et
363 2645 569 2731 beneplacito
589 2646 750 2714 Johannis
776 2653 809 2712 et
833 2645 926 2712 Petri
951 2644 1092 2712 filiorum
1118 2668 1250 2713 suorum

123 2759 201 2819 tunc
218 2775 328 2819 coram
343 2753 414 2839 ipso
434 2761 594 2821 conventu
621 2755 837 2840 personaliter
863 2755 1041 2820 astancium
1066 2753 1252 2838 supradicto

121 2863 278 2944 magistro
293 2861 434 2929 Nicolao
451 2864 562 2929 comiti
581 2863 772 2930 Posonicnsi
797 2883 857 2947 pro
874 2862 1011 2945 triginta
1027 2861 1152 2927 duabus
1168 2884 1253 2928 mar·

123 2971 167 3037 cis
184 2970 393 3037 denarorium
408 2972 574 3038 banalium
591 2973 729 3057 receptis
744 2972 949 3055 integraliter
974 2971 1015 3036 ab
1032 2969 1144 3036 eodem
1169 2971 1253 3037 sicut

123 3079 258 3145 dixisset
298 3079 497 3146 vendidisset
536 3081 606 3146 iure
635 3083 811 3166 perpetuo;
850 3083 936 3146 mete
968 3083 1077 3145 autem
1109 3079 1252 3146 eiusdem

122 3189 334 3272 possessionis
349 3189 499 3272 Hagmas
515 3190 684 3274 privilegio
699 3190 734 3255 in
750 3188 862 3256 eodem
873 3189 1018 3254 seriatim
1029 3189 1254 3270 continentum

124 3301 273 3381 preterea
298 3297 383 3363 idem
401 3319 506 3364 comes
522 3297 614 3364 Luca
629 3296 715 3364 filius
730 3297 860 3363 Mathei
883 3297 1097 3381 assumsisset,
1123 3297 1253 3382 quodsi

125 3405 157 3468 in
172 3424 327 3488 processu
343 3406 498 3491 temporis
518 3406 647 3472 racione
663 3411 842 3471 memorate
866 3404 1078 3487 possessionis
1105 3404 1254 3488 Hagmas

123 3511 277 3578 adsersus
308 3513 506 3597 sepedictum
535 3514 726 3597 magistrum
758 3511 932 3578 Nicolaum
965 3512 1016 3576 vel
1046 3513 1254 3597 posteritates

126 3621 269 3688 eiusdem
294 3643 354 3707 per
380 3623 565 3708 quempiam
590 3621 731 3687 oriretur
764 3621 903 3687 materia
928 3620 1109 3702 quescionis
1135 3626 1253 3685 extunc

122 3730 191 3814 ipse
224 3751 330 3796 comes
361 3729 453 3796 Luca
482 3731 524 3796 ab
564 3728 750 3796 huiusmodi
791 3749 888 3794 causa
923 3727 1059 3792 eundern
1089 3731 1255 3792 teneretur

124 3839 285 3925 expedire,
302 3861 398 3923 quem
415 3839 441 3904 si
459 3838 611 3924 expedire
628 3859 692 3905 non
709 3841 841 3903 curaret
855 3837 905 3902 vel
922 3857 986 3901 non
1002 3839 1111 3919 posset
1136 3839 1254 3900 extunc

126 3953 363 4036 equivalentem
378 3951 614 4037 possessionem
630 3950 663 4014 in
675 3948 858 4034 quantitate
874 3945 1024 4011 stralore
1035 3943 1075 4008 de
1085 3944 1256 4027 possessio-

128 4059 222 4124 nibus
251 4059 318 4123 suis
336 4057 542 4125 hereditariis
559 4057 636 4124 dare
662 4061 694 4122 et
720 4055 886 4139 assignare
911 4056 1077 4118 teneretur
1102 4052 1257 4141 magistro
1286 4093 1292 4116 .-

127 4167 267 4236 Nicolao
283 4167 458 4235 antedicto.

232 4333 347 4397 ezspesi
360 4333 452 4384 Jaksb
476 4329 694 4396 orszstgblrbnsk
719 4333 796 4380 1377.
816 4328 918 4394 januar
932 4327 1018 4378 asilii
1032 4325 1256 4388 lttletlcveltbdl,

124 4423 253 4489 melynek
265 4422 398 4488 credetije
420 4437 538 4487 megvan
551 4438 584 4473 az
607 4436 677 4472 orsa.
700 4421 757 4470 ltsir
780 4419 880 4470 kinost.
904 4419 971 4468 oszt.
985 4417 1018 4466 N.
1032 4417 1065 4468 R.
1079 4416 1112 4468 A.
1128 4421 1196 4467 688:
1211 4420 1257 4466 69.

126 4514 191 4579 dipl.
205 4512 279 4563 ltar:
303 4517 381 4566 2630.
405 4512 504 4563 Kozli:
519 4511 623 4564 Vincze
637 4511 739 4563 (labor.

613 4673 770 4684 .-.--—-

174 4848 329 4888 susocuosr
344 4833 507 4885 osulsrrls
524 4849 553 4886 11.
569 4835 631 4884 11111.
