3130 5470
542 484 636 548 1329.
652 505 747 551 suun.
766 487 816 550 14.
1174 499 1237 560 387

107 655 234 722 nullum
259 657 413 725 damnum
430 660 481 726 rel
506 663 692 731 molestiam
717 666 924 752 aliquatenus
949 674 1143 758 perpessuri,
1159 675 1239 742 item

108 765 304 850 precipimus
320 767 479 834 universis
503 769 654 838 fidelibus
675 775 795 840 nostris
811 776 901 861 quod
915 778 1026 844 nullus
1043 779 1086 845 sit
1111 781 1167 865 qui
1183 781 1239 848 ho·

108 873 248 940 minibus
265 875 307 942 ad
322 876 504 962 predictum
529 877 636 946 forum
654 884 914 952 convenientibus
940 890 1009 952 tam
1033 887 1068 952 in
1082 890 1238 957 veniendo

110 1003 207 1065 quam
222 984 258 1050 in
273 984 439 1053 redeundo
470 987 522 1053 vel
536 989 571 1053 in
586 989 657 1074 ipso
672 989 744 1058 foro
759 994 877 1061 stando
894 993 1048 1062 damnum
1065 1017 1236 1064 nocumen-

106 1096 173 1157 tum
189 1093 242 1159 vel
259 1095 444 1160 molestiam
474 1095 508 1160 in
524 1099 669 1181 personis
685 1104 744 1165 aut
759 1100 856 1168 rebus
872 1101 992 1170 inferre
1007 1111 1183 1192 presumat,
1207 1108 1233 1173 si

108 1201 177 1284 quis
193 1205 304 1268 autem
321 1224 412 1269 secus
428 1203 535 1270 facere
550 1209 760 1290 presumserit
785 1212 909 1296 regiam
924 1211 1185 1296 indignacionem
1202 1237 1235 1282 se

106 1311 229 1376 noverit
256 1313 398 1395 graviter
421 1313 635 1402 incursurum,
653 1321 686 1383 ct
710 1317 771 1384 hec
794 1321 943 1386 volumus
968 1319 1088 1406 ubique
1104 1323 1234 1408 publice

106 1419 306 1503 proclamari.
332 1421 458 1488 Datum
472 1423 506 1487 in
532 1422 720 1510 Vissegrad,
746 1429 780 1492 in
805 1427 887 1495 festo
904 1431 1120 1497 conversionis
1144 1431 1233 1498 beati

106 1526 199 1592 Pauli
214 1531 365 1615 apostoli,
381 1553 466 1597 anno
483 1532 605 1598 domiui
622 1531 799 1602 Millesimo
818 1535 919 1604 000⁰
935 1535 1029 1603 XX⁰
1044 1560 1139 1607 nono.

207 1693 232 1744 A
244 1695 348 1760 nyitrai
362 1696 550 1760 heptalannak
562 1703 638 1750 1430.
646 1697 706 1764 jun.
718 1701 813 1752 bilsen
825 1701 965 1754 kialutou
977 1701 1132 1767 tentabar,
1144 1705 1232 1771 mely-

104 1785 156 1835 nelr
168 1783 298 1850 eredstije
310 1799 429 1848 megvsu
442 1801 474 1836 az
488 1801 556 1838 orsz.
570 1787 624 1838 lter
637 1789 737 1840 kincst.
751 1793 818 1840 oszt.
832 1791 982 1862 Mon-Pus,
996 1797 1039 1844 37.
1065 1797 1088 1843 3.
1108 1793 1176 1859 dipl.
1196 1796 1230 1846 It.

105 1877 179 1926 2552.
191 1875 272 1926 Kozli
284 1893 290 1924 :
304 1875 406 1926 Vineae
420 1875 522 1928 Gdbor.

593 2057 741 2071 a*

625 2279 700 2344 343.
762 2289 765 2293 '

104 2441 287 2530 1329.febr.
306 2441 358 2505 14.
390 2429 420 2505 Ᾰ
447 2441 565 2526 szepesi
590 2443 748 2527 kdptulao
774 2445 968 2530 kikttldo'ttje
1001 2447 1073 2512 elta
1105 2445 1222 2534 Gurlfi

409 2551 528 2614 Milolo's
544 2552 772 2636 ceprerrdeletet
787 2564 899 2618 lescen.

198 2709 269 2777 Nos
286 2709 467 2796 capitulum
483 2710 618 2777 ecclesie
644 2709 732 2776 beati
756 2709 896 2777 Martini
921 2713 961 2778 dc
992 2710 1115 2798 Soepus
1132 2760 1139 2779 .
1156 2763 1163 2779 .
1180 2715 1221 2780 si-

101 2817 280 2902 gnificemus
297 2871 304 2886 .
320 2870 328 2886 .
345 2819 434 2906 quod
448 2817 606 2886 Nicolaus
617 2819 702 2884 filius
719 2816 814 2886 Gurk
830 2820 948 2886 nobilis
966 2820 1006 2887 de
1022 2819 1145 2905 Scepus
1161 2822 1217 2888 ho·

101 2931 176 2994 mine
201 2952 259 2997 suo
284 2929 448 2995 destinato
473 2929 589 2994 humili
614 2951 746 3014 precum
770 2931 931 2996 instancia
956 2950 1014 2997 nos
1030 2931 1159 3014 rogavit
1181 2935 1219 2996 ut

100 3059 191 3103 unum
221 3060 261 3104 ex
277 3037 371 3105 nobis
387 3039 490 3104 virum
514 3037 666 3104 idoneum
690 3037 733 3102 ad
757 3038 863 3122 ipsum
887 3040 1091 3106 mitteremus
1107 3059 1216 3105 coram

101 3167 156 3229 quo
172 3169 262 3213 suam
279 3147 458 3233 explicaret
473 3146 682 3232 voluntatem,
699 3167 757 3212 nos
774 3167 849 3212 vero
860 3148 928 3212 eius
943 3146 1158 3230 peticionibus
1168 3149 1216 3212 in·

100 3254 202 3320 oliuati
225 3253 413 3323 Johannem
437 3254 655 3341 presbiterum
690 3255 825 3322 ecclesie
855 3259 966 3322 nostre
990 3255 1146 3322 ricarium
1171 3255 1214 3320 ad

98 3362 225 3428 eundem
241 3363 392 3430 duximus
408 3362 637 3430 destinandum
664 3363 720 3447 qui
737 3363 829 3430 nobis
845 3362 928 3428 dixit
944 3361 986 3428 ad
1003 3383 1061 3428 nos
1087 3361 1216 3428 demum

97 3471 250 3538 redeundo
266 3471 355 3556 quod
372 3492 480 3538 coram
496 3471 566 3556 ipso
582 3471 667 3538 idem
680 3469 838 3537 Niooleus
862 3469 948 3536 filius
966 3468 1061 3538 011111
1076 3470 1111 3534 in
1126 3470 1211 3535 lecto

97 3581 226 3661 graviter
242 3579 439 3648 decumbens
450 3579 644 3664 egritudinis
660 3579 726 3646 tale
742 3579 938 3646 condidisset
962 3583 1212 3644 testamentum:

98 3689 176 3771 quod
190 3687 357 3755 dimidiam
372 3693 500 3773 partem
517 3709 574 3754 sue
599 3689 760 3772 porcionis
786 3687 1037 3774 possessioneme
1063 3707 1161 3770 quam
1178 3687 1212 3752 in

97 3798 341 3882 possessionibus
356 3799 460 3884 patris
475 3797 526 3863 sui
541 3797 712 3864 memorati
742 3795 864 3862 habere
881 3795 1061 3862 dinoscitur
1085 3795 1211 3860 heredi·

97 3907 169 3972 tarie
184 3958 191 3973 .
206 3959 213 3974 .
229 3930 288 3993 pro
314 3907 421 3973 anime
437 3928 493 3972 sue
517 3905 661 3972 remedio
678 3953 685 3970 .
702 3904 867 3989 ,legasset
892 3903 1052 3988 religiosis
1076 3903 1154 3968 viris
1178 3909 1211 3968 et

96 4013 231 4084 discretis
255 4014 413 4082 iratribus
438 4015 562 4082 ordinis
587 4014 806 4082 Oartusiensis
830 4012 1019 4078 monasterii
1045 4010 1136 4078 beati
1151 4009 1211 4077 Jo-

93 4121 199 4191 hannis
221 4125 372 4211 Baptiste
404 4123 522 4210 lapidis
538 4122 656 4206 refugii
680 4122 720 4187 de
744 4121 854 4189 Letou
870 4117 1041 4187 ..Datum
1065 4119 1100 4183 in
1124 4117 1209 4186 festo

94 4227 172 4298 beati
186 4231 354 4304 Valentini
371 4231 524 4314 martiris,
541 4251 626 4296 anno
652 4228 774 4297 domini
799 4227 854 4293 Μ0
879 4223 980 4294 0000
1006 4223 1099 4292 XX⁰
1114 4247 1209 4292 nono.

188 4397 340 4464 Hdtlapjtn
350 4396 443 4463 pscstt
454 4395 659 4460 tbredekeiv013
679 4393 812 4458 credetije
825 4407 858 4442 az
871 4405 940 4442 orsz.
954 4389 1009 4440 lter
1020 4388 1119 4442 kinost.
1139 4393 1208 4441 oszt.

92 4484 279 4540 senencias.
299 4493 325 4539 4.
346 4493 388 4540 64.
408 4487 474 4552 dipt
493 4487 565 4538 lter:
580 4488 659 4536 2563.
676 4483 776 4537 Kozli:
795 4483 899 4562 Vineae
917 4479 1019 4533 thor.

564 4629 722 4641 ..ιαμ-ιι-

1034 4761 1099 4838 25*
