3112 5466
552 508 647 568 1327.
665 525 737 569 nnn.
750 509 806 569 28.

648 868 723 930 256.

121 1031 212 1094 1327.
248 1031 384 1115 Vizsoty,
410 1041 502 1094 saort.
524 1009 574 1096 12'.
601 1031 707 1116 Folop
732 1033 838 1096 reddor
863 1054 919 1116 epp
945 1031 1072 1114 szipetet
1097 1053 1118 1093 o
1144 1031 1247 1096 Dana

182 1139 299 1203 mellett
316 1137 470 1224 Haholdfi
487 1139 730 1222 Istocinfia'aah
745 1139 934 1204 Miklrisaalc
950 1138 1173 1204 oisszobocsa't.

221 1297 293 1364 Nos
318 1298 491 1384 Philippus
522 1299 687 1383 palatinus
718 1299 815 1365 iudex
841 1321 1050 1366 comanorum
1076 1321 1181 1366 comes
1207 1300 1247 1365 de

120 1405 236 1491 Sospes
262 1413 295 1472 et
320 1407 360 1486 de
384 1407 514 1492 Wyuar
529 1459 560 1474 ..
585 1408 803 1492 significamus
819 1457 850 1474 ..
875 1407 962 1493 quod
993 1429 1052 1473 nos
1083 1408 1248 1492 quandam

119 1517 349 1599 possessionem
365 1516 484 1582 nobilis
509 1517 569 1580 viri
597 1517 745 1600 magistri
771 1514 901 1582 Nicolai
926 1514 986 1580 filii
1012 1513 1171 1598 Stephani
1187 1515 1247 1582 filii

118 1618 252 1689 Hahold
285 1625 461 1707 cumpatris
493 1625 597 1689 nostri
626 1623 955 1707 Haholdeudzigethe
979 1629 1130 1690 vocatam
1154 1625 1269 1690 iuxta·

118 1731 249 1797 fluvium
264 1732 407 1798 Danobii
423 1732 615 1798 existentem
631 1753 690 1816 per
705 1731 870 1798 dominum
894 1736 1041 1798 nostrum
1065 1753 1176 1816 regem
1191 1755 1247 1798 no-

118 1841 164 1906 bis
179 1843 251 1907 inre
266 1846 421 1924 perpetuo
438 1841 593 1908 collatam
609 1842 713 1906 eidem
738 1831 895 1925 magistro
921 1839 1059 1906 Nicolao
1085 1842 1247 1926 compatri

117 1956 226 2017 nostro
244 1949 285 2016 oh
301 1951 460 2015 sinceram
476 1949 685 2015 dilectionem
702 1949 981 2034 compaternitatis
999 1970 1036 2014 eo
1048 1948 1247 2033 quodetiam

119 2057 254 2125 eandem
284 2058 517 2142 possessionem
541 2059 641 2141 ipsius
666 2056 764 2124 fuisse
788 2059 935 2123 novimus
958 2057 1189 2123 hereditariam
1214 2064 1248 2123 et

117 2189 173 2251 per
204 2188 280 2232 suos
309 2165 552 2251 predecessores
582 2161 729 2232 habitam
761 2171 794 2231 et
818 2186 1046 2250 possessam..
1071 2167 1246 2249 resignavi-

117 2298 185 2341 mus
201 2327 208 2341 .
226 2325 233 2341 .
250 2275 371 2358 absque
387 2273 566 2358 preiudicio
583 2273 750 2340 cuiusdam
773 2273 984 2356 possessionis
999 2279 1110 2339 nostre
1125 2272 1246 2338 Bhese·

117 2404 178 2448 nen
208 2389 322 2448 vocate
357 2383 392 2446 in
424 2381 590 2448 vicinitate
628 2381 815 2466 supradicte
853 2381 1062 2464 possessionis
1097 2382 1246 2464 magistri

118 2490 247 2558 Nicolai
273 2491 489 2556 existentis..
514 2490 640 2556 Datum
664 2491 699 2555 in
724 2489 802 2554 villa
817 2488 937 2574 Wisul,
967 2491 1002 2554 in
1032 2489 1115 2554 festo
1141 2490 1245 2555 sancti

118 2596 270 2683 Gregorii
285 2618 370 2683 pape
395 2603 429 2664 et
457 2597 658 2682 confessoris,
689 2619 775 2664 anno
802 2597 922 2663 domini
946 2597 1000 2662 Μ0
1026 2593 1127 2662 0000
1152 2595 1245 2662 XX⁰
1325 2684 1329 2696 1

118 2707 261 2790 septimo.

222 2869 399 2921 Asehervari
420 2869 609 2935 ksiptetennak
634 2871 769 2920 ltssthan
790 2873 872 2918 mart.
897 2868 977 2918 28·an
1002 2868 1149 2919 »Nicotaus
1170 2869 1245 2918 filius

117 2960 249 3024 Stephani
263 2959 315 3010 filii
329 2961 440 3012 Hahold
457 2974 548 3014 cemes
571 2961 756 3010 Zaladiensis«
779 2959 903 3009 ktresere
924 2958 1063 3008 kiallttott
1085 2959 1243 3022 atinati-hol¹

115 3047 242 3115 melynek
255 3050 384 3116 eredetije
397 3064 514 3116 megvan
526 3064 559 3100 ez
573 3065 640 3101 orsa.
651 3051 706 3102 ltar
718 3050 818 3100 kincst.
841 3053 908 3100 oszt.
922 3049 955 3099 N.
968 3051 1001 3100 R.
1014 3049 1047 3099 A.
1063 3052 1123 3100 582.
1138 3053 1161 3099 8.
1176 3049 1244 3112 dipl.

115 3141 185 3191 lter:
200 3143 279 3191 atla.
292 3139 389 3191 Kozli:
403 3140 483 3205 Nagy
497 3141 596 3204 Gyula.

601 3303 759 3312 -ιι--ιι-ι-ι-

645 3503 717 3594 257,

117 3665 210 3729 1327.
234 3665 402 3751 Visepmid,
419 3689 490 3752 apr.
507 3665 558 3728 28.
585 3664 612 3730 l.
630 3665 756 3750 Karoly
772 3665 884 3750 hirrily
902 3664 1164 3746 Lhriaczstctaolc
1182 3665 1245 3728 Ko-

110 3776 239 3859 pozaok
254 3778 540 3860 (czorapoaosaciro,
551 3777 634 3860 kopp
650 3773 813 3856 Ebcdfloi
828 3773 898 3838 Jok
910 3773 943 3836 ts
954 3773 1116 3857 Rajacitd‚
1126 3773 1195 3837 Jok
1212 3775 1245 3836 e's

117 3883 266 3947 Κόνὸεεῑϋ
282 3891 364 3948 erevit
381 3881 537 3945 hirtokoit
563 3881 761 3966 elfoplolta'lc,
778 3904 799 3944 a
814 3880 909 3965 ppei-t
924 3879 1098 3964 kciptoloat
1122 3880 1245 3965 eizepci-

557 3989 646 4053 latro
662 3988 799 4054 hilaritati.

221 4149 368 4216 Karolns
385 4201 391 4215 .
407 4199 414 4214 .
430 4171 487 4215 rex
503 4201 509 4215 .
528 4197 534 4215 .
551 4149 695 4234 capitulo
721 4149 855 4214 ecclesie
881 4149 1065 4214 stauriensis
1081 4200 1088 4214 .
1105 4199 1112 4214 .
1129 4148 1245 4234 Kepos

114 4259 199 4325 filins
214 4259 389 4326 Laurenoii
405 4283 464 4344 pro
481 4281 514 4324 se
531 4265 564 4325 et
579 4281 638 4344 pro
658 4259 815 4325 fratribus
841 4259 907 4324 suis
933 4258 1014 4325 dicit
1038 4258 1131 4325 nobis
1158 4259 1245 4341 quod

114 4367 205 4434 Jaak
234 4375 267 4434 et
298 4367 466 4434 Renoldns
497 4365 556 4432 filii
587 4367 682 4434 Eberl
712 4389 852 4434 unacum
884 4367 956 4432 aliis
987 4367 1055 4432 suis
1086 4368 1243 4452 proximis

115 4475 277 4559 quandam
318 4477 551 4560 possessionem
584 4477 729 4560 ipsorum
763 4475 853 4542 Jaak
886 4481 1034 4542 vocatam
1074 4477 1108 4540 in
1149 4477 1246 4541 comi·

114 4591 188 4648 tatu
223 4583 261 4648 de
302 4583 528 4650 Castroferreo
569 4586 758 4650 existentem
794 4586 827 4650 in
858 4606 923 4669 qne
964 4585 1100 4650 ecclesia
1131 4591 1180 4649 est
1210 4587 1244 4649 in

112 4691 234 4758 honore
273 4695 377 4760 sancti
416 4693 590 4760 Michaelis
631 4699 827 4777 constructa,
862 4695 940 4760 item
981 4694 1080 4759 aliam
1120 4713 1246 4776 posses·
