3132 5470
569 486 664 558 ram.
680 511 749 559 aa
766 486 796 558 4.
824 565 828 571 ,
962 443 964 448 ’
1195 489 1255 562 aar

123 664 237 738 borem
255 672 322 758 piri
337 669 507 758 tenditque
523 693 634 739 versus
650 672 816 739 meridiem
843 672 886 740 ad
901 681 1031 760 pratum
1048 673 1213 762 quoddam
1229 681 1262 748 in

123 781 294 847 vicinitate
310 781 613 867 possessionisElye
629 781 689 847 filii
705 779 836 847 Nicolai
853 781 985 866 Taryan
1001 792 1114 852 vocate
1131 810 1151 852 a
1166 797 1261 872 parte

126 891 264 957 orientis
280 899 316 958 et
329 893 448 958 transit
463 892 569 976 ipsum
594 897 725 976 pratum
742 892 952 976 ascenditque
977 894 1020 959 ad
1045 903 1186 962 montem
1202 920 1261 982 per

123 1019 225 1064 unum
252 1000 372 1066 beeroh
389 1007 421 1066 et
436 1001 526 1066 vadit
541 1023 599 1086 per
615 1023 713 1067 unam
729 1002 814 1066 viam
846 1023 955 1067 versus
982 1003 1116 1068 eandem
1132 1012 1260 1088 partem

124 1116 156 1172 et
172 1111 323 1192 pervenit
339 1110 381 1174 ad
396 1109 530 1175 arbores
546 1099 652 1175 silices
670 1132 728 1195 pro
744 1111 839 1174 metis
855 1112 988 1194 positas,
1006 1119 1079 1195 post
1094 1113 1155 1177 hec
1171 1115 1260 1180 vadit

76 1203 80 1208 ¹
124 1239 183 1301 per
199 1218 294 1284 illum
318 1219 437 1284 beerch
454 1219 537 1284 etin
553 1218 616 1284 fine
632 1220 751 1284 montis
768 1219 807 1283 de
840 1221 960 1284 vertice
976 1219 1142 1285 descendit
1158 1221 1200 1286 ad
1216 1224 1258 1287 ri·

123 1327 237 1391 vulum
253 1327 384 1411 Taryan
401 1329 488 1392 cirea
503 1327 638 1410 Fyuzes‚
655 1327 791 1392 exiendo
815 1334 925 1392 autem
956 1326 996 1391 de
1012 1329 1116 1393 rivulo
1147 1351 1258 1396 versus

122 1441 251 1518 partem
269 1437 362 1519 quasi
378 1435 626 1520 deponentalem
643 1435 789 1500 aseendit
814 1433 856 1499 ad
873 1441 1015 1500 montem
1041 1436 1151 1520 ibique
1168 1459 1259 1521 sepa·

122 1548 176 1607 rat
207 1566 229 1608 a
259 1551 354 1628 parte
386 1545 520 1610 orientis
553 1549 676 1608 terram
708 1543 839 1626 Taryan
871 1549 1005 1608 eterra
1020 1543 1159 1627 Eperies
1176 1553 1209 1610 et
1224 1547 1257 1610 in

123 1669 262 1716 ascensu
277 1653 396 1717 montis
412 1653 485 1735 ipsa
500 1657 590 1716 terra
605 1651 742 1734 Eperies
752 1651 920 1716 'vicinatur
936 1674 1009 1716 cum
1025 1659 1114 1716 terra
1130 1649 1156 1718 J
1158 1655 1257 1719 oban-

122 1759 172 1823 nis
189 1756 250 1823 filii
266 1758 373 1843 Pauli,
405 1759 610 1824 ascendendo
627 1760 739 1842 itaque
755 1760 798 1824 ad
829 1767 972 1826 montem
1003 1761 1110 1827 tendit
1140 1763 1257 1830 iterato
1368 1761 1369 1765 ’

123 1887 236 1931 versus
253 1866 496 1932 meridionalem
528 1867 618 1932 vadit
635 1874 667 1932 et
684 1868 799 1932 circuit
823 1869 930 1952 ipsum
961 1875 1104 1934 montem
1130 1879 1259 1954 aparte

123 1974 335 2039 meridionali
355 1975 568 2058 pervenitque
595 1975 784 2040 divertendo
799 1997 902 2059 usque
932 1975 1057 2041 Kumel
1073 1977 1116 2042 ad
1132 1985 1258 2062 partem

120 2084 390 2167 septemtrionem
401 2088 433 2147 et
443 2069 529 2148 circa
544 2083 667 2148 Kumel
678 2083 845 2148 descendit
854 2083 896 2148 ad
912 2085 1052 2148 rivulum
1068 2083 1198 2170 Zanasy
1216 2088 1258 2152 ad

121 2197 254 2274 partem
287 2191 520 2256 occidentalem
552 2198 585 2256 et
614 2191 661 2256 ibi
691 2192 851 2257 vicinatur
883 2213 956 2257 curn
988 2197 1076 2256 terra
1101 2191 1184 2277 Elye
1199 2193 1258 2259 filii

118 2297 256 2365 Nicolai
287 2299 469 2383 supradicti
499 2306 637 2384 aparte
667 2299 881 2383 meridionali,
920 2299 1038 2364 deinde
1055 2301 1201 2366 ascendit
1217 2302 1260 2368 ad

120 2413 269 2472 montem
301 2408 344 2472 ad
374 2413 501 2490 partem
534 2407 769 2473 occidentalem
793 2409 882 2472 eirca
897 2407 1096 2472 vicinitatem
1113 2409 1255 2474 eiusdem

116 2515 204 2600 Elye
220 2517 257 2581 in
273 2517 394 2582 vertice
411 2515 552 2580 eiusdem
569 2517 688 2582 montis
714 2513 875 2580 vicinatur
901 2537 974 2580 oum
1000 2515 1096 2580 terris
1112 2515 1258 2582 filiorum

122 2622 289 2708 Stephani
320 2623 377 2688 ubi
408 2632 458 2689 est
490 2629 578 2688 meta
608 2630 733 2708 terrea,
765 2623 883 2688 abhinc
914 2623 1046 2688 divertit
1077 2645 1111 2688 se
1142 2645 1252 2690 versus

117 2733 389 2816 septemtrionem
420 2739 453 2798 et
478 2732 645 2798 descendit
661 2731 701 2798 de
717 2739 828 2798 monte
844 2733 887 2797 ad
902 2733 1007 2816 ipsum
1023 2733 1164 2796 rivulum
1188 2733 1252 2797 Za-

115 2863 201 2925 nasy
217 2841 313 2906 iuxta
329 2841 485 2906 sessiones
502 2841 645 2906 eiusdem
670 2839 873 2906 Zanasteluk
898 2863 918 2905 a
949 2845 1042 2924 parte
1059 2838 1254 2908 occidentali

116 2949 376 3032 transiendoque
386 2950 491 3032 ipsum
507 2949 648 3014 rivulum
664 2949 811 3014 aseendit
821 2949 864 3014 ad
879 2955 1021 3014 montem
1037 2947 1093 3012 ubi
1107 2950 1141 3012 in
1152 2949 1255 3014 latere

117 3061 247 3125 montis
278 3065 354 3122 sunt
384 3058 446 3122 due
477 3064 562 3124 mete
578 3065 683 3123 terree
707 3059 826 3124 abhinc
841 3058 883 3123 ad
900 3057 1133 3124 occidentalem
1150 3064 1183 3122 et
1199 3080 1257 3141 per

116 3169 282 3233 verticem
298 3167 416 3232 montis
430 3166 520 3232 vadit
536 3167 657 3232 directe
673 3167 716 3230 ad
733 3166 867 3231 eandem
884 3174 1011 3250 partem
1038 3173 1070 3232 et
1086 3188 1144 3257 per
1178 3188 1255 3230 eun-

115 3277 195 3342 dem
213 3275 369 3340 verticem
385 3277 531 3358 pervenit
547 3275 709 3339 admotas
725 3280 856 3356 terreas,
888 3274 1004 3338 deinde
1021 3265 1129 3338 tendit
1142 3295 1256 3339 versus

114 3385 261 3451 eandem
279 3389 407 3466 partem
424 3389 457 3449 et
472 3383 560 3447 venit
576 3383 618 3447 ed
634 3383 719 3447 viam
735 3405 793 3466 per
824 3403 921 3465 quam
937 3382 1004 3445 itur
1020 3381 1062 3444 ad
1078 3381 1253 3464 Bogloskw

112 3495 236 3578 ibique
254 3495 289 3557 in
305 3491 458 3557 divisione
473 3492 573 3574 ipsius
588 3492 638 3555 vie
654 3497 731 3556 sunt
746 3497 851 3555 terree
877 3495 961 3554 mete
987 3511 1059 3554 cum
1085 3489 1257 3555 arboribus

113 3603 254 3668 silicum
282 3621 344 3683 que
359 3599 481 3665 scilieet
496 3605 582 3664 mete
613 3605 768 3683 separant
799 3605 904 3662 terras
929 3596 1071 3662 filiorum
1088 3595 1256 3681 Stephani,

115 3707 382 3790 transiendoque
412 3707 516 3790 ipsam
546 3707 631 3771 viam
661 3727 773 3772 versus
814 3705 971 3770 orientem
1010 3704 1160 3787 graditur
1199 3725 1256 3788 per
1349 3700 1355 3711 '

111 3838 283 3902 magnum
300 3816 445 3900 spacium
476 3836 534 3897 per
549 3815 646 3878 silvas
664 3820 695 3878 et
712 3819 838 3879 montes
863 3813 1074 3897 pervenitque
1099 3811 1142 3876 ad
1158 3819 1258 3896 eaput

112 3927 219 3991 unius
247 3923 420 4006 vallisque
446 3945 466 3987 a
496 3929 590 4006 parte
607 3923 847 4006 septemtrionis
863 3927 896 3985 et
912 3920 1087 3986 occidentis
1103 3927 1257 4003 separant

110 4045 230 4101 terras
265 4030 407 4096 filiorum
433 4028 593 4114 Stephani
609 4049 628 4092 a
645 4031 740 4094 terris
757 4029 868 4094 Zanes
900 4035 933 4093 et
948 4029 1085 4111 Eperies
1101 4049 1164 4112 que
1181 4035 1257 4092 sunt

110 4145 156 4209 ad
174 4139 322 4207 eandem
338 4137 511 4221 Bogloskvv
527 4139 727 4222 pertinentes
744 4143 776 4202 et
800 4137 846 4202 ibi
877 4136 986 4201 deficit
1011 4137 1159 4200 vicinitas
1175 4135 1256 4201 filio-

109 4275 190 4318 rum
208 4247 375 4331 Stephani
392 4247 621 4331 predictorum,
652 4253 686 4311 et
716 4253 790 4330 post
807 4247 865 4311 hec
881 4247 951 4329 ipsa
967 4251 1056 4309 terra
1082 4243 1257 4326 Bogloskw

108 4359 240 4444 incipit
258 4361 369 4421 tenere
385 4361 490 4420 metas
506 4377 526 4420 a
541 4360 636 4440 parte
667 4353 924 4438 septemtrionali
956 4375 1029 4417 oum
1059 4352 1156 4415 terris
1172 4349 1256 4434 Elye

107 4465 265 4555 predicti
282 4485 481 4552 vergensque
499 4463 614 4529 deinde
632 4463 753 4528 directe
782 4483 840 4546 per
870 4466 1013 4528 montem
1030 4466 1064 4524 et
1080 4459 1198 4524 vallem
1214 4459 1256 4525 ad

106 4580 286 4645 orientem
316 4580 348 4636 et
374 4571 413 4636 de
444 4577 554 4637 monte
585 4571 627 4637 ad
658 4593 756 4636 unam
781 4577 902 4635 metam
917 4577 1058 4634 terream
1074 4569 1108 4632 in
1125 4589 1189 4649 qua
1206 4575 1256 4632 est

105 4688 218 4754 arbor
238 4681 340 4747 silicis
357 4687 389 4745 et
405 4675 628 4746 descendendo
639 4679 678 4744 de
689 4685 797 4745 monte
814 4681 933 4744 transit
950 4675 1112 4761 quoddam
1124 4682 1256 4758 pratum

1085 4783 1146 4848 19*
