3154 5474
538 477 632 538 1331.
650 477 807 540 surr.21.
1163 481 1226 544 549

85 650 207 719 Gencb
225 654 326 718 talem
343 653 509 720 scivissent
524 653 705 738 ueritatem,
730 653 817 738 quod
832 655 995 740 predictus
1013 655 1125 724 Simon
1141 659 1228 726 filius

85 761 112 828 J
115 761 257 828 ohannis
272 761 312 828 de
328 761 461 829 Ohorna
479 783 551 828 cum
568 762 633 828 suis
661 763 903 848 consanguineis
922 771 955 830 et
969 765 1178 851 complicibus
1194 769 1228 834 in

85 873 202 958 vigilia
218 873 306 939 beati
323 871 498 938 Laureucii
515 873 656 938 martiris
682 877 841 939 nocturno
858 877 1001 959 tempore
1025 877 1110 942 circa
1133 897 1227 944 anro-

84 1005 157 1048 ram
175 1003 276 1067 super
292 981 422 1047 domum
440 981 582 1047 eiusdem
608 981 737 1047 domine
763 981 920 1049 ueniendo
945 983 1048 1050 filium
1073 1006 1165 1050 suum
1190 1008 1228 1053 ac

82 1093 92 1157 i
96 1109 195 1176 psam
205 1089 433 1156 indefensioue
442 1089 502 1156 filii
510 1091 558 1156 sui
568 1091 778 1169 vulnerasset,
788 1093 920 1178 insuper
930 1098 1071 1177 quatuor
1081 1095 1224 1161 valentes

84 1223 191 1286 equos
207 1221 247 1266 ac
261 1201 430 1266 universas
446 1220 498 1265 res
514 1199 650 1266 mobiles
667 1205 698 1266 et
713 1201 895 1268 immobiles
906 1207 939 1268 et
950 1204 1130 1288 specialiter
1151 1206 1226 1270 scri-

83 1311 174 1375 nalia
190 1309 419 1394 potencialiter
434 1308 630 1390 abstulisset,
646 1312 794 1392 preterea
809 1309 904 1376 iidem
922 1310 1069 1387 homines
1085 1309 1226 1378 affirma-

83 1425 207 1484 verunt
233 1415 321 1500 quod
346 1414 470 1481 Paulus
493 1413 613 1482 Petrus
639 1420 672 1482 et
688 1415 858 1484 Johannes
882 1418 941 1484 filii
957 1418 1049 1484 Petri
1065 1418 1125 1485 filii
1141 1419 1227 1486 Ben-

82 1528 145 1593 kez
162 1526 203 1592 tle
220 1523 371 1610 Wenyzlr
387 1523 545 1591 ueniendo
562 1547 659 1610 super
683 1525 814 1592 domum
831 1527 973 1593 eiusdem
998 1527 1137 1612 domine,
1153 1551 1226 1594 oum

84 1635 203 1702 eadem
229 1635 361 1700 (lomina
385 1635 419 1700 in
443 1635 681 1718 persecucione-
701 1637 749 1701 sui
782 1636 907 1720 negocii
937 1636 971 1701 in
1006 1636 1096 1702 curia
1111 1627 1225 1704 ¹nostre

83 1743 284 1812 excellencie
310 1745 479 1826 extitisset,
496 1744 688 1810 secundario
714 1745 1112 1830 venientespotencialiter
1128 1742 1225 1812 auffe-

82 1860 198 1921 rcntes
215 1852 326 1918 omnia
346 1871 536 1936 quecunque
561 1854 595 1918 in
621 1853 715 1920 domo
739 1852 902 1938 sepedicta
928 1853 1056 1919 domiue
1079 1853 1224 1919 invenire

83 1964 282 2051 potuissent.
314 1961 442 2029 Datum
459 1962 540 2030 feria
556 1963 696 2029 secunda
711 1965 858 2048 proxima
873 1967 948 2049 post
964 1967 1091 2030 octavas
1107 1985 1224 2030 memo·

83 2079 186 2156 ratas,
206 2092 292 2138 anno
312 2072 460 2156 superius
476 2076 643 2140 annotato.

198 2236 332 2288 Zeirlatrin
345 2235 439 2300 peccet
451 2238 627 2302 uyonraiva13
642 2236 771 2302 credetije
792 2251 825 2287 az
839 2251 907 2286 orsz.
921 2235 976 2286 ltsir
987 2235 1087 2288 kincst.
1108 2241 1175 2289 oszt.
1189 2238 1228 2296 N.

83 2329 117 2380 R.
132 2327 167 2378 A.
187 2331 253 2377 448.
267 2331 292 2377 ’1.
316 2326 383 2390 dipl.
396 2325 470 2380 nti:
491 2329 569 2377 2677.
588 2324 688 2376 Kozti:
709 2325 818 2377 Koraos
831 2325 865 2376 N.

581 2560 737 2570 ——w-

620 2831 694 2894 471.

85 2999 187 3061 1331.
214 2993 388 3080 Viseprcicl,
421 3004 497 3078 sept.
514 2994 566 3056 21.
590 2987 739 3058 Erzse'bet
754 2993 908 3079 bira‘lpuc'
921 2997 1226 3082 crepacem-soraloi

82 3103 275 3188 rrprdczrikot
307 3099 440 3168 Cauarid
465 3101 650 3186 cszter·9omi
674 3101 764 3166 ebselc·
788 3101 872 3166 ‹iltal
883 3102 1101 3190 prirtfoprisba
1122 3105 1224 3168 vereri.

195 3259 268 3329 Nos
286 3261 460 3328 Elisabeth
475 3261 590 3345 regina
606 3310 636 3326 ..
668 3259 887 3346 significamus
904 3311 911 3329 .
928 3311 935 3329 .
953 3261 1039 3348 quod
1055 3283 1115 3329 nos
1131 3311 1138 3330 .
1155 3311 1162 3328 .
1180 3264 1222 3329 ad

81 3393 250 3461 preces..
281 3371 446 3436 abbatisse
473 3375 505 3436 et
521 3375 694 3436 conventus
721 3371 1013 3438 sanctimonialium
1037 3372 1226 3438 monasterii

81 3483 180 3550 beati
212 3479 385 3562 Lamperti
416 3479 560 3544 martiris
603 3478 642 3543 cle
683 3475 965 3562 Apacha·Somla
1004 3480 1225 3546 favorabiliter

81 3591 247 3659 inclinate
262 3594 414 3672 motoque
430 3586 652 3652 misericordia
676 3589 780 3671 ipsum
805 3589 1038 3654 monasterium
1064 3588 1227 3654 dominam

82 3699 290 3767 abbatissam
307 3703 341 3761 et
361 3715 472 3760 omues
497 3695 532 3759 in
558 3693 671 3759 eodem
695 3695 754 3760 ‹leo
780 3693 972 3761 famulentes
997 3717 1035 3761 ac
1059 3697 1227 3762 universas

82 3805 313 3894 possessiones
329 3824 367 3869 ac
382 3802 570 3885 iobagiones
585 3802 841 3869 condicionarios
868 3811 901 3869 et
921 3805 1059 3888 populos
1085 3803 1225 3871 eiusdem

82 3912 303 3982 monasterii.
320 3961 326 3976 .
344 3932 364 3976 a
385 3915 546 3995 potestate
562 3910 781 3994 quorumlibet
795 3909 963 3977 hominum
978 3961 985 3977 .
1002 3962 1009 3978 .
1034 3913 1226 3980 removendo

81 4027 117 4092 in
135 4028 286 4089 nostram
302 4020 482 4103 recepimus
499 4019 735 4102 proteccionem
751 4067 758 4084 .
775 4067 782 4084 .
814 4023 846 4085 et
862 4019 990 4085 eosdem
1005 4021 1073 4086 rice
1089 4041 1226 4104 persone

83 4137 203 4200 nostre
223 4128 403 4193 maiestatis
429 4125 603 4193 venerabili
628 4127 662 4192 in
679 4122 810 4192 Christo
833 4127 921 4212 patri
947 4126 1075 4194 domino
1101 4124 1228 4195 Chana-

83 4243 167 4308 rlino
185 4287 218 4305 ..
249 4234 492 4320 archiepiscopo
527 4242 637 4301 sancte
663 4233 894 4320 strigoniensis
920 4235 1051 4302 ecclesie
1070 4235 1227 4302 eiusdem-

83 4371 152 4436 que
195 4347 261 4412 looi
293 4345 403 4412 comiti
434 4349 592 4430 perpetuo
634 4345 792 4429 compatri
822 4348 934 4411 nostro
977 4345 1143 4411 carissimo
1182 4345 1226 4410 ab

85 4457 245 4525 omnibus
263 4455 436 4521 molestare
466 4454 648 4521 volentibus
664 4454 880 4520 commisimus
900 4453 1094 4521 indemniter
1119 4451 1226 4520 defeu-

82 4565 233 4636 sandes.
252 4615 259 4629 .
290 4563 448 4630 universis
465 4562 638 4630 comitibus
654 4562 868 4629 castellanis..
884 4611 890 4628 .
918 4562 1051 4629 damus.
1067 4611 1074 4627 .
1090 4562 1123 4628 in
1139 4582 1226 4628 man-

83 4675 175 4742 datis
202 4676 363 4760 quatenus
379 4722 411 4738 ..
442 4673 641 4738 abbatissam
659 4677 852 4738 conventum
879 4691 972 4738 suum
991 4669 1177 4757 iobagicnes
1192 4675 1226 4736 et
