3112 5466
707 501 894 548 succurronr
910 484 1127 542 onsriuvran.

850 881 922 943 174.

355 1053 450 1116 1325.
468 1051 652 1128 Ilelnuezen,
670 1048 745 1131 jan.
778 1049 807 1108 2.
824 1043 934 1108 Jakao
958 1041 1110 1106 Szobolcs
1125 1043 1296 1124 veirmeppe
1310 1039 1456 1122 frir'spdnju

508 1157 644 1242 Lenppel
669 1153 843 1220 ιῙιίηοδηαῖι·
868 1153 1018 1236 dizonyos
1035 1150 1179 1234 birscipot
1196 1149 1329 1233 elenped.

461 1303 531 1368 Nos
547 1302 705 1385 magister
729 1295 755 1361 J
756 1297 875 1363 acobus
907 1317 1013 1361 comes
1031 1294 1070 1359 de
1087 1293 1245 1359 Zobouch
1269 1291 1353 1357 filius
1368 1291 1459 1356 Dause

354 1413 491 1498 palatini
517 1411 631 1476 damus
656 1429 716 1491 pro
741 1406 906 1487 memoria,
932 1403 1019 1486 quod
1045 1424 1117 1466 curn
1143 1403 1300 1485 magister
1316 1399 1460 1465 Johanne

355 1522 461 1586 dictus
477 1517 601 1599 Lengel
618 1512 792 1598 quemdam
807 1511 971 1577 hominem
994 1511 1123 1575 nomine
1140 1507 1314 1594 Symocam
1338 1513 1405 1573 ante
1420 1505 1461 1569 de·

357 1648 503 1693 sconsum
513 1623 661 1708 magistri
678 1620 836 1704 Stephani
851 1618 910 1684 filii
921 1619 1017 1683 Pauli
1031 1617 1104 1683 bani
1121 1619 1318 1682 vicecomitis
1334 1614 1423 1681 nostn'
1431 1612 1461 1674 de

271 1763 274 1771 ⁴
357 1733 513 1802 Zobouch
530 1731 701 1797 occidisset
718 1737 750 1792 et
773 1749 870 1812 super
885 1729 956 1811 ipso
981 1725 1069 1791 facto
1094 1726 1217 1790 scilicet
1242 1747 1339 1808 super
1361 1722 1462 1808 pudore

356 1843 501 1909 eiusdem
516 1840 664 1924 magistri
681 1836 839 1920 Stephani
857 1858 928 1900 curn
945 1834 1057 1899 eodem
1074 1835 1107 1898 in
1124 1834 1264 1899 sedecim
1280 1833 1391 1897 marcis
1405 1851 1463 1895 con·

358 1951 530 2030 cordasset,
563 1969 620 2014 nos
635 1969 710 2012 vero
726 1954 860 2030 propter
875 1945 1052 2028 peticiones
1068 1943 1189 2009 domini
1215 1939 1392 2007 Ohenadini
1413 1939 1463 2022 epi·

358 2060 447 2144 scopi
472 2055 643 2139 Agriensis
660 2055 740 2120 duas
764 2061 875 2138 partes
893 2053 1114 2136 predictarum
1146 2051 1285 2116 sedecim
1304 2069 1463 2115 marcarum

358 2187 421 2248 que
438 2164 480 2230 ad
495 2185 554 2230 nos
570 2163 743 2247 pertinent,
760 2161 862 2226 eidem
879 2161 1035 2244 magistro
1052 2157 1077 2224 J
1079 2159 1198 2224 ohanni
1216 2159 1421 2222 relaxavimus
1441 2161 1465 2217 et

359 2295 455 2358 super
464 2273 527 2338 hoc
542 2271 742 2337 reddidimus
753 2269 940 2354 expeditum
951 2276 984 2334 et
994 2267 1209 2334 emendatum.
1219 2266 1345 2332 Datum
1354 2263 1464 2330 inDeb·

359 2403 462 2464 recen,
478 2382 511 2446 in
527 2381 649 2446 octavis
665 2379 908 2462 Pentheeostes‚
927 2399 1012 2442 anuo
1032 2375 1153 2441 domini
1164 2373 1218 2439 Μο
1228 2371 1466 2441 acominatus

359 2491 482 2573 quinto·

466 2635 596 2698 Paplron,
610 2634 735 2684 zarlatrtn
755 2633 903 2697 pecsdttel;
923 2631 1054 2696 eredetije
1074 2631 1133 2681 aN.
1147 2630 1343 2695 Muzeumban,
1357 2644 1372 2677 a
1384 2626 1466 2686 Kallas

362 2736 399 2772 cs.
419 2726 507 2774 ltban.
522 2724 603 2776 Kozli
616 2743 621 2775 :
635 2724 759 2788 Taganyi
773 2725 807 2774 K.

894 3159 965 3219 175.

367 3320 461 3382 1325.
476 3323 545 3404 jun.
572 3320 602 3382 5.
619 3317 667 3382 ΑΖ
690 3319 790 3382 crrrrde'
804 3319 962 3403 lcu'ptolan
980 3319 1168 3403 dizonpitjo,
1184 3322 1266 3404 lropy
1284 3319 1364 3382 Keiri
1379 3314 1466 3380 larva
1553 3309 1554 3314 '

432 3428 577 3512 Gerpelp,
603 3427 742 3490 dr'rdolsu't
759 3429 851 3492 Sacri
868 3429 953 3492 Pdso
971 3429 1126 3492 mester-tell
1143 3453 1210 3492 nem
1228 3429 1360 3492 cu'ltotlu
1377 3426 1417 3488 ti.

471 3568 541 3636 Nos
568 3569 744 3652 capitulum
762 3569 895 3634 ecclesie
912 3567 1100 3635 Orodiensis
1123 3569 1237 3634 damus
1252 3591 1313 3654 pro
1329 3563 1470 3638 memoria

365 3677 453 3761 quod
470 3699 542 3742 cum
559 3677 735 3742 secundnm
753 3678 988 3743 continenciam
1004 3679 1149 3762 priorum
1166 3679 1352 3744 litterarum
1368 3679 1471 3740 nostra·

363 3807 436 3851 rum
453 3786 687 3851 memorialium
700 3784 879 3868 Gregorius
889 3786 994 3852 dictus
1005 3787 1148 3852 Feketev
1164 3787 1204 3852 de
1215 3787 1307 3852 Keer
1322 3783 1471 3871 possessio·
1552 3817 1553 3834 κ

364 3917 437 3960 nem
454 3917 545 3959 suam
562 3895 697 3959 eandem
706 3893 955 3960 Keervocatam
971 3897 1109 3960 vicinam
1126 3903 1159 3961 et
1177 3897 1363 3980 contiguam
1371 3911 1472 3980 posses·

364 4003 444 4068 sioni
462 4003 594 4067 ecclesie
603 4008 713 4068 nostre
724 4003 874 4067 similiter
884 4001 976 4067 Keer
992 4011 1104 4069 vocate
1114 4005 1273 4087 magistro
1283 4003 1368 4070 Pose
1378 4002 1413 4066 de
1421 3998 1472 4064 Zer

365 4111 541 4176 castellano
568 4111 607 4176 tle
633 4110 737 4177 Sebus
763 4117 796 4177 et
822 4111 861 4175 de
886 4111 991 4196 Elyed
1016 4135 1074 4196 pro
1100 4135 1213 4178 novem
1230 4114 1349 4178 marcis
1364 4106 1471 4196 pignori

367 4218 547 4302 obligatam
562 4220 595 4283 in
612 4221 734 4284 octavis
751 4218 826 4284 festi
842 4219 1052 4285 Pentecostes
1063 4243 1148 4286 nnnc
1159 4223 1324 4304 preteritis
1334 4241 1391 4306 pro
1401 4218 1472 4282 dicta
1551 4293 1552 4302 ἵ

366 4347 490 4391 summa
506 4327 641 4410 pecunie
658 4325 699 4389 ab
716 4325 828 4391 eodem
846 4327 1004 4392 redimere
1021 4328 1192 4412 debuisset,
1218 4330 1289 4412 ipso
1306 4329 1356 4394 die
1372 4333 1401 4392 et
1422 4329 1473 4391 ter·

365 4435 452 4498 mino
469 4434 661 4498 adveniente
677 4435 842 4518 predictus
859 4434 1038 4520 Gregorius
1054 4437 1251 4504 antedictam
1261 4437 1473 4523 possessionen

365 4563 456 4606 suam
473 4565 493 4606 a
508 4542 655 4626 predicto
675 4544 830 4626 magistro
840 4545 927 4610 Posa
939 4545 1096 4610 redimere
1112 4568 1176 4612 uon
1194 4549 1327 4630 curavit,
1341 4561 1472 4630 procura·

368 4656 437 4714 toro
454 4651 553 4732 ipsius
571 4652 717 4732 magistri
735 4652 819 4716 Poso
837 4654 941 4719 tribus
958 4654 1074 4718 diebus
1100 4655 1260 4719 continuis
1277 4677 1380 4720 eoram
1397 4647 1472 4716 riolris
