3154 5474
341 501 408 572 494
702 515 890 572 lstoorom
907 502 1123 574 orulrrrla.

220 783 224 788 .
344 688 469 754 comitis
500 685 598 753 Pauli
617 693 649 752 et
665 685 724 752 filii
741 687 791 753 sui
808 687 873 753 alia
904 709 980 754 vero
1006 685 1162 755 medietas
1195 710 1215 754 a
1240 685 1441 774 septemtrione

342 795 419 862 filiis
435 794 598 862 Johannis
623 797 770 887 cessisset
796 797 829 861 in
855 797 1050 881 porcionem,
1076 799 1152 864 item
1179 799 1286 864 omnia
1310 798 1442 866 lenonia

341 905 439 969 terris
455 903 621 988 Kysfolud
637 909 671 968 et
685 903 816 989 Bodyla
841 905 1018 970 existencia
1044 904 1087 970 ad
1116 906 1197 971 duas
1221 911 1327 990 partes
1341 907 1443 972 divisis·

349 1018 422 1076 sent
438 1033 577 1095 quarum
594 1011 752 1078 medietas
768 1014 825 1077 uni
841 1013 907 1078 alia
922 1012 1079 1078 medietas
1089 1008 1185 1078 alteri
1202 1014 1344 1080 cessisset
1352 1015 1380 1079 in
1389 1035 1447 1096 por·

344 1121 477 1203 cionem,
493 1119 554 1184 hoc
570 1140 634 1185 non
650 1121 857 1203 pretermisso
874 1121 963 1204 quod
979 1142 1088 1186 omnes
1105 1121 1228 1186 insulas
1245 1120 1285 1186 ad
1300 1123 1444 1204 istasque-

343 1235 419 1294 tuor
433 1227 529 1292 villas
545 1227 718 1312 Kyssolud
734 1227 841 1311 Pauli,
858 1228 962 1295 Razlo
978 1235 1011 1293 et
1027 1227 1155 1313 Bodyla
1170 1231 1361 1314 pertinentes
1375 1251 1445 1294 com-

342 1337 485 1401 muniter
522 1335 583 1418 ipsi
621 1335 835 1419 possidebunt
873 1341 907 1401 et
944 1336 1104 1403 utilitates
1144 1358 1255 1403 earum
1292 1338 1447 1422 percipient

344 1445 506 1529 equaliter
521 1445 609 1510 inter
624 1445 711 1529 ipsos
728 1449 761 1511 et
778 1445 865 1528 quod
880 1445 915 1509 in
930 1445 1015 1511 hanc
1032 1444 1220 1512 divisionem
1237 1468 1331 1530 super
1356 1447 1446 1530 predi·

344 1554 405 1618 ctis
421 1552 673 1638 possessionibus
689 1553 810 1619 factam
825 1559 936 1638 partes
951 1552 1097 1637 predicte
1109 1575 1217 1620 coram
1235 1554 1324 1620 nobis
1333 1554 1448 1620 astando

343 1660 577 1728 inviolabiliter
593 1665 819 1730 assumserunt
826 1662 1005 1728 observare.
1016 1660 1142 1728 Datum
1153 1661 1205 1728 die
1221 1661 1373 1729 dominico
1388 1684 1448 1746 pro·

344 1771 431 1835 ximo
447 1773 522 1852 post
552 1767 671 1835 festum
702 1769 790 1836 beati
816 1769 970 1836 Barnabe
996 1772 1145 1856 apostoli,
1171 1793 1257 1838 anno
1282 1771 1393 1837 domini
1406 1769 1449 1836 Ml

344 1875 445 1944 ccc⁰
460 1875 598 1980 xxxa.

452 2039 605 2106 Hatrapjan
617 2041 711 2104 peccet
723 2041 883 2105 nyomaival
896 2059 903 2106 ;
926 2042 1058 2108 ercdctije
1070 2057 1102 2092 az
1126 2057 1195 2093 orsu.
1218 2043 1274 2093 ltdr
1294 2043 1384 2094 kincst
1397 2045 1451 2092 orat.

348 2135 382 2185 N.
396 2134 427 2186 R
441 2133 475 2185 A.
490 2137 550 2184 572-
566 2138 607 2184 sl.
621 2134 688 2198 dipl.
703 2136 734 2188 lt.
750 2139 828 2186 2617.
851 2137 950 2188 Kczli:
977 2137 1081 2188 Vincas
1094 2136 1195 2187 (labor.

833 2317 993 2328 ...-—-.-.

878 2536 954 2600 424.

352 2699 448 2763 1330.
473 2697 640 2783 strepas,
653 2703 723 2784 jon.
740 2699 792 2762 24.
810 2697 836 2761 r.
854 2697 980 2782 Karoly
996 2697 1109 2782 tiraq
1125 2721 1146 2762 a
1162 2649 1291 2783 sysarae
1305 2693 1456 2780 raptata

349 2805 493 2886 trasaldi,
510 2809 592 2890 bopp
609 2807 695 2870 Leve
710 2807 893 2888 Danaafidt
909 2805 1026 2870 Dezsdt
1043 2828 1064 2868 a
1083 2805 1215 2869 Nasicae
1248 2802 1396 2868 birros-ecl
1416 2801 1456 2862 li·

491 2914 642 2980 ezclritolt
658 2913 815 2978 Poboban
831 2922 915 2977 nevit
932 2911 1144 2976 birtokre'szbe
1161 2913 1287 2976 ilrtaasc
1304 2911 1346 2974 be.

344 3147 345 3150 Ἴ
458 3073 625 3140 Karalus.
643 3123 650 3137 .
666 3095 723 3138 rex
740 3123 746 3138 .
764 3122 770 3137 .
788 3072 934 3156 capitulo
951 3071 1084 3137 ecclesie
1115 3071 1314 3165 Nitriensis.
1329 3119 1336 3134 .
1352 3068 1457 3135 noveri-

350 3183 393 3245 tis
410 3181 495 3264 quod
513 3181 667 3246 accedens
683 3180 725 3245 ad
740 3187 850 3245 nostre
860 3180 1040 3245 maiestatis
1051 3181 1253 3264 presenciam
1268 3175 1459 3244 Desewfilius

350 3289 494 3355 Dionisii
511 3289 591 3354 dicti
607 3288 721 3354 Leueu
736 3286 842 3354 fidelis
859 3289 932 3354 aule
949 3294 1060 3354 nostre
1084 3290 1210 3354 iuvenis
1235 3286 1392 3372 quandam
1408 3291 1458 3348 ter·

352 3421 422 3463 ram
447 3418 502 3462 seu
528 3402 615 3462 terre
639 3396 835 3481 particulam
861 3396 901 3461 de
926 3397 1127 3480 possessione
1153 3418 1212 3462 sua
1227 3394 1344 3462 Nesice
1359 3397 1455 3459 vocata

353 3506 555 3590 dispertitam
574 3505 651 3570 olim
661 3509 694 3568 et
704 3503 880 3569 alienatam
896 3525 1045 3588 nuncque
1055 3504 1098 3570 ad
1113 3505 1272 3589 placitum
1287 3501 1459 3589 possessoris

352 3612 511 3679 Pohobau
528 3619 676 3678 vocatam
701 3613 735 3676 in
761 3612 920 3677 comitatu
946 3610 1107 3678 Nitriensi
1132 3634 1232 3696 prope
1257 3613 1385 3678 flurium
1406 3608 1459 3674 Ra·

354 3721 458 3787 dusna
474 3721 677 3786 adiacentem
694 3721 803 3786 dicens
819 3721 926 3805 ipsam
941 3721 1010 3786 lore
1035 3721 1174 3788 hominis
1199 3723 1268 3787 sine
1291 3719 1404 3786 herede
1418 3717 1459 3782 de

355 3828 498 3895 cedentis
515 3835 604 3894 etex
621 3851 658 3893 eo
674 3829 744 3894 iure
761 3835 871 3894 nostre
897 3829 1066 3895 collacioni
1098 3831 1313 3913 pertinentem
1338 3849 1395 3913 pro
1410 3823 1461 3891 suis

354 3937 498 4002 serviciis
514 3957 535 4002 a
551 3935 644 4003 nobis
660 3937 722 4002 sibi
740 3936 811 4002 dari
827 3935 1013 4022 postularit,
1045 3959 1157 4002 rerum
1173 3937 1250 4021 quia
1267 3937 1308 4002 de
1323 3933 1462 4020 qualitate

355 4061 386 4110 et
402 4045 586 4130 quantitate
602 4045 702 4128 ipsius
719 4051 804 4110 terre
821 4050 853 4110 et
870 4049 978 4109 utrum
1005 4049 1115 4110 nostre
1133 4043 1305 4110 collacioui
1321 4042 1463 4127 pertineat

357 4173 417 4217 nec
442 4175 491 4234 ne,
508 4151 600 4218 nobis
626 4174 690 4218 non
716 4157 844 4217 constat
859 4152 988 4234 veritas,
1014 4150 1166 4218 fidelitati
1192 4155 1301 4218 vestre
1318 4150 1423 4216 damus
1437 4147 1462 4210 iu

354 4261 522 4327 mandatis
538 4267 698 4344 quatenus
715 4283 788 4326 cum
804 4259 961 4326 Bernaba
977 4259 1017 4326 de
1033 4260 1116 4345 Zyly
1132 4261 1183 4327 rel
1207 4258 1233 4327 J
1234 4259 1321 4326 anka
1336 4257 1376 4323 de
1390 4255 1464 4342 Gyas

355 4369 460 4434 altero
478 4367 611 4435 absente
627 4368 757 4433 homine
772 4373 884 4433 nostro
901 4374 1043 4433 vestrum
1074 4368 1214 4433 mittatis
1244 4365 1402 4432 hominem
1417 4381 1463 4447 pro

355 4476 544 4542 testimonio
561 4475 761 4558 fidedignum
778 4497 887 4541 coram
904 4497 967 4561 quo
984 4476 1069 4543 idem
1096 4476 1232 4542 accedat
1256 4496 1353 4558 super
1369 4471 1464 4537 facien

356 4591 442 4649 terre
459 4587 630 4667 prenotate
647 4589 680 4647 et
695 4584 878 4648 convocatis
895 4584 1123 4650 commetaneis
1139 4581 1322 4648 reambulet
1348 4579 1466 4646 eandem

357 4713 415 4780 per
439 4697 544 4755 metas
569 4691 720 4775 antiquas
747 4713 785 4757 ac
811 4691 1047 4757 reambulatam
1074 4697 1198 4758 statuat
1213 4689 1361 4776 predicto
1377 4687 1468 4754 Deseu
