3130 5470
675 488 862 536 nrsouuonr
882 477 1098 538 ommnrrln.

856 873 932 934 409.

333 1038 429 1102 1330.
454 1037 619 1123 linquid,
626 1037 714 1123 fodr.
731 1037 782 1100 23.
800 1035 865 1099 Pa't
882 1034 1134 1119 orezdydr‘rdaulc
1151 1033 1276 1098 Sil-teri
1298 1034 1382 1098 Pele·
1395 1037 1433 1098 νέ-

528 1147 613 1208 szr‘re
629 1169 650 1208 a
667 1145 741 1208 408.
759 1169 800 1209 se.
817 1143 973 1208 alottilsoz
990 1143 1126 1206 dusonlo'
1140 1142 1251 1205 iterra.

439 1302 509 1370 Nos
527 1326 631 1370 comes
656 1304 779 1370 Paulus
804 1303 902 1368 iudex
931 1303 1043 1366 curie.
1061 1353 1068 1366 .
1085 1299 1344 1385 significamus..
1361 1300 1434 1384 qood

332 1435 404 1479 cum
430 1413 606 1478 secundum
633 1413 867 1477 continenciam
894 1413 1039 1495 priorum
1065 1410 1246 1475 litterarum
1272 1417 1436 1474 nostrarum

330 1521 461 1587 modum
478 1521 643 1586 iudiciario
660 1520 905 1586 deliberacionis
923 1526 1033 1585 nostre
1051 1517 1301 1602 exprimencium
1318 1515 1438 1600 quedam

330 1629 546 1714 possessiones
562 1625 694 1693 Aranas
710 1627 901 1692 Zomorreui
913 1632 944 1691 et
955 1625 1082 1691 Petend
1092 1630 1272 1709 vocateper
1283 1623 1436 1688 discretum

331 1739 436 1802 virum
453 1734 653 1821 Stephanum
670 1787 676 1800 .
695 1785 701 1800 .
719 1757 755 1800 sa
771 1787 778 1801 .
795 1733 830 1822 (l.
847 1735 979 1800 fontebb
996 1737 1070 1800 408.
1088 1756 1130 1798 sz.
1155 1731 1197 1817 a.)
1229 1733 1354 1798 nomine
1369 1737 1440 1794 terre

333 1845 647 1911 condicionariorum
657 1845 1004 1929 regaliumamagistro
1015 1844 1116 1908 Petro
1128 1841 1313 1909 deSulrlous
1322 1841 1441 1924 recapti-

333 1960 403 2018 vate
413 1955 447 2020 in
458 1955 628 2038 quindenis
638 1953 923 2020 Nativitatisbeati
935 1952 1079 2018 Johanni
1090 1933 1373 2036 Baptista..set.(l.
1383 1948 1440 2013 lon-

333 2061 409 2126 tebb
426 2065 500 2126 408.
518 2084 559 2126 ez.
571 2059 613 2148 a.)
625 2063 651 2126 si
662 2062 721 2144 ipsi
734 2063 887 2144 magistro
905 2061 1004 2125 Petro
1015 2059 1209 2126 hereditario
1220 2061 1290 2124 iure
1307 2111 1314 2123 .
1330 2109 1336 2122 .
1352 2063 1401 2122 sat.
1412 2053 1441 2138 (1.

333 2169 466 2236 lontebb
477 2175 551 2236 408.
559 2193 599 2236 su.
610 2169 652 2256 a.)
663 2169 704 2234 ad
715 2171 956 2254 prenominatae
967 2166 1317 2253 possessionesAranas
1327 2167 1442 2232 Zomer-

332 2279 403 2344 reui
414 2285 446 2344 et
457 2279 582 2344 Petend
593 2285 724 2345 vocatas
735 2278 915 2344 accedendo
926 2301 983 2362 per
993 2279 1170 2343 Hectorem
1180 2275 1283 2342 filium
1294 2272 1441 2340 Herbordi

336 2392 430 2453 ..sat
442 2385 476 2472 (l.
493 2387 625 2453 sontebb
642 2392 717 2454 408.
728 2409 771 2452 sz.
787 2385 830 2472 a.)
846 2388 932 2471 ipsas
949 2387 1163 2471 possessiones
1179 2383 1308 2449 Aranes
1328 2382 1444 2448 Zomer-

336 2495 406 2560 reui
416 2501 449 2560 et
459 2495 637 2560 Pelendad
648 2501 919 2579 prememoratum
931 2498 1120 2577 magistrum
1131 2495 1266 2559 Petrum
1278 2490 1444 2558 deSuldom

336 2603 433 2668 titulo
449 2603 643 2669 hereditario
660 2605 954 2687 attinererepertas
971 2606 1004 2668 in
1015 2602 1357 2688 quadragintamarois
1373 2619 1445 2663 com·

336 2712 479 2796 perimus
496 2713 663 2778 estimatae
689 2715 840 2788 extitisse,
865 2713 950 2777 unde
975 2714 1050 2777 lieet
1077 2733 1116 2776 ex
1141 2711 1296 2796 premissa
1320 2706 1443 2772 evidenti

338 2821 603 2903 comprobacioue
620 2821 705 2886 dic-le
721 2823 941 2906 inquisicionis
958 2827 1133 2886 memorate
1148 2820 1359 2902 possessiones
1373 2812 1446 2879 Ara-

337 2950 395 2993 nas
421 2927 612 2994 Zomorreui
638 2937 670 2995 et
695 2930 821 2995 Pelend
847 2931 1018 3014 adipsum
1044 2930 1235 3012 magistrum
1262 2927 1390 2991 Petrum
1412 2923 1444 2986 de

339 3035 480 3103 Sulrlous
497 3037 594 3102 titulo
611 3037 807 3103 hereditario
824 3039 985 3121 pertinere
1002 3043 1130 3122 reperte
1148 3036 1269 3102 fuerint
1285 3041 1445 3115 temenpro

339 3146 515 3212 evitacione
532 3147 636 3210 omnis
654 3147 924 3232 suspicionisque
951 3147 1081 3212 racione
1106 3151 1326 3230 pretectnrum
1341 3159 1448 3224 posscs-

339 3254 464 3318 sionum
490 3255 524 3318 in
541 3255 641 3338 ipsius
657 3255 804 3336 magistri
822 3254 913 3319 Petri
931 3255 1133 3320 contrarium
1156 3254 1233 3318 oriri
1259 3253 1448 3334 aliquatenus

338 3363 496 3446 potuisset
513 3412 519 3426 .
536 3413 542 3427 .
560 3368 618 3428 sat.
635 3360 671 3447 (l.
687 3363 822 3429 fontebb
839 3368 913 3428 408.
931 3386 970 3428 sn.
988 3361 1030 3448 a.)
1057 3363 1299 3429 decreveramus
1318 3381 1352 3424 eo
1367 3353 1449 3422 modo

341 3469 428 3553 quod
438 3467 581 3553 prefatus
591 3474 746 3552 magister
756 3471 875 3536 Petrus
886 3471 924 3536 de
942 3470 1083 3539 Suklous
1100 3469 1290 3536 duodecimo
1307 3468 1356 3532 die
1372 3464 1449 3548 quin·

339 3576 493 3642 denarum
505 3577 682 3642 residencie
694 3581 852 3645 exercitus
862 3579 982 3664 regalis
992 3579 1239 3664 quadragesimo
1250 3598 1284 3642 se
1299 3573 1448 3641 nobilibus

341 3687 566 3753 commetaneis
583 3688 647 3752 suis
663 3687 725 3752 sibi
739 3689 871 3754 inclusis
887 3690 920 3752 in
935 3687 1018 3754 facie
1036 3689 1130 3753 unius
1157 3687 1317 3752 dictarum
1343 3701 1449 3768 posses·

340 3797 466 3862 sionum
482 3793 612 3860 Arenae
628 3794 819 3861 Zomorreui
838 3801 869 3862 et
884 3796 1009 3862 Petend
1026 3795 1162 3862 astando
1179 3801 1278 3878 prout
1293 3788 1449 3858 iuramenti

343 3903 505 3988 deposicio
521 3905 554 3968 in
571 3904 656 3969 facto
689 3910 851 3970 terrarum
877 3906 970 3970 iuxta
994 3907 1087 3988 regni
1115 3901 1377 3969 consvetudinem
1391 3895 1448 3963 ficri

339 4013 499 4078 incumbit
515 4035 573 4097 per
589 4011 650 4077 hee
665 4013 772 4094 verba,
789 4019 826 4079 ut
841 4013 988 4097 predicte
1004 4013 1220 4096 possessiones
1248 4011 1376 4076 Aranas
1399 4004 1449 4070 Ze

339 4123 482 4186 morreui
500 4127 532 4185 et
549 4119 676 4185 Petend
692 4120 890 4188 hereditario
907 4121 1004 4187 titulo
1021 4121 1083 4186 sibi
1099 4120 1295 4205 pertineant,
1311 4112 1450 4202 presenti·

339 4227 399 4293 bns
416 4228 511 4293 dictis
528 4228 710 4294 hominibus
726 4229 847 4294 nostris
874 4237 905 4294 et
930 4229 1117 4294 testimonio
1145 4228 1279 4310 capituli
1304 4225 1450 4310 Quinque·

340 4337 538 4403 ecclesiensis
554 4341 789 4402 sacramentum
806 4337 981 4421 deponeret
1000 4387 1006 4401 .
1024 4387 1030 4400 .
1048 4340 1105 4402 sat.
1124 4332 1158 4419 (l.
1175 4334 1310 4401 fontebb
1336 4337 1405 4399 408.
1419 4351 1451 4394 sz.

339 4445 382 4531 a)
398 4445 479 4512 feria
504 4444 642 4509 secunda
666 4445 812 4528 proxima
836 4451 909 4529 post
926 4449 1056 4510 octavas
1072 4423 1319 4508 Purifioacionis
1334 4436 1449 4523 virginis

341 4554 480 4637 gloriose
497 4559 685 4618 occurrente
701 4552 845 4619 Thomas
862 4551 947 4618 filius
973 4553 1080 4618 Roma
1096 4573 1156 4634 pro
1182 4550 1298 4616 eodem
1314 4549 1451 4632 magistro

340 4662 439 4730 Petro
457 4661 497 4728 de
513 4661 653 4726 Suldous
679 4683 750 4728 cum
767 4662 1000 4747 procuratoriis
1026 4661 1187 4727 litteris..
1206 4665 1264 4724 sat.
1284 4657 1320 4746 (l.
1336 4653 1452 4725 font-ebt
