3154 5474
351 444 417 506 484
702 456 890 502 nusoonoar
906 439 1122 501 onnsiurrlu.

351 620 506 688 heredum
532 619 685 684 decedere
702 617 821 683 dehoc
840 616 950 682 seculo
967 615 1172 697 contingeret
1196 617 1311 678 extunc
1324 610 1456 694 possessio

352 729 402 794 sel
420 729 530 812 porcio
546 727 647 814 ipsius
663 727 768 811 partis
785 724 970 790 decedentis
986 725 1053 789 sine
1078 721 1233 788 heredum
1259 718 1366 784 solacio
1380 716 1456 782 alteri

354 837 441 920 parti
472 834 652 901 remanenti
667 833 717 898 sel
733 834 853 899 viventi
870 832 1092 898 devolveretur
1119 835 1152 894 et
1176 851 1241 894 non
1265 827 1352 892 alteri
1372 823 1457 889 alieno

357 995 363 1010 .
382 943 527 1009 ,Datim
542 941 622 1008 feria
637 941 776 1006 secunda
793 941 940 1024 proxima
955 946 1029 1024 post
1046 937 1230 1022 quindecim
1246 932 1457 1012 Pasoedomiui‚

354 1074 438 1118 anno
456 1051 597 1117 eiusdem
612 1050 790 1118 Millesimo
806 1048 1031 1115 trecentesimo
1048 1047 1226 1112 trecesimo

463 1215 811 1280 Anyitreilsdptnlannek
840 1212 962 1263 neeeiki
985 1211 1144 1273 dtiratdbdl,
1170 1208 1299 1273 melynek
1319 1205 1458 1268 eredetijsu

357 1307 515 1372 Majthdnyi
529 1322 565 1358 cs.
579 1309 646 1358 lbnn
658 1305 794 1358 Noudion
808 1306 908 1371 Nyitre
921 1304 1125 1369 vdrmegydben
1135 1301 1275 1351 driztetik.
1288 1299 1365 1350 Kozli
1375 1297 1458 1350 zSzobd

355 1398 469 1462 Keroty.

843 1559 1000 1569 ——.-

888 1796 962 1859 417.

361 1959 456 2022 1330.
475 1959 596 2037 Fatid,
613 1980 687 2043 apr.
705 1960 757 2022 28.
774 1957 903 2040 Mihoty
921 1956 1045 2042 erdelyi
1060 1956 1196 2040 aloajdc
1212 1952 1361 2038 Elefcicti
1384 1953 1460 2033 Nopp

361 2067 479 2130 Dezsdt
494 2089 564 2151 mep
589 2065 809 2149 uemjoleae'nc
826 2067 921 2130 miott
946 2065 1095 2148 dizoupos
1127 2063 1222 2128 loetali
1246 2060 1411 2126 birtokre'sz
1430 2057 1461 2119 el-

468 2175 661 2238 veszse'sttoo
678 2171 777 2258 Apafi
792 2172 962 2256 Jalsodfia
978 2174 1101 2238 *neszeln
1118 2171 1367 2254 elmarasztaly'u.

470 2351 541 2418 Nos
557 2351 710 2437 Myohnel
725 2351 947 2436 vicewoyvode
962 2351 1187 2434 transiliamus,
1212 2350 1324 2416 damus
1346 2366 1400 2430 pro
1413 2363 1464 2408 me·

362 2459 473 2542 moria,
490 2457 577 2542 quod
594 2480 667 2524 cum
682 2457 799 2524 Desew
814 2479 952 2541 magnus
969 2457 1008 2523 de
1025 2456 1215 2541 Elephanth
1230 2454 1463 2522 secundumcon-

361 2567 535 2631 tineneiom
551 2568 696 2651 priorum
712 2567 897 2632 litterarum
914 2565 1035 2630 domini
1050 2566 1154 2631 nostri
1178 2562 1330 2648 woyuode
1345 2564 1376 2628 in
1389 2581 1463 2645 gene-

360 2674 423 2740 rali
447 2677 703 2759 congregacione
728 2674 871 2740 eiusdem
896 2673 1037 2741 infesto
1062 2673 1151 2740 beati
1182 2671 1317 2758 Georgii
1346 2669 1464 2737 martiris

361 2784 506 2866 proxime
521 2785 672 2868 preteriti
697 2785 730 2851 in
757 2783 936 2868 Bonehyda
962 2782 1126 2848 celebrata
1154 2788 1374 2849 emanatarum
1389 2797 1465 2860 super

362 2889 448 2956 iacto
463 2892 637 2975 potenciali
653 2899 686 2958 et
711 2893 924 2976 ocoupueione
949 2890 1109 2975 particule
1133 2892 1341 2976 possessionis
1368 2884 1466 2953 Jeoobi

362 2997 420 3062 filii
437 2997 462 3064 J
463 3000 553 3065 acobi
570 2998 629 3064 filii
645 2997 723 3084 Apa
738 3000 930 3084 pertinentis
947 2997 990 3062 ed
1005 2997 1107 3064 Ketel
1131 3006 1243 3065 vocate
1268 3000 1302 3064 in
1317 2993 1465 3081 quindenis

364 3108 506 3173 eiusdem
522 3107 594 3174 festi
610 3109 643 3174 in
660 3109 838 3192 responsali
856 3108 986 3174 accione
1002 3109 1036 3172 in
1053 3129 1149 3174 causa
1174 3109 1362 3193 peremtorie
1378 3122 1466 3170 coram

362 3217 457 3282 nobis
474 3221 580 3282 astare
597 3223 711 3282 eontra
728 3216 864 3280 eundem
880 3215 906 3280 J
907 3214 1042 3280 acobum
1060 3215 1230 3301 debuisset,
1245 3217 1325 3301 ipsis
1340 3213 1406 3280 iude
1421 3209 1465 3275 sd·

362 3324 564 3390 venientibus
579 3326 648 3408 ipse
664 3325 779 3390 Desew
795 3345 932 3408 magnus
948 3323 989 3388 ed
1014 3324 1119 3407 ipsam
1135 3345 1266 3390 seusam
1293 3327 1397 3389 eontra
1410 3337 1467 3404 pre·

363 3431 465 3498 fatum
481 3430 506 3496 J
507 3432 644 3498 ecobum
660 3454 724 3497 non
734 3432 822 3498 venit
838 3452 897 3496 neo
912 3431 1053 3515 aliquem
1062 3454 1121 3517 pro
1133 3455 1167 3500 sc
1176 3433 1275 3516 misit,
1284 3432 1352 3516 ipso
1361 3427 1466 3495 Jacobs

364 3540 500 3606 eundem
518 3546 657 3624 quotuor
674 3539 787 3606 diebus
803 3561 911 3605 coram
929 3539 1020 3606 uobis
1037 3541 1179 3624 legitime
1195 3543 1390 3625 expectante,
1399 3531 1467 3600 unde

364 3648 500 3714 eundem
516 3648 632 3714 Desew
647 3671 801 3732 magnum
817 3653 931 3714 eontra
945 3646 971 3712 J
973 3649 1109 3714 acobum
1126 3655 1335 3734 prenotatum
1351 3641 1466 3711 decrevi·

369 3778 440 3820 mus
456 3757 491 3820 in
507 3755 599 3821 totali
617 3756 701 3822 facto
719 3779 814 3822 cause
831 3757 993 3822 devictum
1010 3761 1042 3822 et
1058 3758 1150 3824 nobis
1167 3758 1200 3821 iu
1225 3756 1343 3822 iudicio
1367 3771 1469 3818 renisu·

365 3865 444 3930 sisse
461 3865 591 3929 racione
601 3864 711 3948 aliqua
722 3887 786 3930 non
804 3865 962 3931 obstante.
978 3865 1103 3932 Datum
1118 3867 1153 3930 in
1169 3865 1295 3950 Fahyd,
1307 3865 1412 3949 quinto
1429 3857 1468 3922 die

367 3972 497 4036 termini
513 3974 686 4056 prenotati,
703 3994 786 4038 anno
805 3973 926 4040 domiui
942 3973 995 4038 Μ0
1012 3971 1114 4041 000⁰
1129 3973 1268 4041 XXX0.

471 4135 611 4200 Eredetije
627 4151 643 4184 a
655 4135 755 4186 haitana
768 4141 898 4201 nyomott
912 4137 1003 4200 peccet
1017 4137 1142 4201 helydvel
1164 4137 1336 4188 Bethlenben
1358 4149 1420 4201 agr.
1433 4131 1470 4179 Be·

364 4225 547 4276 thlem-ceals'sd
560 4225 756 4276 levdltareiban.
773 4226 938 4294 ¹Kisouatdt
958 4227 1092 4277 (lornides
1113 4229 1180 4278 srtdu
1203 4229 1221 4277 l.
1244 4227 1324 4292 Fejdr·
1335 4228 1353 4276 i.
1365 4241 1399 4276 m.
1411 4220 1470 4272 vili

366 4316 419 4366 ΙΙΙ.
436 4319 494 4366 503.
509 4315 606 4366 Kezli:
621 4315 708 4366 Szubd
721 4316 835 4382 Karoly.

850 4567 1004 4586 u--w-——q
