3172 5462
337 446 400 512 128
693 459 881 512 urceorum
897 450 1113 510 osulrvrto.

337 626 415 690 tatis
431 625 523 692 nobis
539 630 572 690 et
589 646 678 690 sacre
696 645 813 691 corone
829 628 940 690 nostre
964 626 1052 709 regie
1069 625 1181 692 debita
1196 624 1239 692 ad
1254 625 1341 692 viam
1358 623 1467 691 infide·

335 734 438 799 litatis
449 733 637 800 divertendo
648 739 763 802 eontra
782 739 927 800 nostram
940 735 1064 818 regiam
1080 733 1306 800 celsitudinem
1317 735 1460 819 primum

336 863 408 908 cum
433 863 491 908 nos
507 843 708 927 proclamato
733 843 840 925 gentis
865 847 976 908 nostre
991 843 1171 926 hungarica
1187 845 1336 910 exercitu
1351 849 1464 908 contre

338 949 422 1018 filios
438 951 571 1016 Herrici
586 951 696 1036 magui
713 952 835 1016 emulos
851 958 980 1018 nostros
999 951 1042 1018 ad
1057 951 1288 1018 conterendam
1305 973 1380 1018 seve
1397 950 1465 1016 infi-

337 1059 481 1124 delitatis
496 1060 641 1144 ipsorum
665 1059 904 1126 contumaciam
919 1059 1116 1126 validissime
1132 1060 1390 1144 accessissemus,
1405 1061 1466 1145 ipsi

334 1164 394 1231 filii
404 1167 545 1233 Dionisii
553 1165 612 1233 filii
622 1166 783 1234 Lethardi
792 1167 999 1252 precogitata
1009 1167 1170 1234 diabolice
1179 1166 1305 1233 fraudis
1316 1167 1467 1252 nequicia

335 1282 368 1342 et
377 1273 579 1342 infidelitatis
590 1277 734 1360 ipsorum
745 1277 898 1362 scrupulo
910 1297 944 1341 se
956 1277 1122 1344 maliciose
1132 1277 1341 1344 retrahentes
1357 1297 1469 1362 quam·

337 1385 551 1468 plurimorum
576 1383 735 1450 nobilium
759 1385 975 1469 possessiones
991 1385 1025 1450 in
1041 1385 1114 1470 ipsa
1129 1385 1340 1472 expedicione
1356 1391 1470 1452 111111

336 1494 546 1561 existencium
573 1494 759 1578 specialiter
788 1501 897 1560 autem
914 1495 1147 1578 possessionem
1161 1493 1293 1562 Nicolai
1309 1493 1373 1560 filii
1389 1491 1472 1562 (111-

336 1601 421 1686 gorii
437 1602 510 1669 aule
526 1608 637 1668 nostre
653 1603 776 1668 iuvenis
793 1601 954 1669 Zaateluk
972 1608 1122 1670 vocatam
1145 1605 1215 1688 ipso
1232 1601 1376 1669 Nicolao
1392 1623 1472 1668 una·

337 1731 411 1775 cum
435 1713 547 1776 nestra
572 1711 742 1776 maiestate
768 1711 927 1776 existente
951 1709 1045 1776 bonis
1071 1711 1219 1777 omnibus
1242 1709 1422 1776 mobilibus
1439 1715 1470 1773 et

335 1816 554 1882 immobilibus
563 1816 719 1900 privando
730 1817 958 1884 miserabiliter
969 1819 1120 1902 spoliavit
1130 1823 1163 1884 11
1179 1817 1371 1899 devastavit,
1384 1837 1466 1902 quos

336 1946 408 1990 oum
427 1924 467 1990 de
482 1924 603 2008 regalis
619 1930 730 1990 nostre
746 1925 879 2010 pietatis
896 1925 1072 1992 clemencia
1088 1925 1129 1992 ob
1145 1924 1365 1991 lacrimabiles
1381 1926 1471 2010 ipso-

334 2053 408 2096 rum
422 2032 579 2100 nobilium
604 2032 822 2117 querimonias
848 2055 943 2100 aures
967 2039 1079 2100 nostre
1098 2033 1297 2099 celsitudinis
1313 2032 1469 2118 frequen·

335 2148 444 2208 teret
475 2142 635 2208 indefesso
666 2144 839 2228 propulsas
864 2143 976 2210 ordine
1006 2143 1087 2209 iun's
1112 2148 1146 2208 et
1176 2143 1303 2208 iusticie
1335 2143 1471 2208 tramite

338 2250 509 2317 observato
535 2250 575 2316 de
601 2256 651 2317 tot
677 2257 710 2316 11
735 2256 903 2317 tantorum
930 2250 1164 2318 maleficiorum
1183 2251 1472 2336 perpetracionum

336 2357 462 2425 actibus
482 2358 659 2426 eorundem
686 2365 801 2426 contra
816 2360 902 2444 ipsos
922 2359 1047 2426 nobiles
1073 2358 1235 2442 condigna
1263 2359 1471 2426 amonicione

335 2467 508 2552 prehabita
523 2468 566 2534 ad
581 2466 844 2534 satisfaciendum
854 2467 897 2533 ad
912 2474 1021 2534 nostre
1037 2468 1126 2551 regie
1141 2468 1322 2534 maiestatis
1339 2487 1474 2552 presen-

336 2575 419 2641 ciam
429 2595 658 2660 evocassemus,
671 2575 769 2641 iidem
779 2575 912 2642 auribus
922 2575 1091 2642 obduratis
1107 2575 1215 2640 venire
1231 2597 1297 2641 uon
1313 2581 1472 2642 curantes

335 2683 393 2748 sed
407 2684 571 2767 inceptam
586 2689 809 2768 presumtuose
833 2681 1037 2748 infidelitatis
1068 2683 1213 2767 ipsorum
1229 2683 1355 2750 rabiem
1370 2687 1474 2748 teme·

336 2791 424 2856 rario
443 2812 523 2856 ausu
539 2797 654 2857 contra
678 2798 825 2858 nostram
841 2792 965 2876 regiam
996 2789 1273 2875 magnificenciam
1289 2793 1395 2876 magis
1411 2792 1472 2856 eli-

336 2903 448 2980 gentes
473 2905 684 2982 augmentare
709 2921 809 2983 quam
834 2899 1020 2982 diminuere,
1039 2899 1246 2982 postmodum
1261 2898 1381 2984 Kopoz
1401 2897 1473 2964 filio

337 3003 462 3070 Thome
477 3003 600 3071 infideli
624 3013 739 3073 nostro
763 3006 950 3074 adherendo
974 3007 1077 3072 multa
1092 3007 1210 3072 damna
1226 3013 1259 3072 et
1274 3014 1479 3074 nocumenta

335 3114 447 3178 tamin
464 3113 695 3199 spiritualibus,
705 3114 855 3180 videlicet
865 3113 1140 3181 confraccionibus
1152 3120 1184 3179 et
1200 3115 1477 3180 concremacioni-

337 3221 397 3287 bus
422 3223 631 3288 ecclesiarum
647 3225 981 3308 monasteriorumque
1004 3223 1234 3306 invasionibus,
1252 3245 1352 3307 quam
1368 3225 1476 3288 sciam

337 3331 371 3395 in
387 3332 629 3416 temporalibus,
646 3333 769 3398 scilicet
788 3333 1067 3400 destruccionibus
1084 3339 1118 3398 et
1133 3332 1386 3416 spoliationibus
1400 3353 1477 3416 pos·

338 3441 517 3506 sessionum
533 3441 688 3506 nobilium
704 3441 903 3507 urbanorum
914 3447 947 3505 et
956 3441 1153 3506 rusticorum
1163 3441 1352 3525 prediorum
1367 3439 1476 3505 cuius-

340 3569 466 3633 cunque
476 3546 608 3614 honoris
618 3548 787 3632 dignitatis
798 3550 848 3616 vel
859 3549 1058 3617 condicionis
1074 3550 1240 3615 hominum
1250 3549 1316 3615 ista
1334 3548 1475 3613 fuissent

338 3656 372 3721 in
388 3657 530 3722 omnium
541 3657 733 3740 populorum
743 3659 834 3742 regni
844 3659 947 3724 nostri
957 3658 1077 3742 passim
1097 3664 1130 3723 et
1140 3658 1208 3723 sine
1221 3657 1332 3742 aliquo
1351 3656 1476 3721 delictu

341 3763 622 3830 devastationibus
638 3764 928 3850 depredationibus
948 3766 1187 3850 direpcionibua
1204 3765 1476 3850 dissipaeionibus

339 3871 495 3937 incendiis
512 3877 544 3936 et
567 3872 639 3938 aliis
655 3873 877 3940 diversimodis
902 3875 1065 3941 damnosis
1089 3895 1128 3939 ac
1151 3874 1314 3938 iniuriosis
1342 3873 1475 3939 calami·

339 3981 461 4047 tatibus
476 3987 509 4046 et
524 3981 713 4065 periculosis
723 3983 997 4068 disposicionibus,
1010 3989 1043 4048 et
1062 3982 1149 4066 quod
1166 3988 1215 4047 est
1230 3981 1420 4048 horribilius
1435 3983 1474 4046 in

341 4085 472 4155 excidiis
487 4087 654 4154 hominum
670 4096 704 4155 et
728 4089 823 4156 multi
839 4092 1001 4176 sangoinis
1021 4088 1175 4156 effusione
1190 4087 1311 4154 inferre
1326 4111 1395 4156 non
1410 4089 1477 4156 lor·

340 4197 501 4262 midantes
517 4196 560 4262 ad
574 4198 725 4264 ultimum
741 4199 783 4265 ad
798 4205 908 4283 partes
925 4207 1016 4265 trans
1036 4221 1174 4266 zavanas
1191 4219 1225 4264 se
1240 4197 1478 4264 transferentes

340 4304 471 4372 Wrosio
496 4306 566 4388 regi
581 4303 691 4372 Servis
716 4307 898 4374 scismatico
925 4308 1058 4391 capitali
1082 4311 1193 4374 nostro
1211 4312 1244 4372 et
1259 4307 1353 4391 regui
1369 4307 1477 4372 nostri

340 4415 469 4480 inimico
494 4414 671 4482 inherendo
698 4438 771 4482 cum
796 4417 1006 4483 multitudine
1031 4417 1136 4500 gentis
1165 4417 1348 4482 scismatica
1373 4417 1478 4500 ipsius

341 4521 465 4588 Wrosii
489 4525 574 4606 regis
598 4546 734 4610 regnum
758 4531 904 4592 nostrum
930 4526 991 4610 ipsi
1016 4524 1076 4590 filii
1091 4525 1233 4591 Dionisii
1257 4525 1481 4591 1111111111-

343 4630 455 4696 dentes
481 4631 994 4715 111111111111111111111111111
1019 4632 1139 4700 liberas
1165 4633 1204 4699 de
1230 4632 1343 4698 eodem
1369 4633 1415 4700 ad
1431 4635 1482 4700 iu-
