3172 5462
567 418 660 480 1325.
677 435 747 480 rau.
766 416 816 480 28.
1197 421 1259 484 177

238 597 311 647 zaro
323 595 415 660 peccet
438 596 615 660 nyomsive13
638 595 769 660 eredetije
792 611 824 646 az
845 611 913 650 orsz.
936 598 992 649 lter
1014 599 1114 650 kincst.
1137 605 1202 651 oszt.
1230 601 1262 650 N.

124 687 157 736 R..
170 686 205 738 A.
222 691 304 738 1507.
321 690 361 738 10.
375 685 441 749 dipl.
455 687 486 735 lt.
500 689 579 738 2284.
593 686 689 738 szli:
702 685 807 736 Vincze
821 686 920 739 Gabar.

618 903 776 914 ——u—

659 1141 732 1202 160.

126 1301 223 1363 1325.
247 1299 416 1384 l'iaeprcr‘d,
425 1304 499 1385 jon.
511 1301 562 1364 28.
575 1301 698 1366 Kb'cski
708 1301 839 1366 Sriador
850 1303 1037 1388 orszdpbz'ro'
1056 1305 1168 1390 Dyrsy
1180 1315 1261 1372 nevit

124 1408 265 1472 birtokot
296 1408 385 1495 Dpulc
416 1409 532 1474 'lbmcr's
557 1409 635 1473 elles
666 1410 784 1474 Tamds
799 1411 920 1494 fldualc
948 1411 1087 1476 Ille'snelc
1104 1413 1174 1478 a'tdlr'
1189 1413 1259 1478 odo.

233 1566 306 1634 Nos
332 1589 438 1636 comes
472 1565 661 1636 Alexander
686 1569 783 1636 index
810 1571 897 1636 curie
924 1571 1044 1638 domini
1068 1573 1177 1656 regis.
1194 1621 1201 1637 .
1218 1573 1259 1638 si·

125 1675 320 1764 gnificamus
335 1727 365 1743 ..
391 1677 478 1763 quod
503 1700 575 1744 cum
591 1679 683 1744 iuxta
713 1680 949 1747 continenciam
977 1682 1122 1764 priorum
1149 1681 1260 1745 litera-

124 1807 198 1850 rurn
225 1791 411 1852 nostrarum
426 1836 433 1850 .
450 1835 458 1851 .
474 1786 567 1852 Elias
592 1785 678 1852 filius
701 1786 826 1852 Thome
852 1787 892 1852 de
917 1786 1025 1872 Dyrsy
1050 1810 1148 1873 super
1172 1787 1262 1879 facto

125 1893 296 1958 cuiusdam
316 1893 476 1978 particule
492 1895 702 1978 possessionis
718 1896 846 1961 nomine
862 1897 1070 1980 possessionis
1094 1896 1261 1962 cuiusdam

124 2002 267 2067 hominis
283 2001 402 2086 Dyuen
416 2003 523 2068 vocati
539 2002 694 2068 heredum
711 2004 831 2069 solacio
842 2003 991 2069 destituti
1000 2027 1060 2089 per
1069 2006 1261 2088 magistrum

125 2109 290 2175 Thomam
306 2109 428 2175 dictum
448 2109 672 2195 Tyukeregia
690 2111 892 2195 benignitate
902 2134 962 2196 pro
972 2115 1037 2178 suis
1047 2111 1260 2180 fidelitatibus

125 2225 158 2283 et
171 2219 385 2284 serviciorum
401 2219 599 2284 multimodis
615 2221 738 2285 meritis
754 2220 815 2285 sibi
832 2221 1074 2305 inperpetuum
1090 2221 1161 2286 dari
1178 2223 1259 2306 peti-

124 2335 156 2390 te
174 2331 294 2392 contra
310 2326 415 2410 ipsum
432 2325 592 2392 Thomam
603 2327 726 2392 dictum
737 2327 833 2413 Tyulr
844 2349 915 2393 cum
924 2330 1079 2412 magistro
1092 2327 1259 2413 Stephano

123 2433 193 2500 filio
211 2432 367 2518 Gregorii
383 2435 469 2518 bani,
488 2434 628 2501 Nicolao
644 2435 711 2500 filio
728 2433 839 2520 Gatal,
865 2437 966 2502 Reten
983 2435 1127 2502 Kenesio
1145 2444 1178 2502 et
1194 2437 1259 2502 De-

124 2544 247 2608 metrio
272 2541 339 2608 filio
364 2543 474 2610 Paska
499 2545 731 2610 commetaneis
756 2544 842 2609 dicte
867 2546 1028 2628 particule
1052 2545 1260 2629 possessionis

124 2658 159 2716 et
190 2651 267 2716 aliis
299 2657 422 2735 septem
453 2651 616 2718 nobilibus
647 2675 784 2737 quorum
816 2653 1000 2718 testimonio
1035 2654 1068 2718 in
1093 2654 1260 2744 presencia

123 2758 330 2825 honorabilis
362 2760 498 2844 capituli
524 2761 656 2825 ecclesie
688 2761 728 2825 de
759 2759 823 2825 Ku
854 2759 1016 2845 prefatam
1049 2761 1260 2845 possessionis

123 2869 325 2952 particulam
342 2890 399 2953 per
415 2869 604 2934 iamdictam
620 2869 780 2934 Thomam
796 2870 925 2934 nomine
940 2869 1149 2953 possessionis
1160 2869 1260 2952 ipsius

122 2976 248 3061 Dyuen
281 2977 315 3040 in
349 2978 550 3060 possessione
579 2977 688 3062 Dyrsy
722 2978 859 3062 petitam
885 2999 977 3042 suam
1002 2977 1070 3042 fore
1097 2975 1260 3042 heredita-

123 3087 212 3150 riam
248 3083 485 3150 evidentissime
509 3083 785 3170 comprobaverat,
811 3086 845 3150 in
877 3086 998 3151 octavis
1015 3086 1103 3150 beati
1126 3082 1260 3148 Andree

123 3193 271 3277 apostoli
304 3214 363 3278 per
396 3194 457 3258 hee
491 3194 588 3259 verba
620 3199 658 3258 ut
683 3195 762 3278 ipsa
795 3193 959 3277 particula
992 3193 1200 3276 possessionis
1228 3191 1261 3256 in

122 3301 239 3388 Dyrsy
262 3303 391 3368 nomine
416 3302 625 3386 possessionis
656 3303 725 3368 sine
755 3301 874 3367 herede
900 3301 1084 3366 decedentis
1108 3323 1167 3386 per
1190 3320 1262 3384 pre·

123 3411 234 3477 fatum
260 3409 421 3476 Thomam
447 3411 589 3494 repetita
617 3432 675 3490 sua
701 3410 820 3476 existat
853 3409 1052 3474 hereditaria
1077 3431 1186 3476 coram
1211 3431 1262 3474 ve·

122 3518 268 3585 nerabili
294 3519 437 3603 capitulo
463 3519 596 3584 ecclesie
623 3517 736 3585 Sancti
768 3518 880 3602 Iriney
913 3519 1056 3582 martiris
1082 3539 1263 3584 sacramen-

121 3634 197 3693 tum
225 3633 372 3710 prestare
399 3627 578 3710 seriemque
613 3625 692 3691 dicti
716 3625 892 3690 iuramenti
918 3630 1055 3709 utreque
1085 3632 1195 3709 partes
1220 3625 1264 3691 ad

122 3734 312 3820 quindenas
337 3734 521 3818 Epiphanie
546 3732 669 3798 domini
702 3731 795 3798 nobis
820 3733 854 3797 in
878 3733 998 3797 litteris
1023 3732 1102 3797 dicti
1128 3732 1263 3816 capituli

122 3843 318 3910 debuissent
343 3848 520 3926 reportare,
545 3841 676 3906 tandem
694 3831 838 3924 ipsarum
865 3839 1100 3924 quindenarum
1125 3841 1263 3905 termino

121 3957 319 4019 occurrente
330 3949 449 4016 Petrus
465 3951 534 4015 vice
551 3957 584 4015 et
599 3951 727 4016 nomine
738 3949 816 4014 dicti
834 3949 908 4013 Elis
925 3971 998 4014 cum
1013 3949 1132 4013 litteris
1148 3969 1263 4032 procn-

120 4061 261 4124 ratoriis
272 4059 351 4123 dicti
362 4059 498 4143 capituli
508 4059 644 4124 ecclesie
656 4056 769 4124 Sancti
779 4057 890 4142 Iriney
901 4056 943 4121 ad
953 4061 1098 4122 nostram
1110 4056 1262 4122 acceden-

120 4170 163 4234 do
181 4169 387 4253 presenciam
403 4169 473 4252 ipso
484 4167 838 4252 Tlromapersonaliter
854 4170 981 4231 astante
997 4166 1110 4230 literas
1127 4166 1263 4248 capituli

120 4277 161 4342 de
179 4275 307 4343 Sancto
324 4275 434 4340 Irineo
451 4275 543 4341 nobis
559 4276 767 4360 presentavit,
783 4276 816 4339 in
831 4295 970 4358 quarum
985 4273 1152 4339 tenoribus
1168 4295 1264 4356 super

120 4385 288 4469 premisse
303 4385 555 4467 possessionaria
571 4385 722 4468 porcione
739 4383 918 4467 peripsum
937 4383 1047 4446 Eliam
1072 4383 1138 4446 suis
1155 4383 1263 4446 coniu-

119 4491 295 4560 ratoribus
312 4493 373 4557 sibi
399 4493 560 4558 adiunctis
576 4493 681 4576 ipsum
699 4494 917 4558 iuramentum
941 4492 1035 4554 iuxta
1059 4489 1264 4575 prehabitam

119 4607 274 4668 nostram
291 4599 569 4666 adiudicacionem
593 4601 662 4664 iure
681 4606 715 4664 et
734 4599 879 4683 legitime
899 4599 1112 4683 comperimus
1137 4597 1264 4683 deposi-

170 4737 332 4774 nchusom
350 4723 514 4772 euulsrrln
530 4737 560 4774 11.
573 4725 634 4773 redu.
1111 4711 1152 4770 12
