3112 5466
635 953 710 1022 247.

104 1136 203 1198 1326.
220 1135 327 1222 Fracp
342 1138 448 1201 61161·
458 1137 701 1203 111161666116616
716 1141 885 1221 1616666116,
901 1139 983 1228 moly
1000 1143 1118 1206 6666161
1129 1141 1241 1208 Na'tba

105 1242 212 1308 1161616
219 1245 325 1331 felc'be
352 1245 472 1311 Miklds
487 1248 540 1331 fic
568 1245 669 1330 Chele,
697 1250 803 1314 mdsik
822 1249 927 1336 felc'be
953 1276 985 1314 ez
1010 1252 1079 1335 apri
1099 1253 1244 1336 pdapb'lci

284 1357 401 1440 eppheta
416 1380 455 1420 az
471 1358 541 1442 eqri
556 1357 717 1442 ledptalou
733 1359 816 1422 attat
832 1359 1053 1424 deiktattatott.

217 1581 248 1597 ..
265 1533 299 1598 in
314 1555 400 1599 anno
417 1533 539 1600 domini
554 1534 609 1601 Μ0
626 1533 834 1602 000οΧΧο
850 1541 942 1603 sexto
961 1537 1118 1620 magister
1140 1534 1241 1602 Ohele

104 1636 193 1704 lilius
209 1638 340 1706 Nicolai
357 1692 364 1706 .
380 1692 388 1706 .
405 1641 534 1709 domino
553 1644 700 1726 palatino
727 1645 871 1728 dixisset,
897 1644 985 1730 quod
1009 1645 1193 1710 dimidietas
1209 1696 1216 1710 .
1233 1695 1239 1711 .

103 1749 315 1831 possessionis
331 1747 444 1816 Natha
459 1757 572 1820 vocate
587 1753 621 1817 in
639 1773 704 1836 qua
715 1754 850 1818 ecclesia
866 1754 971 1818 sancti
981 1753 1075 1818 Petri
1095 1754 1240 1820 martiris

103 1861 191 1920 esset
207 1855 345 1924 fundata
366 1859 460 1924 iuxta
475 1859 606 1926 fluvium
623 1861 699 1926 Tur
716 1863 857 1928 existens
882 1863 983 1946 ipsius
1009 1867 1092 1927 esset
1116 1862 1242 1928 heredi-

103 1967 190 2031 taria
216 1967 307 2032 ouius
332 1968 459 2051 reliqua
479 1968 662 2035 dimidietas
688 1970 731 2034 ad
756 1971 925 2036 ecclesiam
940 1971 1119 2054 pertineret
1143 1971 1241 2053 Agri-

103 2093 213 2140 ensem
232 2097 328 2158 quam
348 2072 500 2142 Andreas
518 2075 604 2146 filius
630 2077 745 2144 Bodou
771 2086 804 2145 61
829 2077 962 2170 Ζ66661
986 2077 1073 2143 lilius
1097 2079 1239 2144 eiusdem

103 2181 250 2248 indebite
289 2205 447 2268 occupare
485 2187 685 2266 niterentur;
724 2193 924 2273 quapropter
962 2185 1049 2252 idem
1088 2186 1237 2252 dominus

104 2287 278 2376 Philippus
304 2294 469 2377 palatinus
495 2344 502 2358 .
528 2344 535 2359 .
561 2295 704 2379 capitulo
739 2294 824 2360 dicte
850 2295 984 2361 ecclesie
1019 2291 1190 2377 Agriensis
1206 2345 1237 2361 ..

104 2399 275 2466 scribendo
301 2451 307 2465 .
334 2451 341 2466 .
373 2401 569 2485 postulasset
592 2410 630 2469 ut
654 2405 824 2469 mitterent
847 2402 1010 2468 bominem
1034 2404 1179 2486 ipsorum
1204 2454 1239 2469 ..

105 2528 169 2589 quo
201 2514 353 2592 presente
384 2509 556 2575 Lorandus
587 2509 673 2575 filius
704 2509 889 2578 Sebastiani
913 2511 964 2576 661
988 2510 1165 2576 1161161666
1197 2511 1237 2576 16

104 2613 255 2682 Farlrasd
280 2619 384 2684 altero
409 2617 542 2684 absente
565 2619 663 2685 bomo
687 2620 788 2704 ipsius
804 2670 811 2684 .
829 2669 835 2684 .
852 2619 1022 2686 accederet
1052 2621 1094 2686 ad
1125 2619 1239 2684 faciem

104 2723 316 2792 dimidietatis
344 2727 429 2794 dicte
454 2727 662 2810 possessionis
679 2725 793 2792 Natha
818 2733 930 2792 vocate
956 2728 1139 2793 6666666116
1164 2727 1239 2791 6161-

105 2835 176 2898 nis.
194 2883 202 2899 .
217 2835 323 2920 ipsam
343 2835 576 2901 reambulandc
592 2885 599 2900 .
616 2885 623 2900 .
640 2840 799 2900 statueret
824 2835 927 2900 eidem
953 2835 1108 2918 magistro
1135 2833 1236 2900 Obele

104 2943 131 3005 si
147 2965 214 3008 non
230 2942 324 3008 fieret
341 2945 579 3010 contradictum
605 2943 861 3008 contradictores
876 2965 953 3009 vero
970 2993 977 3008 .
993 2993 1000 3007 .
1017 2943 1135 3008 citaret
1156 2991 1187 3007 ..
1204 2949 1237 3006 et

104 3055 177 3131 post
203 3049 263 3115 hec
288 3100 295 3114 .
321 3101 328 3116 .
354 3050 458 3116 eidem
483 3051 613 3117 domino
639 3047 793 3134 Philippo
818 3049 989 3134 palatino.
1014 3100 1021 3114 .
1042 3049 1237 3115 rescriberet

96 3159 284 3242 ,capitulum
299 3164 510 3242 annotatum3
527 3159 659 3224 tandem
675 3157 759 3223 idem
781 3207 788 3222 .
807 3207 814 3222 .
834 3159 1051 3242 rescripsisset
1069 3208 1075 3223 .
1092 3208 1099 3224 .
1115 3159 1202 3242 quod
1213 3209 1237 3224 ..

105 3289 176 3333 cum
192 3269 339 3353 predicto
356 3269 512 3336 Ladizlao
539 3270 579 3335 de
603 3268 753 3334 Farlrasd
777 3317 785 3333 .
810 3318 817 3332 .
843 3266 1019 3334 Nicolaum
1036 3267 1237 3333 sacerdotem

104 3379 356 3443 concanonicum
373 3381 516 3464 ipsorum
541 3377 772 3442 transmisisset
788 3375 829 3440 ad
855 3377 1011 3458 premissa
1037 3374 1234 3458 exequenda,

105 3485 158 3567 qui
185 3485 314 3551 demum
340 3537 347 3552 .
373 3537 380 3552 .
405 3488 602 3570 retulissent,
627 3485 715 3570 quod
739 3485 801 3568 ipsi
826 3482 963 3549 sabbato
988 3485 1136 3568 proximo
1162 3489 1237 3566 post

103 3593 284 3676 quindenas
300 3594 374 3660 festi
390 3595 544 3678 Corporis
561 3593 686 3660 Ohristi
710 3599 788 3658 tunc
812 3592 961 3676 preteriti
985 3591 1168 3658 accedendo
1193 3591 1236 3656 ad

101 3701 214 3769 faciem
233 3703 445 3769 dimidietatis
465 3704 549 3769 dicte
564 3702 774 3787 possessionis
799 3750 806 3764 .
832 3751 839 3766 .
866 3701 1049 3766 convocatis
1074 3699 1235 3764 6161616..

102 3809 203 3894 ipsam
222 3862 228 3876 .
246 3863 253 3876 .
269 3834 289 3877 a
305 3807 397 3894 parte
409 3812 560 3876 orientali
577 3811 767 3876 existentem
784 3858 791 3873 .
808 3857 815 3873 .
832 3807 1067 3874 reambulando
1084 3856 1092 3872 .
1108 3857 1115 3872 .
1132 3806 1235 3872 eidem

102 3921 256 4002 magistro
274 3918 373 3985 Ohele
398 3919 488 3984 nullo
509 3919 747 3986 contradictore
773 3917 929 3982 existente
954 3916 1145 3980 statuissent
1170 3915 1237 3980 alia

103 4027 303 4093 dimidietate
326 4027 427 4110 ipsius
451 4050 511 4112 pro
537 4027 672 4093 ecclesia
697 4025 852 4110 Agriensi
876 4029 1074 4108 remanente,
1101 4029 1134 4087 61
1160 4044 1234 4089 cum

103 4134 160 4200 hec
175 4158 233 4220 per
251 4135 378 4201 eosdem
395 4186 402 4201 .
419 4187 426 4202 .
442 4137 587 4202 homines
603 4137 705 4202 eidem
731 4135 874 4220 capitulo
900 4133 1138 4199 recitarentur.
1155 4181 1161 4196 .
1178 4129 1234 4196 do·

102 4245 205 4310 minus
231 4242 443 4310 0166611666
460 4294 489 4309 ..
509 4246 678 4329 episcopus
704 4252 736 4311 et
760 4243 907 4328 prelatus
933 4240 1075 4306 eiusdem
1102 4239 1235 4305 ecclesie

101 4349 271 4436 Agriensis
297 4358 537 4418 commetaneus
568 4353 711 4418 eiusdem
735 4350 943 4437 possessionis
967 4350 1002 4414 in
1033 4347 1240 4413 dimidietate,

102 4462 227 4526 nomine
257 4461 389 4527 ecclesie
419 4482 476 4526 suc
506 4461 540 4525 in
570 4460 677 4526 medio
708 4461 810 4545 ipsius
846 4457 982 4542 capituli
1020 4456 1235 4540 personaliter

101 4568 235 4634 astando
261 4617 293 4636 ..
319 4568 453 4634 dixisset
478 4568 565 4652 quod
589 4569 661 4652 ipsa
686 4567 869 4633 dimidietas
895 4615 926 4631 ..
951 4566 1107 4649 magistro
1133 4562 1233 4629 Ohele

103 4684 226 4743 6161616
243 4677 410 4743 66166166
434 4677 598 4762 magnifici
625 4677 685 4742 viri
711 4675 898 4761 Nogbodun
923 4674 1028 4737 666611
1053 4672 1166 4737 suisset
1191 4672 1233 4738 ab
