3130 5470
387 446 453 513 444
739 463 927 510 nuuouuonr
944 452 1161 510 cnutiuruln.

386 624 535 710 proximo
552 628 625 708 post
641 625 821 710 quindenas
837 625 1021 710 Epiphanio
1038 624 1169 708 domini,
1201 647 1284 692 auno
1300 626 1426 692 eiusdem
1441 626 1484 692 Ml

388 730 489 800 000⁰
505 732 597 798 XX⁰
620 735 769 801 secundo.
801 732 871 800 Nos
886 736 996 820 itaque
1013 732 1139 799 easdem
1164 733 1288 800 litteras
1312 736 1485 819 presentibus

386 840 483 905 inseri
508 840 651 908 fecimus,
681 842 805 909 Datum
821 842 901 908 feria
917 849 1031 928 quarta
1046 843 1196 926 proxima
1211 849 1286 908 ante
1301 843 1405 909 festum
1413 845 1484 909 beati

387 948 547 1014 Demetrii
563 951 713 1034 martiris,
728 971 812 1017 anno
830 951 951 1018 domini
967 948 1020 1016 Μο
1037 949 1137 1018 000⁰
1152 948 1245 1016 XX⁰
1261 973 1351 1018 nono.

496 1111 647 1179 Hdtlapjein
669 1113 762 1179 peccet
782 1115 959 1181 nyomeivul;
979 1115 1138 1180 eredetijea
1159 1115 1193 1164 N.
1207 1115 1391 1166 aneumbou.
1408 1113 1484 1163 szli:

389 1201 514 1267 Taganyi
527 1203 560 1252 K.

876 1349 1033 1358 ·-.-—-

392 1765 487 1826 1329.
499 1763 576 1827 Ιπου.
593 1764 622 1826 8.
655 1761 702 1828 Aa
734 1767 803 1849 cyri
832 1764 1280 1850 kdplcloanlorszciqbr'rd
1306 1769 1484 1849 perone-edm
1540 1729 1541 1734 ἵ

391 1873 498 1957 Izsc'pi
513 1872 707 1954 Ja'aosflcit
723 1873 824 1938 narra
840 1876 873 1938 c's
888 1875 1057 1954 Lukdceot
1075 1875 1180 1940 Areios
1196 1883 1278 1938 nevit
1302 1871 1434 1936 distel-bu
1453 1871 1486 1934 le·

891 1982 1019 2066 ilctotja.

499 2138 568 2205 Nos
594 2139 771 2224 capitulum
788 2140 918 2206 ecclesie
934 2137 1105 2224 Agriensis
1122 2191 1129 2206 .
1145 2191 1152 2206 .
1169 2140 1366 2206 declaramus
1380 2191 1387 2204 .
1401 2189 1407 2204 .
1421 2136 1489 2222 quod
1540 2113 1541 2190 l

392 2270 464 2314 cum
479 2250 569 2314 iuxta
594 2257 739 2315 tenorem
763 2251 946 2316 litterarum
971 2251 1096 2316 comitis
1120 2249 1217 2316 Pauli
1247 2250 1359 2315 iudicis
1382 2249 1489 2313 curie..

393 2381 464 2424 cum
480 2358 616 2424 Nicolao
633 2357 700 2424 filio
717 2358 880 2425 Jobannis
897 2359 936 2424 de
951 2360 1109 2424 Banouch
1125 2381 1184 2442 pro
1201 2360 1332 2424 homine
1350 2409 1356 2423 .
1371 2408 1377 2422 .
1392 2355 1488 2422 domini

392 2467 478 2549 regis
494 2519 501 2532 .
518 2517 524 2529 .
541 2467 694 2550 deputato
711 2517 718 2532 .
736 2517 742 2532 .
760 2466 918 2533 Thomam
930 2467 1126 2534 sacerdotem
1138 2467 1177 2531 de
1192 2467 1270 2532 uilla
1285 2465 1489 2548 Parisinquo

393 2597 466 2639 rum
480 2575 645 2658 presencia
670 2574 800 2641 Blasins
825 2575 911 2641 filius
936 2575 1108 2640 Michaelis
1134 2574 1173 2640 de
1198 2574 1347 2640 Rnlrolch
1362 2595 1425 2638 cnm
1446 2569 1490 2635 Jo-

394 2681 499 2746 hanne
514 2681 581 2748 filio
597 2682 785 2768 Markalphi
801 2691 832 2749 et
854 2684 972 2749 Douch
987 2682 1054 2748 filio
1085 2682 1188 2748 Blasii
1219 2684 1284 2748 suis
1309 2680 1490 2749 coniuratori·
1539 2731 1540 2758 p

394 2787 455 2856 bus
470 2789 512 2853 ad
542 2788 655 2854 faciem
681 2793 889 2874 possessionis
922 2787 1054 2856 Aracch
1085 2797 1195 2856 vocate
1211 2841 1219 2856 .
1236 2841 1243 2856 .
1259 2793 1294 2855 in
1320 2789 1428 2856 octaris
1442 2787 1489 2852 dei

395 2893 608 2962 Strennarum
624 2899 775 2964 accedere
792 2905 825 2965 et
846 2921 918 2964 cum
944 2921 1001 2964 suo
1032 2901 1214 2964 iuramento
1241 2899 1408 2964 secundum
1421 2895 1490 2976 regni

396 3005 657 3071 consuetudinem
673 3009 828 3074 terminos
854 3015 886 3072 et
911 3008 1133 3073 distincciones
1158 3007 1353 3092 graminales
1376 3005 1490 3086 acsigm

394 3113 597 3179 ..ostendere
613 3122 646 3180 et
661 3137 816 3181 novarum
825 3123 985 3182 metarum
996 3117 1159 3182 ereecione
1175 3165 1183 3182 .
1200 3166 1206 3182 .
1223 3109 1396 3202 Matheojet
1410 3110 1491 3176 Lukn·

397 3222 468 3287 cbio
484 3221 559 3288 filiis
573 3222 598 3289 J
600 3224 734 3288 ohannis
751 3223 790 3288 de
805 3224 924 3308 Iseeph
940 3225 1034 3289 deum
1050 3245 1107 3307 pre
1124 3224 1226 3290 oculis
1242 3223 1387 3288 habendo
1405 3237 1490 3304 perpe·

394 3335 451 3392 tuo
467 3337 607 3395 statuere
623 3331 793 3414 debuisset,
809 3353 868 3414 pro
885 3333 1069 3397 testimonio
1086 3333 1380 3414 transmisissemus,
1389 3329 1489 3394 demun

395 3438 482 3508 idem
513 3439 670 3505 Nicolaus
692 3439 730 3504 de
747 3440 905 3506 Banouoh
921 3462 993 3505 cum
1010 3440 1121 3506 eodem
1138 3440 1264 3506 Thema
1281 3439 1437 3506 sacerdote
1449 3436 1489 3498 ho-

395 3551 481 3614 mine
497 3556 607 3614 nostro
624 3599 631 3616 .
648 3600 655 3614 .
671 3548 853 3614 retulerunt
870 3549 957 3632 quod
972 3549 1117 3634 prefatus
1132 3549 1263 3614 Blasius
1279 3548 1365 3613 filius
1380 3544 1491 3612 Michae-
1538 3559 1539 3562 ’

396 3657 436 3724 lis
453 3681 524 3724 cum
539 3659 634 3724 dictis
650 3660 717 3723 suis
733 3656 989 3724 coniuratoribus
1006 3679 1114 3723 coram
1130 3658 1208 3742 ipsis
1224 3658 1258 3721 in
1274 3657 1420 3740 predictis
1428 3659 1489 3716 octa·

395 3769 443 3834 uis
476 3767 692 3834 Strennarum
720 3766 763 3832 ad
794 3766 910 3832 faciem
940 3771 1117 3831 memorate
1150 3765 1364 3850 possessionis
1388 3756 1490 3828 Areach

396 3883 509 3942 vocate
541 3876 725 3942 accedendo
758 3877 940 3942 convocatis
965 3877 1077 3941 vicinis
1119 3875 1262 3960 undique
1304 3882 1338 3941 et
1367 3866 1489 3959 presenti-

396 3987 458 4052 bus
490 3986 595 4070 ipsam
626 3985 862 4068 possessionem
902 4007 975 4050 cum
1014 3984 1220 4068 deposicione
1261 3985 1311 4050 sui
1351 3971 1489 4048 iuramenti

397 4101 431 4161 et
461 4116 591 4160 suorum
623 4095 864 4160 coniuratorum
894 4093 955 4158 sub
986 4093 1080 4158 metis
1112 4099 1144 4157 et
1175 4093 1277 4176 siguis
1309 4089 1391 4157 inira
1413 4083 1491 4152 decla·

397 4203 509 4270 randis
540 4203 600 4268 sub
632 4202 749 4286 quibus
775 4201 886 4267 eadem
920 4223 979 4286 per
1012 4202 1120 4285 ipsum
1154 4207 1186 4266 et
1217 4221 1277 4284 per
1308 4221 1380 4265 suos
1408 4190 1491 4282 prede

399 4333 541 4379 cessores
572 4331 721 4396 possessa
753 4312 914 4376 extitisset
944 4309 985 4376 ab
1017 4309 1091 4374 aliis
1124 4308 1377 4393 possessionibus
1407 4302 1492 4368 sicinu-
1537 4327 1538 4356 1

396 4423 455 4487 riis
485 4443 642 4488 novarum
673 4421 776 4485 eciam
808 4419 971 4484 erecoione
1001 4423 1163 4483 metarum
1193 4415 1372 4502 separando
1404 4409 1493 4478 eisdem

397 4531 534 4596 Matheo
551 4536 583 4594 et
599 4527 768 4594 Lulraohio
785 4527 861 4592 filiis
877 4525 902 4592 J
904 4527 1040 4593 ohannis
1057 4527 1226 4592 statuisset
1251 4531 1407 4610 perpetuo
1419 4512 1492 4608 possi-

399 4639 537 4705 dendam
554 4687 561 4703 .
579 4689 585 4704 .
603 4659 714 4706 cursus
730 4658 806 4704 uero
822 4643 982 4704 metarum
998 4685 1005 4700 .
1024 4687 1031 4702 .
1048 4641 1097 4702 est
1112 4636 1198 4717 talis,
1210 4635 1299 4718 quod
1314 4632 1414 4719 primo
1428 4640 1491 4706 cert
