3152 5472
678 449 867 498 aurotrsoar
883 437 1103 496 onnlurnla.

856 833 930 897 538.

327 1000 423 1062 1332.
447 1000 618 1084 Viseprdcl,
634 999 698 1063 dec.
714 999 744 1062 9.
760 997 827 1062 Pa'l
843 996 1030 1082 orazdpbiro'
1045 993 1164 1080 Scopuli
1187 995 1345 1060 Pete-mele
1366 991 1460 1059 Caea-

324 1109 394 1192 9cri
425 1107 530 1174 Joooa
568 1107 662 1171 alloni
699 1105 974 1190 batulompercbcn
1006 1129 1037 1169 ez
1068 1103 1242 1170 crotbinak
1282 1127 1303 1168 u
1337 1102 1459 1168 edredi

327 1227 456 1283 convent
488 1217 561 1282 elb'tt
605 1215 799 1280 bueronbtbrt
840 1213 992 1300 mapdoal
1027 1213 1165 1277 letecndb'
1201 1213 1312 1276 calore
1346 1215 1459 1276 haldr-

410 1333 414 1341 '
780 1323 996 1410 capottr'tzki.

434 1483 504 1550 Nos
521 1505 626 1550 comes
641 1483 764 1549 Paulus
781 1483 878 1549 iudex
909 1484 996 1549 curie
1021 1532 1028 1548 .
1055 1533 1062 1548 .
1089 1483 1203 1548 damus
1220 1503 1280 1566 pro
1296 1483 1454 1548 memoria

328 1593 416 1678 quod
425 1591 545 1660 Petrus
560 1593 647 1660 filius
663 1593 837 1660 Michaelis
852 1614 911 1678 pro
928 1593 953 1659 J
955 1593 1078 1658 ohanne
1095 1589 1162 1656 filio
1172 1591 1265 1656 Petri
1276 1591 1314 1656 de
1325 1587 1430 1656 Senes
1440 1641 1463 1656 ..

328 1702 362 1766 in
393 1701 544 1766 vicesimo
576 1701 714 1766 secundo
745 1701 796 1766 dis
822 1699 894 1766 festi
921 1700 1007 1766 beati
1034 1699 1172 1764 Martini
1197 1699 1393 1765 confessoris
1424 1699 1463 1766 ad

327 1817 475 1876 nostram
486 1808 640 1874 accedens
657 1809 856 1893 presenciam
878 1806 1301 1874 contraJobannemfih'um
1310 1806 1407 1872 Petri
1426 1805 1463 1870 de

329 1915 498 1985 (lhenkesr
514 1916 666 2000 infigura
682 1917 786 1982 nostri
802 1916 914 1982 iudicii
929 1916 1099 2002 proposuit
1110 1937 1146 1980 eo
1166 1915 1270 1997 modo,
1282 1915 1370 2000 quod
1380 1916 1461 1982 idern

330 2026 501 2092 Johannes
517 2023 604 2090 filius
619 2024 711 2090 Petri
729 2024 767 2090 de
793 2023 961 2090 Ohenheer
985 2025 1111 2090 fructus
1137 2031 1170 2089 et
1193 2024 1351 2090 utilitates
1377 2023 1462 2090 dicte

329 2133 539 2218 possessionis
554 2131 673 2216 prelati
690 2131 716 2198 J
717 2131 854 2198 ohannis
869 2131 928 2196 filii
943 2132 1036 2198 Petri
1056 2130 1158 2198 Senos
1175 2137 1284 2198 vocate
1295 2153 1314 2196 a
1324 2140 1463 2215 quatuor

330 2243 421 2306 annis
438 2241 593 2325 incipiens
611 2245 722 2306 contra
731 2241 910 2325 legitimam
920 2242 1176 2327 prohibicionem
1188 2241 1329 2307 eiusdem
1339 2241 1365 2307 J
1366 2242 1462 2308 ohan-

330 2350 380 2416 nis
397 2348 436 2414 de
452 2346 555 2415 Senes
574 2350 801 2434 potencialiter
817 2351 983 2436 percipiet
999 2350 1133 2416 arbores
1144 2349 1286 2415 eiusdem
1296 2348 1459 2434 quamplu-

330 2481 382 2525 rss
400 2457 504 2524 decidi
522 2457 656 2541 fecisset,
673 2459 706 2523 in
724 2459 841 2542 quibus
861 2459 1009 2525 omnibus
1020 2458 1172 2524 damnum
1183 2459 1458 2542 trigintaduorum

330 2588 512 2632 marcarum
539 2567 641 2632 sidem
666 2565 813 2632 Johanni
839 2567 878 2632 de
903 2563 1005 2632 Senee
1039 2567 1221 2650 intulisset,
1258 2587 1321 2649 quo
1352 2567 1459 2632 andito

331 2676 457 2742 Paulus
473 2673 559 2740 filius
578 2673 739 2740 Demetrii
755 2696 814 2758 pro
831 2674 942 2740 eodem
957 2672 1108 2740 Johanns
1124 2673 1192 2741 filio
1206 2674 1300 2740 Petri
1311 2675 1348 2740 de
1358 2675 1460 2742 Chen·
1563 2679 1564 2697 ¹

332 2786 444 2851 beer..
464 2784 600 2850 eundem
619 2784 824 2848 innocentem
840 2782 908 2848 fore
928 2787 961 2847 et
982 2783 1155 2848 immunem
1172 2782 1326 2867 allegavit
1352 2785 1382 2848 in
1391 2804 1461 2866 pre-

331 2893 449 2971 missis,
463 2891 549 2958 unde
565 2891 642 2956 licet
657 2897 823 2975 protectus
839 2889 958 2956 Petrus
974 2889 1059 2956 filius
1074 2889 1258 2975 Mychaelis
1274 2900 1461 2975 procurator
1562 2947 1563 2964 ,

332 3000 411 3066 dicti
435 2999 597 3068 Johannis
622 2999 682 3064 filii
706 2997 799 3063 Petri
825 2998 865 3064 de
891 2997 993 3066 Senes
1026 2999 1217 3083 premissam
1252 3002 1459 3065 assensionem

332 3129 423 3175 suem
439 3109 715 3174 demonstracione
731 3108 900 3172 literarum
917 3159 924 3172 .
943 3157 950 3172 .
967 3113 1142 3173 conventus
1167 3107 1352 3174 monasterii
1362 3107 1458 3171 sancti

332 3217 488 3302 Stephani
521 3215 816 3300 inquisicionalium
843 3221 875 3280 et
909 3216 1137 3298 magistrorum
1166 3213 1271 3280 Petsu
1303 3213 1457 3299 quondam
1561 3295 1562 3300 ἵ

331 3325 447 3390 iudicis
463 3344 500 3388 ac
516 3321 686 3388 Michaelis
702 3320 887 3388 Sirmiensis
904 3323 980 3387 olim
996 3323 1191 3388 vicecomitis
1208 3322 1456 3388 Zothmariensis
1561 3315 1562 3330 ¹

332 3453 371 3498 ac
387 3438 526 3516 quatuor
541 3431 683 3497 iudicum
699 3430 856 3495 nobilium
873 3429 912 3496 de
929 3431 1039 3496 eodem
1050 3429 1456 3515 prohibicionaliumdccls-

332 3541 459 3625 raverit,
475 3545 583 3606 tamen
599 3541 675 3624 quia
690 3539 829 3604 humano
846 3539 1031 3604 testimonio
1048 3540 1261 3624 comprobare
1270 3563 1335 3606 non
1345 3561 1456 3606 assum·

333 3651 376 3714 sit
400 3671 460 3733 pro
477 3670 513 3714 eo
530 3670 666 3713 unacum
682 3649 857 3714 baronibus
883 3653 914 3713 et
938 3646 1100 3713 nobilibus
1125 3647 1217 3730 regni
1242 3649 1402 3714 nobiscum
1422 3648 1455 3711 in
1560 3637 1561 3700 l

333 3757 452 3822 iudicio
469 3755 717 3821 consedentibus
725 3756 932 3822 'decrevimus
947 3754 1128 3840 iudicando,
1154 3755 1241 3840 quod
1266 3757 1454 3841 prenomina-

333 3869 385 3929 tus
402 3862 569 3930 Johannes
585 3863 671 3928 filius
687 3863 779 3929 Petri
796 3864 836 3929 de
853 3863 1022 3931 Chenkser
1038 3865 1190 3948 vigesimo
1210 3865 1326 3948 quinto
1336 3862 1453 3930 senobi-

333 3973 418 4039 libus
434 3973 468 4038 in
484 3975 603 4038 octavis
629 3971 841 4039 Strennarum
865 3995 951 4039 nunc
976 3975 1118 4039 venturis
1142 3975 1176 4038 in
1192 3973 1279 4041 dicto
1310 3975 1452 4039 consentu

335 4082 437 4148 sancti
458 4078 616 4165 Stephani
632 4082 666 4146 in
681 4102 717 4146 eo
734 4087 771 4146 ut
781 4083 849 4166 ipss
860 4083 892 4147 in
902 4083 1066 4166 premissis
1086 4077 1452 4165 acquisicionibusipsius
1559 4063 1560 4066 ¹

335 4189 497 4256 Johannis
526 4189 586 4256 filii
610 4189 701 4256 Petri
719 4191 758 4256 de
774 4189 878 4256 Senes
908 4191 1062 4256 innocens
1078 4191 1121 4255 sit
1137 4196 1169 4254 et
1187 4191 1338 4256 immunis
1363 4207 1453 4254 sacn-
1558 4233 1559 4260 i

334 4301 480 4364 mentum
496 4303 641 4383 prestare
657 4303 808 4364 teneatur
824 4348 831 4364 .
849 4349 856 4363 .
873 4297 998 4364 Datum
1022 4299 1057 4364 in
1081 4297 1263 4384 Vysegrad‚
1280 4303 1387 4364 octavo
1408 4293 1452 4358 die

335 4405 466 4471 termini
482 4407 654 4490 prenotati,
680 4427 765 4472 anno
783 4405 904 4472 domini
920 4405 974 4472 Μ0
990 4403 1091 4475 000ο
1105 4405 1237 4472 XXX⁰
1252 4405 1394 4474 secundo.

442 4567 574 4619 Zarlatan
593 4569 687 4632 pecset
700 4569 845 4635 helyeve13
865 4570 998 4635 eredetije
1017 4585 1050 4620 aa
1071 4569 1177 4635 erdelyi
1199 4569 1328 4620 Muzeum
1348 4565 1450 4616 leunt-

335 4655 463 4720 ttrtban,
476 4659 494 4710 J
496 4671 534 4708 os.
548 4657 625 4709 (lom.
639 4657 765 4722 Kemtny
779 4659 854 4723 Dipl.
866 4663 986 4725 Autogr.
1001 4659 1081 4710 Tom.
1096 4660 1117 4710 1.
1130 4659 1230 4710 Kozli:
1245 4659 1331 4710 Baubo
1351 4654 1448 4716 Karoly·

821 4785 977 4796 ,--,-.-.-
