3132 5470
545 458 640 518 1327.
656 475 727 520 sun.
744 457 774 518 4.
1160 461 1223 521 287

110 635 252 719 predictis
268 635 384 701 castris
407 633 580 700 Hulloulru
601 639 634 698 et
649 632 816 698 Ztrahura
840 635 1030 701 statuissent
1054 636 1225 720 magnifico

108 745 165 809 viro
190 743 313 810 Thomu
337 743 472 810 voivodo
512 741 702 808 antedicto.
719 764 880 825 ,quarum
911 744 1035 810 scilicet
1065 751 1226 812 metarum

109 873 207 916 curem
221 849 357 916 inferius
373 850 598 934 exprimuntur
614 873 621 916 :
652 849 758 933 prima
774 855 807 916 ot
822 851 1011 936 principalis
1036 859 1123 918 meta
1138 857 1225 920 terre

108 958 318 1044 Nogrymoleh
338 959 381 1024 ad
408 965 551 1024 castrum
581 958 753 1024 Hollouku
778 965 811 1025 et
840 959 1008 1028 Ztrahura
1033 963 1226 1045 pertinentis

107 1070 209 1154 incipit
224 1089 244 1132 a
259 1074 354 1151 parte
370 1068 648 1150 septemptrionali
673 1069 766 1132 iuxta
781 1069 866 1134 viam
891 1091 949 1152 per
974 1091 1072 1153 quam
1088 1073 1155 1137 itur
1180 1071 1223 1136 ad

109 1173 240 1240 Soechen
264 1195 328 1258 que
345 1181 474 1258 seperat
490 1197 510 1239 a
526 1176 622 1240 terris
637 1175 844 1241 hereditariis
861 1177 1003 1242 eiusdem
1019 1178 1143 1245 Thome
1159 1181 1225 1244 voi·

108 1283 178 1348 vode
193 1282 411 1368 Kyerymolch
428 1283 550 1350 vocatis
567 1283 623 1347 ubi
639 1288 716 1349 sunt
733 1283 795 1348 due
820 1291 904 1350 mete
933 1291 1045 1370 terroe,
1076 1295 1150 1370 post
1166 1288 1226 1354 hec

108 1392 185 1456 vadit
200 1391 241 1457 ad
257 1398 383 1475 partem
400 1391 633 1458 occidentalem
650 1391 693 1455 ad
718 1393 799 1456 duas
814 1399 917 1458 metas
943 1399 1065 1460 terreas
1082 1417 1221 1478 quarum

108 1503 193 1566 unius
207 1503 239 1566 in
255 1503 360 1567 medio
378 1508 425 1567 est
441 1501 538 1568 arbor
553 1502 615 1584 piri
631 1502 724 1566 iuxta
740 1501 850 1566 villam
866 1501 1078 1587 Nogrimoch,
1106 1504 1222 1570 deinde

107 1609 244 1694 gradiens
261 1609 382 1674 directe
399 1609 442 1674 ed
458 1609 593 1674 eandem
624 1609 755 1694 plagam
783 1611 1018 1676 occidentalem
1042 1634 1100 1695 per
1125 1636 1224 1679 unam

107 1720 182 1782 viam
195 1719 341 1801 pervenit
357 1718 399 1782 ad
415 1719 571 1802 angulum
587 1719 720 1802 virgulti
748 1719 804 1784 ubi
821 1725 897 1784 sunt
924 1727 990 1784 tres
1015 1727 1101 1786 mete
1118 1728 1223 1786 terree

108 1849 233 1909 querum
263 1849 329 1892 una
360 1833 491 1910 separat
522 1833 643 1891 terram
675 1826 874 1911 Nogrimooh
906 1829 971 1892 alia
1002 1851 1077 1894 vero
1103 1836 1226 1895 terram

108 1941 292 2024 Kpsrimooh
309 1947 341 2007 et
357 1942 459 2006 tercia
489 1946 613 2006 terram
645 1937 804 2022 Stephani
836 1939 916 2004 dicti
941 1939 1060 2022 Vrdug
1085 1961 1105 2004 a
1130 1945 1225 2023 parte

109 2051 299 2132 occidentali,
317 2049 433 2114 deinde
458 2048 622 2114 modicum
639 2047 775 2131 girando
806 2069 917 2114 versus
933 2053 1060 2132 partem
1076 2048 1225 2114 meridio-

107 2160 203 2224 nalem
219 2181 275 2242 per
290 2180 389 2224 unam
404 2159 490 2223 viam
507 2159 594 2222 venit
609 2157 651 2222 ad
667 2156 765 2222 finem
780 2156 918 2240 predicti
934 2158 1069 2241 virgulti
1085 2157 1127 2222 ad
1143 2158 1224 2222 duas

107 2273 200 2332 metas
238 2275 360 2333 terreas
400 2269 433 2331 in
473 2287 611 2350 quarum
651 2267 756 2332 medio
798 2272 846 2331 ost
886 2267 974 2351 ipsa
997 2268 1048 2332 via
1079 2266 1227 2352 predicta

108 2397 232 2459 querum
272 2376 395 2440 scilicet
435 2381 595 2440 metarum
635 2397 656 2439 a
686 2379 779 2457 parte
814 2376 1052 2458 septemtrionis
1083 2397 1149 2440 una
1179 2397 1226 2440 se·

108 2491 195 2567 parat
223 2491 343 2550 terram
378 2483 536 2568 Stephani
570 2484 648 2549 dicti
682 2483 799 2568 Vrdug
833 2486 1003 2550 memorati
1044 2485 1109 2549 alia
1151 2505 1225 2549 vero

108 2613 126 2656 a
162 2600 249 2676 parte
289 2591 493 2657 meridionali
533 2597 664 2676 separat
705 2597 825 2657 terram
859 2590 1078 2676 Nogrimooh‚
1110 2591 1226 2656 deiude

108 2701 205 2764 tendit
219 2721 328 2766 versus
344 2706 471 2784 partem
487 2700 722 2766 occidentalem
746 2701 839 2765 iuxta
863 2701 1037 2766 terminum
1062 2701 1113 2765 vel
1130 2698 1226 2764 finem

96 2805 236 2891 'predicti
253 2809 387 2893 virgulti
404 2813 437 2874 et
452 2809 612 2873 transiens
628 2807 785 2891 angulum
800 2808 902 2892 ipsius
928 2808 1062 2892 virgulti
1079 2809 1226 2894 pervenit

108 2915 246 2981 similiter
261 2915 302 2980 ad
320 2916 400 2981 duas
416 2920 518 2981 metas
535 2923 657 2980 terreas
682 2937 820 2998 quarum
838 2936 904 2980 una
929 2917 1079 2981 similiter
1095 2923 1226 3000 separat

108 3027 219 3088 terram
235 3021 393 3107 Stephani
409 3023 588 3106 supradicti
605 3029 638 3088 et
654 3024 719 3088 alia
734 3029 856 3088 terram
871 3021 1082 3108 Nogrimooh‚
1109 3024 1225 3090 deinde

108 3151 162 3213 per
176 3133 306 3196 laterem
337 3131 505 3196 cuiusdam
520 3133 639 3196 montis
663 3133 811 3216 pervenit
835 3131 895 3197 sub
920 3133 1041 3214 angulo
1058 3133 1226 3199 ouiusdanr

108 3241 192 3306 vinee
207 3240 247 3306 ad
262 3241 343 3306 dues
358 3245 462 3306 metae
473 3242 754 3306 terreassimiliter
765 3262 950 3307 communes
968 3263 1041 3306 oum
1058 3241 1226 3326 Stephano

108 3347 189 3414 dicto
216 3349 364 3432 Vrdugh,
389 3348 497 3414 adhuc
527 3349 570 3414 ad
601 3349 737 3414 eandem
767 3355 894 3434 partem
925 3349 1159 3415 occidentalem
1192 3352 1226 3416 in

109 3457 204 3521 latere
221 3457 362 3522 eiusdem
377 3459 496 3522 montis
506 3457 654 3539 pervenit
664 3457 813 3522 similiter
836 3456 970 3522 adduas
986 3463 1089 3523 metas
1105 3465 1228 3525 terreas

112 3563 336 3648 distingventes
354 3570 475 3629 terram
492 3563 652 3647 Stephani
668 3571 701 3631 et
716 3563 763 3629 ibi
788 3563 898 3629 deficit
928 3565 1037 3630 unitas
1053 3571 1140 3630 terre
1157 3565 1230 3632 Ste-

110 3671 201 3754 phani
227 3673 390 3756 sepedicti,
421 3673 501 3738 item
526 3672 646 3737 ibidem
677 3673 792 3755 incipit
808 3679 918 3738 tenere
934 3679 1037 3738 metas
1054 3696 1127 3738 oum
1144 3678 1233 3738 terra

111 3778 246 3864 Wospan
277 3804 297 3846 a
328 3787 424 3864 parte
455 3779 657 3858 meridionali
689 3785 722 3845 et
753 3780 792 3844 de
816 3781 875 3844 illa
900 3785 986 3844 meta
1011 3780 1233 3845 descenditde

110 3895 210 3954 monte
235 3889 277 3954 ad
303 3895 430 3972 partem
461 3887 704 3952 meridionalem
738 3888 835 3952 modo
867 3887 989 3952 directo
1022 3889 1064 3952 ad
1095 3889 1234 3954 rivulum
1308 3941 1310 3946 ,

111 3993 230 4080 Spheky
247 4003 407 4080 vocatum,
433 3995 549 4060 deinde
566 3995 656 4058 radit
667 4016 765 4078 supra
781 3996 944 4078 paulisper
955 4017 1012 4078 per
1028 3997 1134 4078 ipsum
1149 3997 1234 4060 rivu-

110 4105 173 4170 lum
188 4105 228 4170 ad
243 4111 373 4189 partem
390 4105 624 4171 occidentalem
650 4111 682 4168 et
700 4104 739 4168 de
755 4105 824 4187 ipso
841 4105 944 4169 rivulo
962 4105 1071 4169 exiens
1088 4105 1235 4170 ascendit

110 4213 148 4278 ad
162 4223 301 4280 montem
327 4213 454 4280 Kumal
480 4214 603 4279 dictum
629 4235 739 4278 versus
764 4213 930 4278 meridiem
956 4221 989 4278 et
1012 4214 1058 4279 ibi
1073 4213 1236 4279 vicinatur

112 4329 275 4388 oumterra
285 4321 395 4406 Sypelr
405 4343 477 4406 que,
494 4323 635 4406 inquam,
646 4328 734 4387 terra
745 4320 853 4406 Sypelr
870 4327 936 4386 stat
947 4328 1071 4404 aparte
1087 4322 1235 4386 occiden-

111 4431 165 4496 tali
180 4438 306 4516 aparte
322 4453 399 4498 vero
430 4432 635 4498 meridionali
666 4453 723 4496 seu
752 4431 902 4496 orientali
933 4437 983 4496 est
1013 4438 1102 4496 terra
1117 4429 1236 4514 Nogri-

109 4541 205 4623 moch,
232 4541 348 4607 deindo
366 4541 471 4607 eundo
488 4564 547 4626 per
571 4563 726 4625 magnum
743 4540 888 4623 spacium
913 4541 947 4604 in
972 4540 1092 4604 vertice
1117 4540 1236 4605 montis

108 4649 262 4716 iamdicti
278 4649 422 4716 flectitur
439 4657 472 4716 et
489 4649 656 4716 descendit
666 4671 776 4716 versus
792 4654 919 4732 partem
935 4647 1178 4714 meridionalem
1189 4649 1235 4714 in·
