3154 5474
626 878 701 941 429.

91 1038 190 1100 1330.
217 1037 383 1122 Viseprcid,
391 1038 458 1122 jot.
478 1039 528 1103 11.
561 1037 588 1102 I.
606 1040 734 1124 Ka'roiy
749 1040 862 1125 kirtly
878 1061 899 1104 o
917 1041 1098 1123 Kendzfloi
1122 1043 1156 1106 c's
1173 1051 1222 1106 ὄι-

89 1167 187 1230 eeyye
205 1145 289 1209 oleat
306 1143 457 1228 Elefa'oti
472 1147 603 1230 Ma'tycts
620 1146 772 1212 dirtoka'o
782 1147 942 1212 elleo'vctett
958 1147 1223 1214 hatolmaskodcis

236 1253 531 1338 mepoizspctldedra
548 1277 569 1317 o
582 1256 740 1340 pozeooyi
755 1254 927 1340 tepentem
942 1254 1081 1319 letholdi.

199 1411 348 1479 Karolus
372 1463 403 1479 ..
421 1434 478 1478 rex
494 1463 501 1479 .
519 1464 525 1479 .
542 1414 686 1498 capitulo
711 1414 845 1480 ecclesie
871 1413 1080 1480 Posoniensis
1097 1467 1104 1481 .
1124 1466 1131 1481 .
1148 1413 1223 1482 Ma·

91 1520 181 1586 thies
201 1521 243 1586 de
274 1521 440 1605 Elephant
471 1521 553 1586 dicit
575 1523 669 1588 nobis
701 1523 788 1606 quod
804 1521 863 1588 filii
878 1521 993 1588 Kenez
1011 1523 1175 1608 quendem
1192 1529 1225 1590 et

89 1628 225 1694 domina
240 1629 355 1695 relicta
371 1628 512 1694 eiusdem
528 1629 562 1694 in
578 1629 660 1696 festo
677 1631 764 1696 beati
789 1629 814 1694 J
816 1631 954 1696 ohannis
979 1631 1131 1715 Baptiste
1147 1653 1221 1716 pro-

91 1739 181 1802 xime
198 1739 355 1821 preterito
371 1739 405 1802 in
421 1737 553 1822 proprio
570 1743 664 1821 prato
681 1760 740 1804 suo
765 1739 937 1804 duodecim
961 1738 1059 1804 boves
1091 1743 1124 1804 et
1140 1738 1222 1804 duos

98 1869 200 1932 equos
218 1869 294 1912 suos
310 1846 442 1930 propria
467 1847 661 1912 auctoritate
687 1853 719 1912 et
744 1849 895 1932 potencia
925 1847 1046 1914 suferri
1071 1869 1129 1932 per
1154 1868 1230 1912 suos

94 1954 244 2021 famulos
261 1955 411 2021 fecissent
421 1953 573 2038 indebite,
590 1955 667 2021 item
684 1955 772 2040 qnod
788 1956 900 2022 eedem
910 1956 1042 2022 domina
1058 1962 1092 2022 et
1107 1953 1168 2020 filii
1184 1955 1234 2020 sui

97 2064 244 2147 predicti
259 2063 340 2128 seria
356 2063 461 2128 tercia
484 2063 634 2146 proxime
648 2068 724 2147 post
738 2063 857 2130 festum
872 2064 964 2130 besti
978 2062 1004 2129 J
1005 2064 1144 2129 ohannis
1158 2084 1231 2149 pre·

91 2171 222 2236 dictum
237 2171 352 2254 viginti
368 2170 449 2236 duos
466 2191 566 2253 equos
582 2192 656 2236 suos
672 2173 705 2236 in
724 2171 828 2255 proto
845 2172 887 2237 ad
913 2177 1056 2238 castrum
1082 2172 1122 2237 de
1143 2169 1234 2237 Sem·

94 2285 175 2365 ptey
187 2279 372 2363 pertinente
382 2300 401 2343 a
410 2280 566 2362 magistro
575 2277 760 2346 Laureneio
773 2281 950 2346 castellano
967 2280 1006 2346 de
1017 2279 1131 2346 eadem
1141 2277 1231 2346 Sem-

90 2394 172 2473 ptey
189 2388 299 2471 precio
316 2387 378 2452 hoc
393 2409 477 2453 anno
495 2393 698 2470 comparatos
715 2409 773 2472 per
789 2409 862 2453 enm
873 2388 1084 2453 cumhomine
1101 2388 1230 2454 comitis

93 2495 309 2561 Posoniensis
334 2493 486 2560 fecissent
502 2493 622 2560 suferri
639 2495 706 2560 sine
732 2515 838 2579 causa,
870 2517 965 2580 super
994 2517 1057 2578 quo
1073 2494 1226 2560 fidelitati

90 2610 203 2669 vestre
219 2602 426 2688 precipiendo
442 2603 633 2669 mandamus
649 2625 707 2688 per
722 2609 889 2688 presentes
906 2603 1066 2687 quatenus
1082 2609 1225 2669 vestrum

92 2713 242 2777 mittatis
257 2711 420 2777 hominem
435 2733 494 2796 pro
511 2713 696 2778 testimonio
712 2710 911 2796 fidedignum
927 2731 1035 2776 coram
1067 2733 1131 2795 quo
1163 2711 1226 2776 Mi-

93 2821 192 2885 chael
210 2819 251 2884 de
268 2818 386 2884 Zowor
401 2820 452 2884 vel
467 2819 670 2885 Laurencius
681 2820 722 2886 de
738 2819 851 2885 eadem
868 2820 973 2886 altero
990 2819 1123 2884 absente
1133 2817 1229 2884 homo

96 2934 214 2994 noster
231 2927 314 2993 sciet
332 2932 365 2992 et
380 2927 525 3011 inquiret
541 2927 582 2993 de
598 2929 764 3011 premissis
780 2925 999 2994 omnimodam
1015 2927 1188 2992 veritatem
1199 2931 1231 2990 et

95 3041 174 3122 post
189 3035 253 3100 hec
269 3039 367 3118 prout
382 3034 501 3100 veritas
518 3035 608 3100 vobis
625 3033 807 3102 constiterit
822 3035 862 3102 de
878 3034 930 3100 his
948 3034 1040 3101 nobis
1065 3035 1099 3098 in
1116 3036 1234 3100 vestris

88 3143 217 3208 litteris
232 3140 425 3206 rescribetis.
442 3140 567 3208 Datum
583 3143 617 3206 in
633 3141 843 3227 Wyssegrad,
854 3142 936 3208 feria
946 3148 1065 3226 quarte
1079 3143 1230 3226 proxima

88 3257 169 3336 post
188 3249 370 3334 quindenas
394 3248 468 3314 festi
492 3249 580 3315 beati
605 3249 767 3316 Johennis
792 3251 968 3334 antedicti,
994 3272 1079 3317 anno
1106 3249 1230 3314 domini
1334 3319 1336 3326 ,

92 3360 151 3424 M⁰
168 3355 276 3426 000ο
292 3356 432 3425 XXX0.

217 3521 242 3570 A
257 3523 388 3586 pozsonyi
412 3520 603 3585 kdptalsnnsk
630 3527 706 3574 1330.
733 3537 795 3586 eug.
822 3523 922 3572 ns-ktn
947 3523 1014 3586 kelt‚
1034 3537 1047 3570 s
1069 3521 1090 3572 I.
1116 3515 1239 3583 Kdroly·

92 3612 151 3662 hoz
173 3609 297 3660 inttzett
306 3609 496 3675 jelentestbdl‚
509 3612 583 3676 moly
597 3611 701 3661 rzerint
721 3627 738 3662 a
750 3611 883 3676 ktptalan
904 3611 1015 3675 tudstjs
1037 3625 1055 3660 o
1076 3610 1234 3673 liii-tlylycl¹

92 3703 186 3767 hogy:
204 3716 286 3752 scum
299 3701 454 3754 Laurenoio
467 3703 579 3754 homine
590 3707 681 3753 vestro
695 3702 821 3754 misimus
831 3703 987 3754 Johannem
997 3707 1133 3754 rectorem
1146 3703 1231 3750 eccle·

95 3793 136 3842 sie
151 3793 189 3842 ds
204 3791 305 3853 Sunt«,
318 3792 366 3842 kik
379 3809 396 3842 a
405 3793 552 3857 teljesitett
575 3793 710 3859 vizsgdlat
732 3793 801 3842 utdn
814 3807 830 3842 a
843 3796 958 3858 pansszt
970 3791 1093 3842 vslbnek
1105 3790 1183 3840 lenni
1197 3795 1237 3840 te-

97 3882 280 3949 pasztalttk3
293 3899 310 3933 a
322 3885 453 3950 heptalen
464 3885 598 3950 jelenttse
619 3899 737 3950 megvan
759 3885 917 3936 credetiben
931 3899 963 3934 ez
984 3899 1051 3934 orez.
1065 3884 1120 3934 ltstr
1133 3884 1233 3950 kinost.
1269 3952 1270 3956 Ἰ

91 3978 166 4026 oszt.
183 3974 221 4022 N.
230 3973 269 4050 ¹lt.
282 3973 315 4022 A.
332 3979 409 4026 1671.
424 3980 466 4026 37.
477 3977 544 4041 dipl.
557 3975 632 4025 lter:
646 3979 724 4028 2621.
740 3975 838 4027 Kozli:
851 3975 955 4026 Vincze
969 3975 1070 4027 Gdbor.
