3154 5474
535 468 630 529 1331.
647 484 741 528 rann.
763 469 813 529 28.
838 461 846 474 '

633 861 707 924 447.

107 1029 200 1090 1331.
228 1023 347 1108 Turde,
362 1025 521 1113 6161628.
544 1024 805 1109 Τ666166111161
824 1025 1010 1111 6661661111
1038 1025 1231 1092 1166κί666661

104 1135 210 1198 ,11666
235 1133 356 1198 Turnus
383 1134 566 1198 decaterczci
588 1125 1233 1220 6661611166161666666111161611661111·-

404 1241 538 1308 ta'ueudd'
554 1239 723 1305 116161161όί
740 1239 933 1306 1116166616.

210 1401 283 1468 Nos
308 1401 453 1467 Thomas
471 1399 617 1487 royuoda
642 1398 872 1466 transsilranus
889 1405 921 1466 et
938 1421 1043 1468 comes
1058 1400 1099 1466 16
1115 1403 1231 1469 Ζ6661(

106 1510 220 1575 damus
246 1531 305 1593 pro
320 1509 487 1590 memoria,
513 1507 601 1592 quod
625 1507 793 1574 Johannes
818 1507 904 1574 filius
920 1506 946 1574 J
948 1508 1082 1576 ohannis
1099 1509 1137 1574 (16
1154 1508 1235 1595 Byz-

103 1617 200 1684 tricia
216 1617 250 1682 in
267 1617 518 1702 congregacione
536 1619 647 1682 nostra
672 1616 814 1700 generali
840 1617 973 1684 sabbato
998 1618 1145 1702 proximo
1162 1623 1236 1703 post

103 1727 221 1792 festum
236 1726 323 1796 beati
338 1724 465 1792 Mathis
491 1724 630 1810 apostoli
646 1725 680 1790 iu
696 1724 829 1790 Thorda
854 1725 1016 1792 celebrata
1041 1748 1175 1810 surgens
1192 1726 1232 1792 de

101 1835 208 1901 medio
235 1834 393 1902 nobilium
419 1834 563 1902 exhibuit
595 1833 688 1899 nobis
723 1834 848 1900 litteras
874 1834 996 1901 domini
1022 1836 1124 1902 nostri
1148 1836 1234 1920 regis

102 1947 252 2028 patentes
269 1948 301 2008 et
316 1943 484 2029 privilegia
500 1941 617 2027 quibus
633 1941 848 2009 mediantibus
859 1943 1016 2026 possessio
1032 1943 1235 2030 Epeudorph

101 2059 217 2119 vocat-a
234 2074 292 2138 per
313 2051 450 2118 eundem
461 2051 627 2118 dominum
637 2071 745 2134 regem
761 2049 878 2117 collata
895 2052 1004 2117 extitit
1019 2052 1235 2119 irrevocabili-

103 2169 153 2228 ter
170 2165 204 2228 et
220 2164 411 2247 perpetuata
427 2181 571 2228 asserens
588 2165 620 2225 et
636 2159 804 2226 declarans
820 2160 953 2226 eandem
972 2181 1030 2244 per
1045 2161 1236 2246 magistrum

102 2270 263 2338 Thomam
290 2271 439 2336 comitem
464 2269 503 2335 de
529 2269 694 2355 Byztricia
719 2289 777 2353 per
792 2270 917 2354 regium
933 2273 1120 2354 preceptum
1136 2293 1237 2355 6666-

100 2381 140 2445 lis
151 2379 194 2445 16
206 2379 317 2444 eadem
332 2379 497 2464 Byztricia
513 2378 709 2444 reambulari
719 2378 801 2444 velle
817 2383 915 2462 atque
925 2383 1075 2462 statuere,
1092 2399 1151 2463 pro
1171 2401 1236 2463 quo

100 2487 233 2572 quidem
259 2486 411 2554 Johanne
437 2486 577 2552 universi
601 2485 724 2551 nobiles
749 2486 782 2551 in
808 2486 1060 2569 congregacione
1089 2485 1236 2570 predicta

99 2599 273 2664 existentes
298 2595 493 2661 unanimiter
510 2598 714 2676 assurgentes
733 2595 838 2679 ipsum
864 2595 1053 2678 magistrum
1073 2593 1231 2660 Thomam

98 2703 341 2790 prohibuerunt
356 2724 421 2768 non
439 2723 457 2769 6
472 2702 729 2769 reambulacione
754 2703 810 2768 sed
835 2703 1014 2770 statucione
1039 2703 1118 2787 ipsis
1133 2724 1233 2788 popu-

98 2816 137 2879 lis
153 2812 195 2878 de
218 2811 386 2897 Byztricia
411 2810 563 2894 16616616,
589 2809 785 2876 addicientes
812 2811 899 2896 quod
924 2811 949 2877 si
974 2810 1060 2876 idem
1085 2810 1237 2894 magister

99 2923 246 2988 Thomas
263 2920 395 2986 eandem
420 2919 620 2986 reambulare
635 2921 775 2986 volucrit
791 2925 823 2986 61
845 2920 930 2986 1166
947 2920 972 2986 J
974 2920 1115 2986 ohannes
1131 2920 1236 3004 ipsum

102 3029 286 3096 inhibuerit
317 3049 335 3094 a
361 3029 550 3111 statuemus,
575 3050 640 3095 non
672 3029 714 3095 ad
732 3029 930 3114 presenciam
955 3029 1078 3110 regiam
1109 3027 1164 3093 sed
1194 3028 1236 3093 ad

104 3143 266 3224 nostram,
298 3160 369 3204 cum
400 3139 470 3223 ipsa
500 3139 656 3224 possessio
675 3138 878 3224 Ependorph
908 3139 995 3204 inter
1019 3139 1236 3224 possessiones

97 3250 248 3334 ipsorum
265 3247 334 3312 fore
350 3246 546 3330 dinoscatur,
569 3248 710 3331 legitime
736 3250 902 3332 oporteret
928 3248 1052 3314 evocari
1078 3270 1115 3313 eo
1142 3246 1238 3324 16616,

98 3378 163 3440 qua
197 3354 330 3438 quidem
361 3355 541 3439 prohibicio
581 3359 730 3440 presente
770 3355 881 3421 eodem
921 3356 1076 3437 magistro
1109 3354 1236 3420 Thomu

97 3465 212 3529 extitit
227 3463 426 3547 interposite.
442 3462 566 3528 Datum
592 3463 643 3529 die
671 3469 702 3529 et
720 3464 792 3531 1666
808 3466 995 3550 prenotatis,
1012 3485 1095 3531 6666
1112 3463 1232 3530 domini

101 3571 156 3636 Μο
172 3567 281 3638 000⁰
296 3567 427 3636 XXX⁰
443 3572 558 3656 primo.

211 3733 366 3800 Hr'rtlapjtn
389 3733 482 3800 666661
494 3735 697 3801 thredeheive13
723 3737 854 3802 credetije
867 3739 1047 3800 Bethleuben‚
1060 3753 1077 3786 a
1089 3751 1129 3801 gr.
1142 3737 1234 3786 Beth.

97 3829 142 3878 len
156 3840 194 3876 cs.
209 3823 348 3876 ltartban.
374 3823 447 3876 Vesd
460 3826 553 3877 dssze:
572 3825 653 3890 Fejtr·
665 3825 702 3877 id.
716 3842 753 3877 m.
766 3827 841 3879 VIII.
857 3831 880 3878 3.
899 3831 959 3878 570.
982 3828 1000 3876 l.
1023 3825 1120 3878 szli:
1142 3825 1230 3877 Szabd

96 3917 216 3981 Kriroly.
