3132 5470
498 443 502 450 ’
577 407 803 518 13611111.
1183 457 1246 518 291

122 633 228 698 tendit
242 655 352 700 versus
368 633 526 700 orientem
542 631 584 699 ad
601 633 682 698 duas
698 633 831 698 arbores
856 635 1000 718 pirorum
1016 654 1076 719 pro
1092 634 1188 700 metis
1203 655 1251 698 as·
1374 719 1376 728 X

120 742 267 826 signatas
291 747 325 806 et
359 736 475 808 dehinc
498 742 589 807 vadit
613 741 655 806 ad
695 741 843 807 arborem
877 743 1042 808 keroinam
1083 763 1178 810 cruce
1210 743 1252 808 si·

121 855 262 934 gnatam,
287 850 406 915 abhinc
431 850 582 933 gradiens
607 849 732 916 directo
756 850 851 916 modo
878 852 920 916 ad
953 851 1090 916 eandem
1121 855 1250 938 partem

120 958 241 1024 iterato
265 960 354 1024 venit
394 959 437 1025 ad
476 979 572 1026 unam
614 958 763 1024 arborem
802 960 967 1025 kercinam
1001 960 1062 1026 sub
1102 981 1167 1044 qua
1204 965 1253 1026 est

121 1071 205 1132 meta
223 1069 332 1132 terrea
347 1067 483 1150 antiqua
498 1067 533 1132 in
548 1067 668 1132 vortice
685 1073 718 1132 et
733 1067 899 1134 descendit
924 1067 965 1133 de
989 1069 1110 1134 vertice
1135 1068 1178 1134 ad
1193 1066 1252 1134 flu·

120 1177 205 1241 vium
223 1175 375 1241 Porocha
400 1197 463 1259 que
480 1176 705 1241 metescilicet
721 1181 910 1260 separante
926 1182 1020 1259 parte
1045 1176 1249 1260 septemtrio·

120 1285 187 1350 nali
213 1307 234 1349 a
258 1289 348 1349 terra
372 1283 513 1349 filiorum
530 1282 725 1367 Sebastiam,
751 1285 808 1350 ubi
834 1283 922 1350 cadit
938 1284 980 1350 ad
997 1285 1103 1368 ipsum
1118 1283 1252 1349 fluvium

119 1393 273 1458 Porooba
289 1399 323 1458 et
338 1414 396 1476 per
410 1393 517 1477 ipsum
533 1391 667 1458 fluvium
684 1393 792 1457 tendit
806 1413 904 1476 supra
920 1392 961 1458 ad
978 1392 1115 1458 eandem
1125 1399 1252 1478 partem

119 1523 178 1586 per
193 1523 348 1585 maguum
358 1502 503 1586 spacium
512 1523 616 1586 usque
631 1501 786 1586 Lykosku
801 1523 860 1586 pro
876 1507 965 1568 meta
980 1503 1154 1587 assignata,
1176 1501 1252 1568 inde

118 1611 219 1674 vertit
235 1630 270 1674 se
287 1608 328 1674 ad
352 1609 565 1675 monticulum
581 1608 727 1674 exeundo
744 1609 784 1674 de
800 1610 870 1694 ipso
889 1608 988 1676 fluvio
1006 1609 1159 1694 vaditque
1176 1605 1253 1674 'ver-

118 1739 173 1782 sus
198 1717 331 1802 plagam
356 1718 547 1783 orientalem
574 1739 632 1802 per
665 1739 819 1802 magnum
844 1719 989 1802 spacium
1009 1739 1068 1802 per
1087 1717 1253 1785 metodum

118 1826 307 1910 transitque
332 1825 377 1891 ibi
393 1825 479 1891 viam
494 1847 553 1910 per
569 1847 666 1910 quam
690 1827 759 1890 itur
783 1825 826 1892 ad
850 1825 1032 1893 Luchunoh
1058 1833 1091 1892 et
1107 1827 1195 1892 veuit
1211 1825 1254 1892 ad

117 1955 219 1999 unam
237 1931 385 1998 arborem
401 1933 566 1998 kercinam
582 1953 678 1999 cruce
694 1934 858 2018 signatam
873 1935 933 2000 sub
949 1933 1032 2019 pede
1048 1939 1137 2002 terre
1147 1934 1254 2000 arabi·

119 2042 169 2126 lis,
187 2041 308 2107 deinde
323 2063 434 2107 versus
450 2042 584 2108 eandem
600 2046 726 2127 partem
743 2043 935 2108 orientalem
950 2043 1060 2128 ibique
1085 2041 1252 2108 descendit

117 2151 161 2216 ad
177 2150 323 2215 rivulum
338 2149 510 2235 Lyborche
527 2171 591 2234 que
608 2155 738 2235 separat
753 2173 774 2216 a
784 2150 880 2216 terris
890 2151 1094 2216 hereditariis
1112 2151 1253 2216 eiusdem

118 2259 250 2326 Thome
264 2258 398 2329 voivode
423 2258 597 2344 Lyburcbe
612 2264 798 2343 nuncupate
823 2281 843 2325 a
867 2265 962 2344 parte
988 2259 1254 2343 septemtrionali,

116 2367 200 2432 item
227 2365 297 2431 exit
312 2367 352 2432 de
375 2367 446 2451 ipso
462 2367 560 2434 fluvio
575 2389 685 2434 versus
702 2368 837 2434 eandem
861 2375 987 2454 partem
1013 2368 1203 2434 orientalem
1222 2375 1255 2434 et

115 2475 273 2541 ascendit
297 2475 339 2540 ed
354 2481 497 2542 montem
512 2477 569 2542 ubi
594 2478 741 2561 pervenit
765 2475 1031 2542 adeesberch
1055 2477 1166 2559 ibique
1180 2475 1255 2542 vici·

115 2590 221 2650 natur
247 2605 321 2649 cum
347 2586 544 2667 possessione
570 2583 731 2671 Stephani
760 2585 820 2651 lilii
852 2586 1000 2672 Dyonisii
1031 2590 1120 2651 retro
1151 2587 1255 2669 ipsam

113 2691 324 2757 Kwesberch
350 2697 383 2757 61
409 2715 481 2758 cum
507 2693 617 2759 eadem
644 2699 732 2760 terra
757 2694 931 2779 Lyburche
958 2715 1020 2778 que
1046 2701 1095 2759 est
1111 2693 1252 2759 eiusdem

113 2799 248 2866 Γ11161116
263 2799 395 2864 1611ο16
410 2799 607 2866 hereditaria
622 2807 659 2868 ut
673 2802 879 2887 prehabitum
896 2808 952 2885 661,Ι
963 2807 996 2867 61
1011 2801 1130 2868 abhinc
1144 2821 1254 2868 uersus

111 2915 250 2992 partem
266 2907 510 2975 meridionalem
534 2931 593 2993 per
617 2911 723 2994 ipsum
747 2910 846 2976 berch
871 2910 1039 2976 descendit
1063 2911 1105 2976 ad
1131 2916 1252 2975 terram

110 3017 260 3102 Dalyow
276 3023 398 3100 aparte
408 3019 557 3084 orientali
568 3025 811 3085 remanetterra
826 3020 963 3104 Dalyow
973 3019 1253 3104 predictaaparte

109 3147 192 3190 vero
213 3125 420 3191 meridionali
438 3133 470 3191 et
487 3127 681 3192 occidentali
699 3133 788 3192 terra
804 3126 962 3212 Ztrygm,
983 3127 1099 3192 deinde
1115 3127 1203 3192 venit
1213 3125 1254 3191 ad

109 3241 252 3318 partem
270 3233 514 3300 meridionalem
531 3235 573 3300 ad
599 3257 698 3300 uuam
724 3235 872 3301 arborem
897 3235 1063 3300 kerciuam
1089 3241 1121 3300 61
1138 3234 1254 3299 deiude

108 3345 154 3408 ad
182 3363 292 3408 unum
318 3343 459 3408 rivulum
483 3344 695 3427 pervenitque
719 3363 776 3426 per
801 3343 907 3426 ipsum
932 3343 1071 3409 rivulum
1096 3341 1256 3428 usquead

108 3459 224 3518 metas
242 3455 329 3515 terre
345 3451 421 3516 ville
435 3450 564 3518 Rarous
581 3457 614 3516 et
629 3451 749 3516 abhinc
764 3452 804 3516 de
819 3453 914 3516 metis
941 3457 1026 3517 terre
1042 3450 1172 3517 Rarous
1189 3451 1256 3515 exit

107 3559 151 3624 de
167 3561 250 3644 ipso
266 3559 370 3624 rivulo
386 3559 428 3624 61
444 3564 570 3642 partem
580 3559 770 3624 orientalem
780 3565 813 3624 et
828 3559 975 3625 ascendit
990 3559 1036 3625 ibi
1053 3559 1096 3624 ad
1111 3564 1255 3624 montem

106 3667 387 3752 transeundoque
412 3673 555 3733 montem
591 3667 757 3733 descendit
782 3668 824 3732 61
855 3668 980 3751 vallem,
996 3667 1114 3732 abhinc
1138 3667 1255 3732 iterato

104 3777 270 3846 ascendit
295 3775 338 3841 ad
362 3776 462 3841 alium
486 3782 630 3841 montem
655 3783 687 3842 et
716 3776 832 3841 deinde
858 3797 916 3860 per
940 3777 1094 3841 uerticem
1113 3773 1256 3839 eiusdem

103 3887 242 3953 montis
268 3883 435 3950 descendit
460 3889 494 3948 et
527 3885 630 3949 intrat
656 3884 697 3949 ad
724 3884 859 3950 fluvium
884 3885 960 3968 Ipul
985 3885 1095 3968 ibique
1121 3905 1141 3948 a
1164 3889 1257 3968 parte

102 3993 274 4062 orientali
300 3991 434 4057 babebit
458 3997 562 4058 metas
587 4014 661 4057 cum
688 3997 777 4057 terra
803 3990 993 4057 Theurinch
1018 3997 1051 4056 et
1078 4013 1137 4075 per
1151 3992 1257 4074 ipsum

102 4104 254 4169 fluvium
286 4099 364 4184 Ipul
379 4099 523 4165 flectitur
539 4107 572 4165 61
588 4100 731 4166 declinat
751 4121 786 4166 se
811 4121 913 4184 usque
939 4106 1044 4166 terras
1061 4121 1118 4164 seu
1134 4120 1258 4185 posses-

101 4216 224 4279 siones
252 4207 403 4294 Symonis
436 4207 495 4273 filii
519 4210 621 4292 Petri,
652 4208 770 4274 deinde
805 4209 844 4274 de
877 4207 974 4274 111116
1001 4207 1078 4292 Ipul
1110 4207 1257 4274 exeundo

101 4324 200 4389 circa
219 4317 357 4383 fluvium
373 4317 531 4384 Zlatnatu
547 4317 590 4382 ad
605 4324 732 4402 partem
763 4316 1000 4383 occidentalem
1017 4316 1073 4381 ubi
1089 4317 1257 4400 contigua-

101 4437 161 4496 tur
180 4448 265 4494 oum
283 4432 372 4492 terra
388 4424 537 4510 Symouis
569 4425 627 4492 filii
653 4426 748 4491 Petri
774 4423 939 4508 antedicti,
965 4425 1085 4490 abhinc
1110 4423 1257 4490 ascendit

97 4540 145 4605 ad
164 4539 318 4603 laterem
333 4529 416 4620 (igy)
433 4536 551 4599 montis
562 4533 689 4600 Rarous
706 4531 748 4598 ad
764 4538 891 4616 partem
908 4532 1205 4615 septemtrionalem
1221 4537 1255 4596 et

99 4651 200 4714 circa
217 4646 362 4711 laterem
378 4642 515 4727 predicti
531 4644 650 4709 montis
665 4664 724 4727 per
739 4648 860 4707 terram
886 4640 1045 4706 directam
1061 4639 1167 4706 tendit
1183 4660 1254 4708 161·
