3112 5466
522 470 616 530 1326.
637 484 711 532 Ans.
730 469 779 530 10.
1152 471 1215 533 249

99 650 315 715 wiennensium
324 649 417 730 plene
432 651 568 732 receptis
583 647 625 714 ab
641 649 752 715 eodem
762 671 781 714 a
791 647 872 716 sesto
883 647 1075 716 Natiuitatis
1084 649 1218 715 Domini

98 759 231 844 proxime
247 763 380 823 venturo
397 778 501 841 usque
516 756 558 822 ad
575 765 725 841 quartam
736 759 970 823 revolucionem
987 759 1128 823 eiusdem
1144 757 1218 824 sesti

98 867 215 950 pignori
232 866 429 948 obligassent
445 915 451 930 .
470 915 476 930 .
492 866 551 930 tali
568 865 755 931 condicione
771 868 933 950 ligaminis
949 869 1118 933 interiecta
1129 867 1218 951 quod

97 977 120 1039 si
135 976 199 1058 ipso
216 975 352 1038 termino
377 972 565 1038 adveniente
589 973 685 1039 iidem
710 973 855 1041 Jaccbus
881 982 913 1040 et
937 974 963 1040 J
965 976 1107 1040 ohannes
1131 975 1218 1040 filius

97 1105 164 1148 suus
178 1085 265 1166 ipsas
281 1089 383 1147 terras
398 1104 458 1165 pro
474 1083 537 1147 iam
564 1082 658 1148 dictis
682 1082 792 1148 decem
816 1085 934 1149 marcis
958 1085 1114 1149 redimere
1129 1090 1218 1168 pote·

97 1197 173 1272 runt,
189 1191 325 1255 liberam
340 1190 506 1255 habebunt
520 1190 697 1255 redimendi
713 1191 910 1274 facultatem,
927 1193 1043 1258 sivero
1060 1192 1217 1258 redimere

98 1321 155 1364 non
169 1306 299 1382 possent
315 1304 432 1363 extunc
448 1320 520 1363 cum
537 1297 628 1382 dupli
643 1320 726 1382 pena
742 1299 901 1366 rediment
911 1299 1042 1384 quando
1057 1299 1171 1365 volunt
1187 1349 1194 1364 .
1211 1351 1218 1365 .

96 1415 235 1490 preterea
251 1409 277 1472 si
294 1407 390 1471 iidem
407 1427 512 1471 comes
528 1406 553 1472 J
554 1407 673 1472 acobus
689 1413 721 1472 et
745 1404 771 1471 J
772 1408 913 1474 ohannes
937 1407 1025 1474 filius
1050 1429 1127 1473 suus
1153 1431 1219 1474 eas-

96 1515 162 1579 dem
175 1522 279 1580 terras
296 1515 430 1580 nimium
447 1516 573 1595 gravati
588 1514 724 1580 vendere
739 1515 943 1582 intenderent
958 1517 1077 1581 nemini
1087 1517 1183 1581 alteri
1193 1567 1219 1581 ..

96 1624 151 1688 nisi
166 1623 269 1688 eidem
285 1624 440 1706 magistro
456 1619 482 1686 J
484 1621 603 1687 charmi
629 1622 765 1688 vendere
790 1630 921 1707 possent
944 1625 1030 1690 iusto
1054 1625 1162 1709 precio
1187 1630 1220 1689 et

96 1731 204 1814 valore,
220 1753 279 1795 nec
295 1730 357 1795 hoc
372 1731 576 1814 pretermisso
594 1731 680 1813 quod
697 1753 776 1815 opus
793 1731 879 1816 quod
901 1753 997 1816 super
1022 1732 1141 1798 eisdem
1156 1738 1220 1797 ter-

95 1840 135 1904 ris
149 1861 249 1924 usque
265 1839 308 1904 ad
323 1840 495 1904 terminum
514 1839 737 1923 supradictum
761 1839 845 1904 idem
871 1842 1026 1924 magister
1050 1840 1076 1906 J
1078 1841 1219 1906 ohannes

94 1945 253 2011 edificaret
277 1947 327 2012 vel
352 1946 473 2011 faceret
496 1947 587 2013 iuxta
612 1947 851 2014 estimacionem
875 1949 1049 2032 proborum
1076 1949 1219 2014 virorum

94 2055 233 2138 precium
248 2055 391 2121 eiusdem
405 2055 503 2120 iidem
518 2075 624 2122 comes
647 2053 672 2120 J
674 2056 792 2122 acobus
808 2061 840 2122 et
856 2054 882 2122 J
883 2056 1024 2123 ohannes
1040 2056 1126 2123 filius
1142 2079 1219 2122 suus

95 2163 210 2228 solvere
226 2170 469 2247 assumpserunt
483 2163 638 2246 magistro
655 2162 681 2230 J
682 2164 802 2230 chunni
817 2165 979 2232 antedicto
996 2172 1094 2250 prout
1109 2172 1218 2250 partes

94 2293 123 2335 se
137 2271 178 2336 ad
193 2271 258 2338 hoc
274 2279 388 2355 sponte
403 2271 598 2354 obligarunt.
623 2271 747 2338 Datum
772 2274 805 2338 in
831 2275 953 2338 octavis
968 2272 1041 2340 festi
1056 2274 1144 2340 beati
1161 2273 1186 2340 J
1187 2296 1219 2338 a·

94 2379 162 2445 cobi
177 2379 326 2465 apostoli,
342 2401 426 2445 anno
443 2379 565 2445 domini
580 2380 635 2445 Μ0
648 2378 753 2466 000ο
765 2380 857 2446 XX⁰
873 2387 972 2447 sexto.

195 2543 364 2608 Ugyancsak
379 2543 512 2609 anyitrai
525 2543 716 2608 kaptalannak
741 2547 875 2595 1335·ben
888 2560 950 2610 aug.
968 2544 1046 2596 10-611
1072 2544 1219 2610 »roagister

93 2633 232 2684 dohannes
244 2634 346 2684 nobilis
359 2634 392 2682 de
405 2634 493 2698 Zeeg‹
508 2633 658 2685 kerelmere
671 2635 783 2686 kiadott
805 2637 963 2698 sitiratabdl,
985 2635 1113 2700 melynek
1127 2635 1218 2684 erede·

92 2723 137 2786 tije
149 2723 196 2774 ket
210 2724 387 2788 peldtnyban
409 2737 527 2788 megvan
548 2739 580 2774 az
602 2740 671 2776 orsa.
695 2726 750 2776 ltar
772 2725 870 2776 kincst.
891 2729 958 2776 oszt.
977 2727 1011 2775 N.
1024 2725 1057 2776 R.
1071 2725 1104 2776 A.
1120 2729 1179 2775 639.
1194 2729 1217 2774 4.

92 2813 154 2878 dipl
168 2815 241 2865 ltar:
256 2819 335 2866 2515.
356 2813 455 2864 Kozli:
475 2813 554 2879 Nogy
571 2814 671 2878 Gyula.

575 3015 730 3024 -ι--ι-ι

621 3234 694 3296 230.

91 3399 186 3460 1326.
204 3419 277 3482 orep.
296 3397 347 3458 10.
365 3393 394 3458 Α
420 3397 575 3480 pczscnyi
600 3395 759 3479 icciptctlerc
783 3398 917 3460 titiensiu
945 3397 1044 3460 Oreos
1064 3395 1220 3459 Pet-eraclo

89 3530 125 3568 oz
138 3503 238 3590 Apisa
248 3503 418 3566 birtokrira
429 3503 604 3566 corratkozo'
612 3501 739 3588 lciruilye'
749 3505 955 3588 orophoppu'st
966 3499 1137 3588 (dfiiotcdd
1146 3503 1220 3566 227.

87 3638 127 3678 sz.
143 3609 190 3698 a.)
208 3637 228 3678 α
244 3611 451 3678 beiktotdsro'l
468 3613 500 3676 e's
524 3613 768 3696 tccrarjcrcoo't
775 3613 942 3698 jelente‘ee't
958 3615 1014 3698 ipp
1032 3611 1217 3698 folptotjo:

193 3771 266 3838 Nos
292 3795 367 3838 vero
393 3822 400 3836 .
426 3821 433 3837 .
459 3793 532 3837 oum
556 3768 656 3837 Petro
683 3771 723 3837 de
749 3771 940 3838 Tukulchen
966 3823 973 3838 .
999 3771 1219 3852 ,magistrum

85 3881 273 3948 Emericum
289 3882 411 3947 socium
427 3887 459 3945 et
475 3881 727 3946 concanonicum
746 3887 893 3946 nostrum
909 3931 916 3946 .
934 3931 940 3946 .
958 3880 1107 3945 duximus
1124 3877 1219 3942 desti-

85 3991 228 4057 nandum
254 3991 310 4073 qui
325 4040 333 4054 .
349 4039 356 4054 .
373 3989 562 4072 retulerunt,
582 3989 669 4073 quod
685 3991 747 4072 ipsi
763 3989 911 4055 omnibus
936 3987 1162 4054 commetaneis
1187 3991 1220 4050 et

83 4100 195 4164 vicinis
213 4098 301 4163 dicte
316 4098 525 4182 possessionis
541 4095 640 4181 Apka
656 4100 840 4164 convocatis
856 4098 1074 4182 persingulas
1094 4102 1219 4160 veteres

83 4215 185 4272 metas
212 4207 270 4272 ubi
294 4227 421 4270 neccsse
445 4205 508 4270 suit
531 4228 630 4272 novas
656 4207 806 4291 erigendo
830 4206 1084 4272 reambulassent
1107 4203 1219 4268 diebus

83 4315 238 4399 legitimis
253 4315 289 4378 in
305 4313 416 4379 eadem
434 4335 558 4379 moram
582 4313 730 4381 faciendo
757 4321 790 4380 et
814 4317 918 4400 ipsam
942 4315 1162 4380 vendicionem
1187 4316 1219 4376 et

82 4426 261 4490 emeionem
278 4424 425 4488 omnibns
443 4421 642 4488 notificando
667 4423 756 4488 nullo
768 4423 1006 4490 contradictore
1015 4423 1144 4506 penitus
1155 4422 1219 4486 exi-

83 4539 189 4598 stente
205 4530 341 4596 eandem
352 4531 582 4614 possessionem
593 4529 759 4615 Aplraper
769 4533 874 4597 dictos
884 4531 1007 4596 nobiles
1018 4531 1057 4596 de
1067 4531 1219 4594 iurecon-

82 4640 184 4706 ditam
205 4645 313 4704 vestre
329 4640 499 4706 collacicni
511 4689 534 4704 ..
546 4645 815 4724 competentem..
827 4639 928 4704 cidem
945 4639 1100 4722 magistro
1117 4637 1219 4705 Petro
