3112 5466
332 437 397 506 272
696 454 884 502 nnrounoni
901 435 1117 503 onnlurrln.

330 619 392 685 bus
416 619 659 684 racionabiliter
684 620 775 684 vobis
800 625 834 682 et
859 617 962 683 eidem
978 618 1176 683 monasterio
1201 616 1348 682 indultas
1378 611 1451 680 sicut

331 749 386 793 eas
401 729 485 792 iuste
495 726 671 812 etpacifice
681 727 845 811 obtinetis,
861 727 950 793 vobis
966 731 1000 792 et
1013 747 1073 810 per
1087 747 1144 791 vos
1154 726 1257 790 eidem
1267 723 1451 790 monasterio

334 837 531 902 auctoritate
547 837 727 920 apostolica
752 835 981 902 confirmamus
998 841 1032 901 et
1046 835 1206 920 presentis
1222 834 1339 918 scripti
1354 839 1450 917 patro

333 946 416 1010 cinio
434 947 674 1010 communimus.
685 945 779 1012 Nulli
799 967 876 1029 ergo
892 995 900 1010 .
916 995 923 1010 .
940 946 1000 1010 stb.
1025 945 1152 1010 Datum
1162 941 1333 1025 Arinione,
1350 943 1450 1024 quino

335 1053 492 1119 kalendas
507 1053 689 1139 Februarii,
706 1053 916 1140 pontificatus
932 1055 1035 1120 nostri
1052 1075 1137 1120 anno
1154 1051 1333 1117 undecimo.

439 1218 518 1282 Nagy
532 1220 659 1282 alathen,
672 1219 794 1270 diszesen
807 1219 952 1285 kiallltva3
976 1235 993 1268 a
1016 1218 1187 1282 venes-sdrga
1213 1218 1318 1280 selyem
1332 1212 1450 1264 asintron

335 1307 445 1372 lirggdtt
463 1310 540 1359 bulla
564 1309 913 1375 elveszett5e1edetijeaz
932 1310 1041 1359 orsz.lt.
1061 1308 1161 1358 kincst.
1194 1311 1260 1356 oszt.
1299 1305 1373 1355 Mon.
1398 1303 1450 1352 Por.

334 1401 376 1447 68.
391 1401 432 1446 36.
447 1397 514 1462 dipl.
527 1399 582 1447 ltdr
596 1415 602 1448 ι
618 1403 695 1448 2399.
709 1399 807 1449 Kdzli:
821 1399 900 1463 Nagy
914 1399 1013 1464 Gynla.

862 1818 936 1881 251.

335 1978 430 2042 1327.
457 1974 637 2063 Auipnone,
654 1983 729 2066 jan.
755 1982 808 2044 30.
836 1980 949 2045 XXII.
975 1981 1082 2046 Jdnoa
1099 1985 1192 2064 palpo
1216 2003 1255 2042 az
1281 1977 1452 2064 eszterpomi

328 2089 495 2171 pnc‘postot
513 2091 662 2174 utaea'tja,
687 2091 770 2174 bopy
795 2113 816 2152 a
840 2089 1091 2176 endroit-azopari
1114 2088 1296 2174 opdczdlcat
1321 2087 1451 2151 minden·

492 2206 588 2261 acenti
596 2197 810 2281 jdvodclrneik
825 2199 1013 2264 dloezctc'ben
1032 2197 1302 2284 mepoltalmozza.

438 2351 609 2422 Johannes
634 2357 804 2443 episcopus
835 2377 946 2424 servus
976 2379 1142 2425 servornm
1158 2357 1220 2441 dei,
1249 2356 1368 2422 dilecto
1391 2351 1451 2418 lilio
1544 2339 1545 2424 ξ

331 2464 495 2546 preposito
521 2465 655 2530 ecclesie
680 2466 936 2551 strigoniensis.
953 2465 1243 2552 .significaverunt
1267 2465 1360 2530 nobis
1381 2463 1451 2528 dile-
1544 2461 1545 2468 ’

332 2576 384 2634 cte
399 2571 434 2634 in
450 2568 581 2637 Christo
607 2571 673 2638 filie
698 2575 854 2659 priorissa
880 2581 913 2640 et
937 2581 1113 2642 conventus
1136 2575 1326 2640 monasterii
1349 2577 1451 2638 sancta

331 2675 439 2743 Marie
456 2678 495 2744 de
511 2679 625 2746 Insula
640 2681 789 2748 Danubii
805 2704 863 2768 per
878 2685 1066 2768 priorissam
1082 2685 1169 2750 soliti
1186 2683 1361 2768 gubernari
1376 2679 1452 2746 ordi-

331 2787 382 2850 nis
397 2789 500 2853 sancti
517 2789 697 2873 Augustini
713 2792 890 2858 secundum
917 2793 1069 2860 instituta
1094 2799 1128 2859 et
1152 2794 1212 2860 sub
1238 2814 1317 2858 cura
1341 2789 1452 2857 ordinis

333 2893 473 2960 fratrum
489 2898 729 2980 predicatorum
746 2901 888 2966 viventes
913 2892 1126 2985 quibuslicet
1149 2901 1271 2966 habere
1295 2898 1452 2985 proprium

330 3002 364 3065 in
381 3007 542 3070 communi
558 3028 597 3070 ex
612 3006 739 3074 indulto
756 3009 841 3073 sedis
857 3010 1036 3092 apostolice
1060 3010 1194 3094 speciali
1210 3005 1451 3094 Vesprimiensis

331 3108 493 3195 dioecesis,
510 3113 598 3196 quod
614 3116 760 3181 nonnulli
776 3117 958 3200 iniquitatis
974 3117 1033 3184 filii
1053 3141 1134 3204 quos
1144 3140 1278 3204 prorsus
1302 3119 1452 3202 ignorant,

330 3217 472 3284 decimas
504 3243 619 3286 census
650 3223 797 3289 redditus
827 3226 939 3308 legata
969 3232 1074 3293 terras
1100 3226 1212 3293 domos
1243 3227 1450 3310 possessiones

330 3333 419 3390 ortos
435 3349 557 3411 pascua
580 3335 677 3415 prata
700 3353 842 3418 nemora,
867 3335 1084 3401 instrumenta
1108 3336 1240 3420 publica
1266 3341 1300 3400 ct
1324 3334 1452 3420 quedam

333 3435 399 3500 alia
414 3434 500 3502 bona
516 3438 559 3503 ad
582 3438 667 3504 idem
693 3443 926 3507 monasterium
950 3446 1137 3527 spectancia
1161 3449 1284 3510 temore
1310 3467 1347 3510 ac
1370 3441 1453 3506 mali·
1543 3491 1544 3502 1

332 3545 416 3609 close
433 3547 597 3613 occultare
613 3555 646 3614 et
662 3551 790 3616 occulte
806 3551 951 3616 detinere
970 3558 1162 3636 presumunt
1177 3575 1241 3618 non
1258 3559 1405 3617 curantes
1419 3570 1453 3612 ea
1543 3533 1544 3588 i

332 3653 428 3718 dictis
443 3656 597 3738 priorisse
613 3663 645 3721 et
663 3660 832 3724 conventui
850 3659 1001 3725 exhibere
1025 3663 1059 3726 in
1085 3663 1267 3727 animarum
1283 3681 1410 3727 suarum
1426 3665 1454 3722 rt

332 3762 492 3827 dictarum
509 3765 664 3848 priorisse
681 3773 714 3831 et
734 3775 910 3833 conventus
935 3791 974 3834 ac
998 3771 1187 3836 monasterii
1211 3793 1277 3837 non
1302 3769 1453 3836 modicum

332 3871 571 3956 detrimentum,
587 3897 683 3958 super
700 3899 764 3960 quo
784 3877 896 3942 ecdem
921 3880 1077 3963 priorissa
1094 3885 1126 3944 et
1142 3887 1320 3946 conventus
1336 3883 1454 3964 aposto-

330 3980 392 4047 lice
409 3981 493 4046 sedis
509 3984 685 4050 remedium
701 3987 918 4069 implorarunt
928 4011 935 4069 3
946 3989 1100 4072 quocirca
1116 3988 1309 4055 discrecioni
1337 3996 1388 4053 tne
1403 4007 1455 4070 per

330 4091 511 4173 apostolica
527 4093 649 4178 scripta
667 4092 859 4159 mandamus
885 4101 1047 4180 quatenus
1073 4117 1184 4162 omncs
1209 4094 1389 4162 huiusmodi
1405 4115 1451 4158 oc-

331 4199 436 4264 cultos
452 4200 637 4266 detentores
654 4202 853 4268 decimarum
882 4225 1037 4272 censuum
1052 4205 1239 4271 reddituum
1257 4213 1289 4271 et
1305 4206 1453 4271 bonorum

332 4308 470 4375 aliorum
485 4308 706 4393 predictorum
723 4332 762 4375 ex
779 4316 873 4396 parte
889 4313 1141 4397 nostrapublioe
1151 4313 1185 4379 in
1196 4313 1338 4380 ecclesiis
1353 4330 1454 4377 coram

330 4417 449 4506 populo
465 4439 524 4502 per
539 4423 572 4482 te
588 4419 637 4483 vel
653 4441 710 4502 per
727 4420 827 4484 aliurn
843 4441 974 4486 moneas
990 4427 1028 4488 ut
1044 4421 1131 4488 infra
1147 4427 1379 4507 competentem
1396 4425 1455 4484 ter·

330 4526 451 4590 minum
469 4547 489 4588 a
505 4531 537 4589 te
554 4527 777 4610 prefigendum
793 4527 913 4594 eisdem
939 4551 977 4595 ea
1001 4531 1156 4615 predictis
1172 4531 1323 4615 priorisse
1339 4533 1371 4594 et
1386 4549 1456 4594 con-

330 4631 439 4698 ventui
456 4653 476 4696 a
493 4653 526 4696 se
543 4631 654 4700 debita
671 4636 848 4700 restituunt
864 4643 896 4702 et
913 4639 1055 4704 revelent
1081 4663 1119 4705 ac
1134 4639 1175 4704 de
1191 4639 1269 4723 ipsis
1285 4638 1409 4722 plenam
1426 4639 1455 4700 et
