<?xml version="1.0" encoding="UTF-8"?>
<!DOCTYPE html PUBLIC "-//W3C//DTD XHTML 1.0 Transitional//EN"
    "http://www.w3.org/TR/xhtml1/DTD/xhtml1-transitional.dtd">
<html xmlns="http://www.w3.org/1999/xhtml" xml:lang="en" lang="en">
 <head>
  <title>
</title>
<meta http-equiv="Content-Type" content="text/html;charset=utf-8" />
  <meta name='ocr-system' content='tesseract 3.04.00' />
  <meta name='ocr-capabilities' content='ocr_page ocr_carea ocr_par ocr_line ocrx_word'/>
</head>
<body>
  <div class='ocr_page' id='page_1' title='image "./codexdiplomatic01nagygoog_0460.png"; bbox 0 0 3130 5470; ppageno 0'>
   <div class='ocr_carea' id='block_1_1' title="bbox 477 499 1171 566">
    <p class='ocr_par' dir='ltr' id='par_1_1' title="bbox 477 499 1171 566">
     <span class='ocr_line' id='line_1_1' title="bbox 477 499 1171 566; baseline 0.004 -3"><span class='ocrx_word' id='word_1_1' title='bbox 477 499 572 565; x_wconf 79' lang='lat'><strong>1329.</strong></span> <span class='ocrx_word' id='word_1_2' title='bbox 588 518 657 565; x_wconf 77' lang='lat' dir='ltr'>oon.</span> <span class='ocrx_word' id='word_1_3' title='bbox 676 503 727 564; x_wconf 84' lang='lat'>25.</span> <span class='ocrx_word' id='word_1_4' title='bbox 1106 503 1171 566; x_wconf 81' lang='lat'>443</span> 
     </span>
    </p>
   </div>
   <div class='ocr_carea' id='block_1_2' title="bbox 51 676 1178 1955">
    <p class='ocr_par' dir='ltr' id='par_1_2' title="bbox 51 676 1178 1955">
     <span class='ocr_line' id='line_1_2' title="bbox 52 676 1172 764; baseline 0.004 -23"><span class='ocrx_word' id='word_1_5' title='bbox 52 676 169 744; x_wconf 89' lang='lat' dir='ltr'>domino</span> <span class='ocrx_word' id='word_1_6' title='bbox 186 699 245 744; x_wconf 91' lang='lat' dir='ltr'>suo</span> <span class='ocrx_word' id='word_1_7' title='bbox 261 699 326 746; x_wconf 90' lang='lat' dir='ltr'>non</span> <span class='ocrx_word' id='word_1_8' title='bbox 342 681 554 746; x_wconf 87' lang='lat' dir='ltr'>accussaverit</span> <span class='ocrx_word' id='word_1_9' title='bbox 568 699 627 746; x_wconf 88' lang='lat' dir='ltr'>nec</span> <span class='ocrx_word' id='word_1_10' title='bbox 642 700 700 764; x_wconf 89' lang='lat' dir='ltr'>per</span> <span class='ocrx_word' id='word_1_11' title='bbox 726 699 816 746; x_wconf 86' lang='lat' dir='ltr'>suam</span> <span class='ocrx_word' id='word_1_12' title='bbox 832 682 1070 746; x_wconf 89' lang='lat' dir='ltr'>acousacionem</span> <span class='ocrx_word' id='word_1_13' title='bbox 1086 682 1172 746; x_wconf 91' lang='lat' dir='ltr'>idem</span> 
     </span>
     <span class='ocr_line' id='line_1_3' title="bbox 51 784 1173 874; baseline 0.005 -25"><span class='ocrx_word' id='word_1_14' title='bbox 51 784 191 851; x_wconf 86' lang='lat' dir='ltr'>bletheus</span> <span class='ocrx_word' id='word_1_15' title='bbox 208 788 313 872; x_wconf 88' lang='lat' dir='ltr'>ipsum</span> <span class='ocrx_word' id='word_1_16' title='bbox 330 790 484 872; x_wconf 86' lang='lat' dir='ltr'>captivari</span> <span class='ocrx_word' id='word_1_17' title='bbox 501 793 595 854; x_wconf 83' lang='lat' dir='ltr'>etex.</span> <span class='ocrx_word' id='word_1_18' title='bbox 614 789 698 855; x_wconf 85' lang='lat' dir='ltr'>ecari</span> <span class='ocrx_word' id='word_1_19' title='bbox 712 788 832 872; x_wconf 85' lang='lat' dir='ltr'>fecerit,</span> <span class='ocrx_word' id='word_1_20' title='bbox 849 795 1086 856; x_wconf 87' lang='lat' dir='ltr'>sacramentum</span> <span class='ocrx_word' id='word_1_21' title='bbox 1101 809 1173 874; x_wconf 89' lang='lat' dir='ltr'>pre-</span> 
     </span>
     <span class='ocr_line' id='line_1_4' title="bbox 53 897 1174 990; baseline 0.006 -33"><span class='ocrx_word' id='word_1_22' title='bbox 53 897 128 958; x_wconf 83' lang='lat' dir='ltr'>stare</span> <span class='ocrx_word' id='word_1_23' title='bbox 143 897 324 980; x_wconf 90' lang='lat' dir='ltr'>seriemque</span> <span class='ocrx_word' id='word_1_24' title='bbox 340 897 440 981; x_wconf 88' lang='lat' dir='ltr'>ipsius</span> <span class='ocrx_word' id='word_1_25' title='bbox 456 898 626 962; x_wconf 90' lang='lat' dir='ltr'>iuramenti</span> <span class='ocrx_word' id='word_1_26' title='bbox 653 903 764 990; x_wconf 79' lang='lat' dir='ltr'>oetam</span> <span class='ocrx_word' id='word_1_27' title='bbox 782 897 833 962; x_wconf 92' lang='lat' dir='ltr'>die</span> <span class='ocrx_word' id='word_1_28' title='bbox 849 899 882 962; x_wconf 91' lang='lat' dir='ltr'>in</span> <span class='ocrx_word' id='word_1_29' title='bbox 899 897 1015 965; x_wconf 87' lang='lat' dir='ltr'>litteris</span> <span class='ocrx_word' id='word_1_30' title='bbox 1033 898 1174 964; x_wconf 90' lang='lat' dir='ltr'>eiusdem</span> 
     </span>
     <span class='ocr_line' id='line_1_5' title="bbox 55 1002 1175 1088; baseline 0.007 -24"><span class='ocrx_word' id='word_1_31' title='bbox 55 1005 151 1084; x_wconf 89' lang='lat' dir='ltr'>partes</span> <span class='ocrx_word' id='word_1_32' title='bbox 168 1002 262 1068; x_wconf 91' lang='lat' dir='ltr'>nobis</span> <span class='ocrx_word' id='word_1_33' title='bbox 278 1009 445 1088; x_wconf 89' lang='lat' dir='ltr'>reportare</span> <span class='ocrx_word' id='word_1_34' title='bbox 456 1003 649 1088; x_wconf 80' lang='lat' dir='ltr'>debuissent,</span> <span class='ocrx_word' id='word_1_35' title='bbox 665 1005 735 1087; x_wconf 90' lang='lat' dir='ltr'>ipso</span> <span class='ocrx_word' id='word_1_36' title='bbox 752 1005 890 1069; x_wconf 92' lang='lat' dir='ltr'>termino</span> <span class='ocrx_word' id='word_1_37' title='bbox 906 1004 1095 1070; x_wconf 83' lang='lat' dir='ltr'>adveniente</span> <span class='ocrx_word' id='word_1_38' title='bbox 1111 1005 1175 1072; x_wconf 89' lang='lat' dir='ltr'>Mi·</span> 
     </span>
     <span class='ocr_line' id='line_1_6' title="bbox 55 1108 1176 1196; baseline 0.005 -23"><span class='ocrx_word' id='word_1_39' title='bbox 55 1108 117 1174; x_wconf 88' lang='lat' dir='ltr'>lech</span> <span class='ocrx_word' id='word_1_40' title='bbox 132 1111 272 1176; x_wconf 84' lang='lat' dir='ltr'>serviens</span> <span class='ocrx_word' id='word_1_41' title='bbox 287 1112 388 1196; x_wconf 89' lang='lat' dir='ltr'>ipsius</span> <span class='ocrx_word' id='word_1_42' title='bbox 403 1112 551 1196; x_wconf 74' lang='lat' dir='ltr'>magistri</span> <span class='ocrx_word' id='word_1_43' title='bbox 568 1109 721 1195; x_wconf 79' lang='lat' dir='ltr'>Gregorii</span> <span class='ocrx_word' id='word_1_44' title='bbox 737 1113 770 1176; x_wconf 92' lang='lat' dir='ltr'>in</span> <span class='ocrx_word' id='word_1_45' title='bbox 786 1132 925 1196; x_wconf 90' lang='lat' dir='ltr'>persona</span> <span class='ocrx_word' id='word_1_46' title='bbox 936 1113 1077 1178; x_wconf 89' lang='lat' dir='ltr'>eiusdem</span> <span class='ocrx_word' id='word_1_47' title='bbox 1094 1112 1176 1179; x_wconf 84' lang='lat' dir='ltr'>Gre-</span> 
     </span>
     <span class='ocr_line' id='line_1_7' title="bbox 56 1217 1177 1304; baseline 0.005 -22"><span class='ocrx_word' id='word_1_48' title='bbox 56 1218 131 1300; x_wconf 80' lang='lat' dir='ltr'>gorii</span> <span class='ocrx_word' id='word_1_49' title='bbox 147 1217 270 1284; x_wconf 91' lang='lat' dir='ltr'>domini</span> <span class='ocrx_word' id='word_1_50' title='bbox 302 1221 351 1285; x_wconf 91' lang='lat' dir='ltr'>sui</span> <span class='ocrx_word' id='word_1_51' title='bbox 368 1241 439 1285; x_wconf 91' lang='lat' dir='ltr'>cum</span> <span class='ocrx_word' id='word_1_52' title='bbox 469 1221 703 1304; x_wconf 78' lang='lat' dir='ltr'>procuratoriis</span> <span class='ocrx_word' id='word_1_53' title='bbox 727 1221 846 1285; x_wconf 89' lang='lat' dir='ltr'>litteris</span> <span class='ocrx_word' id='word_1_54' title='bbox 877 1227 1053 1287; x_wconf 89' lang='lat' dir='ltr'>conventus</span> <span class='ocrx_word' id='word_1_55' title='bbox 1068 1244 1177 1288; x_wconf 88' lang='lat' dir='ltr'>mona-</span> 
     </span>
     <span class='ocr_line' id='line_1_8' title="bbox 55 1325 1175 1395; baseline 0.005 -6"><span class='ocrx_word' id='word_1_56' title='bbox 55 1326 135 1390; x_wconf 88' lang='lat' dir='ltr'>sterii</span> <span class='ocrx_word' id='word_1_57' title='bbox 152 1328 255 1390; x_wconf 90' lang='lat' dir='ltr'>sancti</span> <span class='ocrx_word' id='word_1_58' title='bbox 279 1327 450 1393; x_wconf 81' lang='lat' dir='ltr'>Benedicti</span> <span class='ocrx_word' id='word_1_59' title='bbox 467 1327 506 1392; x_wconf 92' lang='lat' dir='ltr'>de</span> <span class='ocrx_word' id='word_1_60' title='bbox 521 1329 612 1393; x_wconf 86' lang='lat' dir='ltr'>iuxta</span> <span class='ocrx_word' id='word_1_61' title='bbox 637 1325 752 1394; x_wconf 81' lang='lat' dir='ltr'>Groon</span> <span class='ocrx_word' id='word_1_62' title='bbox 777 1327 819 1392; x_wconf 88' lang='lat' dir='ltr'>ad</span> <span class='ocrx_word' id='word_1_63' title='bbox 835 1334 979 1394; x_wconf 91' lang='lat' dir='ltr'>nostram</span> <span class='ocrx_word' id='word_1_64' title='bbox 996 1328 1175 1395; x_wconf 90' lang='lat' dir='ltr'>accedendo</span> 
     </span>
     <span class='ocr_line' id='line_1_9' title="bbox 54 1433 1175 1521; baseline 0.005 -24"><span class='ocrx_word' id='word_1_65' title='bbox 54 1435 242 1516; x_wconf 80' lang='lat' dir='ltr'>presenciam</span> <span class='ocrx_word' id='word_1_66' title='bbox 273 1434 398 1501; x_wconf 86' lang='lat' dir='ltr'>litteras</span> <span class='ocrx_word' id='word_1_67' title='bbox 423 1435 502 1501; x_wconf 88' lang='lat' dir='ltr'>dicti</span> <span class='ocrx_word' id='word_1_68' title='bbox 526 1443 700 1501; x_wconf 79' lang='lat' dir='ltr'>conventus</span> <span class='ocrx_word' id='word_1_69' title='bbox 725 1438 827 1502; x_wconf 90' lang='lat' dir='ltr'>sancti</span> <span class='ocrx_word' id='word_1_70' title='bbox 852 1437 937 1519; x_wconf 87' lang='lat' dir='ltr'>regis</span> <span class='ocrx_word' id='word_1_71' title='bbox 962 1433 1120 1521; x_wconf 82' lang='lat' dir='ltr'>Stephani</span> <span class='ocrx_word' id='word_1_72' title='bbox 1136 1438 1175 1503; x_wconf 90' lang='lat' dir='ltr'>de</span> 
     </span>
     <span class='ocr_line' id='line_1_10' title="bbox 56 1539 1175 1629; baseline 0.004 -23"><span class='ocrx_word' id='word_1_73' title='bbox 56 1539 213 1625; x_wconf 85' lang='lat' dir='ltr'>Strigonio</span> <span class='ocrx_word' id='word_1_74' title='bbox 229 1542 324 1608; x_wconf 89' lang='lat' dir='ltr'>nobis</span> <span class='ocrx_word' id='word_1_75' title='bbox 340 1543 570 1610; x_wconf 84' lang='lat' dir='ltr'>demonstrarit</span> <span class='ocrx_word' id='word_1_76' title='bbox 586 1545 620 1608; x_wconf 91' lang='lat' dir='ltr'>in</span> <span class='ocrx_word' id='word_1_77' title='bbox 636 1565 772 1629; x_wconf 90' lang='lat' dir='ltr'>quarum</span> <span class='ocrx_word' id='word_1_78' title='bbox 788 1545 953 1610; x_wconf 90' lang='lat' dir='ltr'>tenoribus</span> <span class='ocrx_word' id='word_1_79' title='bbox 969 1546 1075 1629; x_wconf 91' lang='lat' dir='ltr'>ipsum</span> <span class='ocrx_word' id='word_1_80' title='bbox 1091 1546 1175 1610; x_wconf 91' lang='lat' dir='ltr'>iura·</span> 
     </span>
     <span class='ocr_line' id='line_1_11' title="bbox 57 1645 1175 1738; baseline 0.004 -25"><span class='ocrx_word' id='word_1_81' title='bbox 57 1657 191 1716; x_wconf 88' lang='lat' dir='ltr'>mentum</span> <span class='ocrx_word' id='word_1_82' title='bbox 207 1645 419 1738; x_wconf 56' lang='lat' dir='ltr'>perjeundem</span> <span class='ocrx_word' id='word_1_83' title='bbox 436 1650 634 1736; x_wconf 79' lang='lat' dir='ltr'>Gregorium</span> <span class='ocrx_word' id='word_1_84' title='bbox 650 1651 753 1718; x_wconf 88' lang='lat' dir='ltr'>filium</span> <span class='ocrx_word' id='word_1_85' title='bbox 769 1652 842 1718; x_wconf 92' lang='lat' dir='ltr'>Iule</span> <span class='ocrx_word' id='word_1_86' title='bbox 859 1676 931 1719; x_wconf 90' lang='lat' dir='ltr'>cum</span> <span class='ocrx_word' id='word_1_87' title='bbox 947 1655 1013 1720; x_wconf 90' lang='lat' dir='ltr'>suis</span> <span class='ocrx_word' id='word_1_88' title='bbox 1029 1656 1175 1719; x_wconf 88' lang='lat' dir='ltr'>coniura-</span> 
     </span>
     <span class='ocr_line' id='line_1_12' title="bbox 58 1757 1177 1847; baseline 0.004 -25"><span class='ocrx_word' id='word_1_89' title='bbox 58 1757 174 1823; x_wconf 90' lang='lat' dir='ltr'>toribus</span> <span class='ocrx_word' id='word_1_90' title='bbox 190 1781 288 1844; x_wconf 91' lang='lat' dir='ltr'>super</span> <span class='ocrx_word' id='word_1_91' title='bbox 303 1762 467 1845; x_wconf 86' lang='lat' dir='ltr'>premissis</span> <span class='ocrx_word' id='word_1_92' title='bbox 483 1783 541 1826; x_wconf 91' lang='lat' dir='ltr'>suo</span> <span class='ocrx_word' id='word_1_93' title='bbox 558 1759 653 1827; x_wconf 91' lang='lat' dir='ltr'>modo</span> <span class='ocrx_word' id='word_1_94' title='bbox 670 1761 852 1846; x_wconf 87' lang='lat' dir='ltr'>depositum</span> <span class='ocrx_word' id='word_1_95' title='bbox 869 1763 1082 1847; x_wconf 88' lang='lat' dir='ltr'>comperimus</span> <span class='ocrx_word' id='word_1_96' title='bbox 1099 1763 1177 1827; x_wconf 84' lang='lat' dir='ltr'>exti-</span> 
     </span>
     <span class='ocr_line' id='line_1_13' title="bbox 59 1867 1178 1955; baseline 0.009 -27"><span class='ocrx_word' id='word_1_97' title='bbox 59 1867 137 1952; x_wconf 86' lang='lat' dir='ltr'>tisse,</span> <span class='ocrx_word' id='word_1_98' title='bbox 151 1870 281 1934; x_wconf 89' lang='lat' dir='ltr'>racione</span> <span class='ocrx_word' id='word_1_99' title='bbox 298 1891 436 1953; x_wconf 90' lang='lat' dir='ltr'>quorum</span> <span class='ocrx_word' id='word_1_100' title='bbox 456 1871 599 1934; x_wconf 91' lang='lat' dir='ltr'>omnium</span> <span class='ocrx_word' id='word_1_101' title='bbox 616 1869 753 1936; x_wconf 90' lang='lat' dir='ltr'>eundem</span> <span class='ocrx_word' id='word_1_102' title='bbox 769 1870 967 1936; x_wconf 90' lang='lat' dir='ltr'>reddidimus</span> <span class='ocrx_word' id='word_1_103' title='bbox 983 1870 1178 1955; x_wconf 83' lang='lat' dir='ltr'>expeditum.</span> 
     </span>
    </p>
   </div>
   <div class='ocr_carea' id='block_1_3' title="bbox 57 1973 1178 2154">
    <p class='ocr_par' dir='ltr' id='par_1_3' title="bbox 57 1973 1178 2154">
     <span class='ocr_line' id='line_1_14' title="bbox 57 1973 1178 2064; baseline 0.004 -26"><span class='ocrx_word' id='word_1_104' title='bbox 57 1973 171 2042; x_wconf 89' lang='lat' dir='ltr'>Datum</span> <span class='ocrx_word' id='word_1_105' title='bbox 184 1978 219 2042; x_wconf 88' lang='lat' dir='ltr'>in</span> <span class='ocrx_word' id='word_1_106' title='bbox 235 1976 444 2064; x_wconf 89' lang='lat' dir='ltr'>Wyssegrad‚</span> <span class='ocrx_word' id='word_1_107' title='bbox 456 1984 566 2045; x_wconf 85' lang='lat' dir='ltr'>octavo</span> <span class='ocrx_word' id='word_1_108' title='bbox 578 1977 629 2043; x_wconf 92' lang='lat' dir='ltr'>die</span> <span class='ocrx_word' id='word_1_109' title='bbox 644 1980 875 2062; x_wconf 87' lang='lat' dir='ltr'>reportacionis</span> <span class='ocrx_word' id='word_1_110' title='bbox 892 1981 985 2046; x_wconf 86' lang='lat' dir='ltr'>seriei</span> <span class='ocrx_word' id='word_1_111' title='bbox 1000 1983 1178 2064; x_wconf 89' lang='lat' dir='ltr'>prenotate,</span> 
     </span>
     <span class='ocr_line' id='line_1_15' title="bbox 57 2083 799 2154; baseline 0.007 -7"><span class='ocrx_word' id='word_1_112' title='bbox 57 2103 133 2148; x_wconf 90' lang='lat' dir='ltr'>anuo</span> <span class='ocrx_word' id='word_1_113' title='bbox 149 2083 271 2150; x_wconf 91' lang='lat' dir='ltr'>domini</span> <span class='ocrx_word' id='word_1_114' title='bbox 287 2085 463 2152; x_wconf 89' lang='lat' dir='ltr'>Millesimo</span> <span class='ocrx_word' id='word_1_115' title='bbox 481 2084 582 2154; x_wconf 84' lang='grc' dir='ltr'>000ο</span> <span class='ocrx_word' id='word_1_116' title='bbox 597 2085 690 2152; x_wconf 90' lang='lat' dir='ltr'>XX⁰</span> <span class='ocrx_word' id='word_1_117' title='bbox 705 2108 799 2153; x_wconf 91' lang='lat' dir='ltr'>nono.</span> 
     </span>
    </p>
   </div>
   <div class='ocr_carea' id='block_1_4' title="bbox 57 2244 1177 2404">
    <p class='ocr_par' dir='ltr' id='par_1_4' title="bbox 57 2244 1177 2404">
     <span class='ocr_line' id='line_1_16' title="bbox 155 2244 1177 2316; baseline 0.003 -18"><span class='ocrx_word' id='word_1_118' title='bbox 155 2244 287 2299; x_wconf 75' lang='lat' dir='ltr'>Zairlutrin</span> <span class='ocrx_word' id='word_1_119' title='bbox 299 2250 393 2314; x_wconf 70' lang='lat' dir='ltr'>peccet</span> <span class='ocrx_word' id='word_1_120' title='bbox 404 2252 580 2316; x_wconf 83' lang='lat' dir='ltr'>nyomaival;</span> <span class='ocrx_word' id='word_1_121' title='bbox 596 2251 726 2316; x_wconf 88' lang='lat' dir='ltr'>eredetije</span> <span class='ocrx_word' id='word_1_122' title='bbox 747 2265 779 2302; x_wconf 83' lang='lat' dir='ltr'>aa</span> <span class='ocrx_word' id='word_1_123' title='bbox 794 2265 862 2300; x_wconf 84' lang='lat' dir='ltr'>orez.</span> <span class='ocrx_word' id='word_1_124' title='bbox 876 2249 931 2300; x_wconf 72' lang='lat' dir='ltr'>lter</span> <span class='ocrx_word' id='word_1_125' title='bbox 944 2251 1042 2301; x_wconf 86' lang='lat' dir='ltr'>kinost.</span> <span class='ocrx_word' id='word_1_126' title='bbox 1062 2252 1128 2300; x_wconf 87' lang='lat' dir='ltr'>oszt.</span> <span class='ocrx_word' id='word_1_127' title='bbox 1143 2251 1177 2301; x_wconf 88' lang='lat' dir='ltr'>N.</span> 
     </span>
     <span class='ocr_line' id='line_1_17' title="bbox 57 2338 910 2404; baseline 0.005 -17"><span class='ocrx_word' id='word_1_128' title='bbox 57 2338 84 2387; x_wconf 82' lang='lat' dir='ltr'>n</span> <span class='ocrx_word' id='word_1_129' title='bbox 96 2338 128 2388; x_wconf 77' lang='lat' dir='ltr'>A.</span> <span class='ocrx_word' id='word_1_130' title='bbox 150 2342 225 2389; x_wconf 86' lang='grc'><strong>1746.</strong></span> <span class='ocrx_word' id='word_1_131' title='bbox 240 2344 280 2390; x_wconf 88' lang='grc'>50.</span> <span class='ocrx_word' id='word_1_132' title='bbox 307 2339 374 2404; x_wconf 89' lang='lat' dir='ltr'>dipl.</span> <span class='ocrx_word' id='word_1_133' title='bbox 387 2340 459 2394; x_wconf 66' lang='lat' dir='ltr'>lter:</span> <span class='ocrx_word' id='word_1_134' title='bbox 480 2346 557 2392; x_wconf 75' lang='lat'><strong>2569.</strong></span> <span class='ocrx_word' id='word_1_135' title='bbox 571 2342 670 2393; x_wconf 78' lang='lat' dir='ltr'>szli:</span> <span class='ocrx_word' id='word_1_136' title='bbox 691 2341 793 2394; x_wconf 87' lang='lat' dir='ltr'>Vincze</span> <span class='ocrx_word' id='word_1_137' title='bbox 807 2341 910 2392; x_wconf 74' lang='lat' dir='ltr'>(labor.</span> 
     </span>
    </p>
   </div>
   <div class='ocr_carea' id='block_1_5' title="bbox 534 2502 695 2512">
    <p class='ocr_par' dir='ltr' id='par_1_5' title="bbox 534 2502 695 2512">
     <span class='ocr_line' id='line_1_18' title="bbox 534 2502 695 2512; baseline 0.012 -3"><span class='ocrx_word' id='word_1_138' title='bbox 534 2502 695 2512; x_wconf 50' lang='lat' dir='ltr'>...nn—-</span> 
     </span>
    </p>
   </div>
   <div class='ocr_carea' id='block_1_6' title="bbox 59 2893 1183 3203">
    <p class='ocr_par' dir='ltr' id='par_1_6' title="bbox 59 2893 1183 3203">
     <span class='ocr_line' id='line_1_19' title="bbox 59 2893 1183 3008; baseline 0.004 -47"><span class='ocrx_word' id='word_1_139' title='bbox 59 2901 149 3008; x_wconf 49' lang='lat'><em>¹3²9·</em></span> <span class='ocrx_word' id='word_1_140' title='bbox 165 2911 222 2965; x_wconf 86' lang='lat' dir='ltr'>oct.</span> <span class='ocrx_word' id='word_1_141' title='bbox 240 2897 333 2965; x_wconf 85' lang='lat' dir='ltr'><em>25.A</em></span> <span class='ocrx_word' id='word_1_142' title='bbox 351 2902 470 2985; x_wconf 80' lang='lat' dir='ltr'>azepeai</span> <span class='ocrx_word' id='word_1_143' title='bbox 484 2901 647 2988; x_wconf 81' lang='lat' dir='ltr'>kriptalaa</span> <span class='ocrx_word' id='word_1_144' title='bbox 663 2901 692 2964; x_wconf 90' lang='lat' dir='ltr'>I.</span> <span class='ocrx_word' id='word_1_145' title='bbox 714 2901 834 2988; x_wconf 77' lang='lat' dir='ltr'>Kdroly</span> <span class='ocrx_word' id='word_1_146' title='bbox 845 2893 1056 2986; x_wconf 64' lang='lat' dir='ltr'>kirrilyraaItJa</span> <span class='ocrx_word' id='word_1_147' title='bbox 1067 2898 1183 2965; x_wconf 79' lang='lat' dir='ltr'>So&#39;ros-</span> 
     </span>
     <span class='ocr_line' id='line_1_20' title="bbox 66 3008 1182 3096; baseline -0.003 -22"><span class='ocrx_word' id='word_1_148' title='bbox 66 3011 166 3092; x_wconf 56' lang='lat' dir='ltr'>lp&#39;odr</span> <span class='ocrx_word' id='word_1_149' title='bbox 196 3012 318 3096; x_wconf 73' lang='lat' dir='ltr'>meppei</span> <span class='ocrx_word' id='word_1_150' title='bbox 334 3009 451 3095; x_wconf 75' lang='lat' dir='ltr'>Hasd-p</span> <span class='ocrx_word' id='word_1_151' title='bbox 475 3011 632 3075; x_wconf 77' lang='lat' dir='ltr'>birtolcrdl</span> <span class='ocrx_word' id='word_1_152' title='bbox 663 3010 749 3075; x_wconf 80' lang='lat' dir='ltr'>szc&#39;lo&#39;</span> <span class='ocrx_word' id='word_1_153' title='bbox 775 3012 869 3074; x_wconf 79' lang='lat'><strong><em>1322.</em></strong></span> <span class='ocrx_word' id='word_1_154' title='bbox 887 3011 962 3094; x_wconf 84' lang='lat' dir='ltr'>jan.</span> <span class='ocrx_word' id='word_1_155' title='bbox 992 3011 1095 3073; x_wconf 77' lang='grc' dir='ltr'><em>23-άη</em></span> <span class='ocrx_word' id='word_1_156' title='bbox 1119 3008 1182 3072; x_wconf 80' lang='lat' dir='ltr'>laeli</span> 
     </span>
     <span class='ocr_line' id='line_1_21' title="bbox 99 3116 1132 3203; baseline -0.002 -23"><span class='ocrx_word' id='word_1_157' title='bbox 99 3117 248 3182; x_wconf 73' lang='lat' dir='ltr'>obleverat</span> <span class='ocrx_word' id='word_1_158' title='bbox 264 3117 404 3203; x_wconf 77' lang='lat' dir='ltr'>Synlcafi</span> <span class='ocrx_word' id='word_1_159' title='bbox 420 3117 519 3182; x_wconf 77' lang='lat' dir='ltr'>Perta</span> <span class='ocrx_word' id='word_1_160' title='bbox 535 3119 679 3182; x_wconf 79' lang='lat' dir='ltr'>ltc&#39;re&#39;sc&#39;re</span> <span class='ocrx_word' id='word_1_161' title='bbox 696 3117 806 3182; x_wconf 80' lang='lat' dir='ltr'>hitales</span> <span class='ocrx_word' id='word_1_162' title='bbox 822 3116 991 3183; x_wconf 83' lang='lat' dir='ltr'>u‘tiratbaa</span> <span class='ocrx_word' id='word_1_163' title='bbox 1008 3116 1132 3201; x_wconf 82' lang='lat' dir='ltr'>loiadja.</span> 
     </span>
    </p>
   </div>
   <div class='ocr_carea' id='block_1_7' title="bbox 56 3273 1254 4769">
    <p class='ocr_par' dir='ltr' id='par_1_7' title="bbox 56 3273 1254 4769">
     <span class='ocr_line' id='line_1_22' title="bbox 159 3273 1184 3361; baseline -0.004 -19"><span class='ocrx_word' id='word_1_164' title='bbox 159 3275 228 3342; x_wconf 86' lang='lat' dir='ltr'>Nos</span> <span class='ocrx_word' id='word_1_165' title='bbox 245 3276 422 3360; x_wconf 88' lang='lat' dir='ltr'>capitulum</span> <span class='ocrx_word' id='word_1_166' title='bbox 439 3276 568 3342; x_wconf 89' lang='lat' dir='ltr'>ecclesie</span> <span class='ocrx_word' id='word_1_167' title='bbox 583 3277 669 3343; x_wconf 90' lang='lat' dir='ltr'>beati</span> <span class='ocrx_word' id='word_1_168' title='bbox 678 3277 817 3344; x_wconf 83' lang='lat' dir='ltr'>Martini</span> <span class='ocrx_word' id='word_1_169' title='bbox 828 3276 867 3342; x_wconf 91' lang='lat' dir='ltr'>de</span> <span class='ocrx_word' id='word_1_170' title='bbox 879 3275 1000 3361; x_wconf 81' lang='lat' dir='ltr'>Scepus</span> <span class='ocrx_word' id='word_1_171' title='bbox 1016 3325 1023 3340; x_wconf 93' lang='lat'><strong>.</strong></span> <span class='ocrx_word' id='word_1_172' title='bbox 1040 3325 1047 3340; x_wconf 89' lang='lat'><strong>.</strong></span> <span class='ocrx_word' id='word_1_173' title='bbox 1064 3273 1184 3360; x_wconf 89' lang='lat' dir='ltr'>signifi-</span> 
     </span>
     <span class='ocr_line' id='line_1_23' title="bbox 56 3383 1183 3472; baseline 0.002 -25"><span class='ocrx_word' id='word_1_174' title='bbox 56 3405 159 3448; x_wconf 91' lang='lat' dir='ltr'>camus</span> <span class='ocrx_word' id='word_1_175' title='bbox 174 3435 180 3450; x_wconf 93' lang='lat'><em>.</em></span> <span class='ocrx_word' id='word_1_176' title='bbox 197 3435 204 3450; x_wconf 93' lang='lat'><strong>.</strong></span> <span class='ocrx_word' id='word_1_177' title='bbox 221 3385 313 3469; x_wconf 58' lang='lat' dir='ltr'>quod*</span> <span class='ocrx_word' id='word_1_178' title='bbox 325 3385 449 3451; x_wconf 85' lang='lat' dir='ltr'>Pethev</span> <span class='ocrx_word' id='word_1_179' title='bbox 464 3385 550 3452; x_wconf 89' lang='lat' dir='ltr'>filius</span> <span class='ocrx_word' id='word_1_180' title='bbox 566 3387 729 3470; x_wconf 87' lang='lat' dir='ltr'>qnondam</span> <span class='ocrx_word' id='word_1_181' title='bbox 751 3383 863 3472; x_wconf 75' lang='lat' dir='ltr'>Synlra</span> <span class='ocrx_word' id='word_1_182' title='bbox 879 3435 886 3450; x_wconf 93' lang='lat'><strong>.</strong></span> <span class='ocrx_word' id='word_1_183' title='bbox 902 3436 909 3451; x_wconf 92' lang='lat'><strong>.</strong></span> <span class='ocrx_word' id='word_1_184' title='bbox 929 3383 1074 3451; x_wconf 81' lang='lat' dir='ltr'>exhibuit</span> <span class='ocrx_word' id='word_1_185' title='bbox 1090 3383 1183 3451; x_wconf 90' lang='lat' dir='ltr'>nobis</span> 
     </span>
     <span class='ocr_line' id='line_1_24' title="bbox 57 3489 1186 3577; baseline 0.003 -24"><span class='ocrx_word' id='word_1_186' title='bbox 57 3489 179 3557; x_wconf 86' lang='lat' dir='ltr'>litteras</span> <span class='ocrx_word' id='word_1_187' title='bbox 219 3497 369 3577; x_wconf 85' lang='lat' dir='ltr'>patentes</span> <span class='ocrx_word' id='word_1_188' title='bbox 408 3493 530 3558; x_wconf 91' lang='lat' dir='ltr'>Karuli</span> <span class='ocrx_word' id='word_1_189' title='bbox 560 3543 568 3559; x_wconf 88' lang='lat'><strong>.</strong></span> <span class='ocrx_word' id='word_1_190' title='bbox 599 3543 607 3560; x_wconf 91' lang='lat'><em>.</em></span> <span class='ocrx_word' id='word_1_191' title='bbox 638 3494 723 3577; x_wconf 90' lang='lat' dir='ltr'>regis</span> <span class='ocrx_word' id='word_1_192' title='bbox 754 3542 761 3558; x_wconf 91' lang='lat'><em>.</em></span> <span class='ocrx_word' id='word_1_193' title='bbox 792 3541 800 3559; x_wconf 91' lang='lat'><strong>.</strong></span> <span class='ocrx_word' id='word_1_194' title='bbox 831 3513 889 3558; x_wconf 88' lang='lat' dir='ltr'>nos</span> <span class='ocrx_word' id='word_1_195' title='bbox 928 3497 1040 3576; x_wconf 90' lang='lat' dir='ltr'>petens</span> <span class='ocrx_word' id='word_1_196' title='bbox 1070 3543 1077 3558; x_wconf 92' lang='lat'><strong>.</strong></span> <span class='ocrx_word' id='word_1_197' title='bbox 1110 3543 1117 3556; x_wconf 93' lang='lat'><em>.</em></span> <span class='ocrx_word' id='word_1_198' title='bbox 1149 3495 1186 3556; x_wconf 91' lang='lat' dir='ltr'>ut</span> 
     </span>
     <span class='ocr_line' id='line_1_25' title="bbox 58 3599 1184 3686; baseline 0 -23"><span class='ocrx_word' id='word_1_199' title='bbox 58 3600 180 3664; x_wconf 89' lang='lat' dir='ltr'>easdem</span> <span class='ocrx_word' id='word_1_200' title='bbox 210 3651 217 3666; x_wconf 91' lang='lat'>.</span> <span class='ocrx_word' id='word_1_201' title='bbox 251 3651 266 3684; x_wconf 24' lang='grc' dir='ltr'>,Ι</span> <span class='ocrx_word' id='word_1_202' title='bbox 290 3601 424 3666; x_wconf 88' lang='lat' dir='ltr'>rescribi</span> <span class='ocrx_word' id='word_1_203' title='bbox 464 3601 643 3668; x_wconf 83' lang='lat' dir='ltr'>faceremus</span> <span class='ocrx_word' id='word_1_204' title='bbox 674 3650 681 3665; x_wconf 94' lang='lat'>.</span> <span class='ocrx_word' id='word_1_205' title='bbox 712 3651 719 3666; x_wconf 92' lang='lat'><strong>.</strong></span> <span class='ocrx_word' id='word_1_206' title='bbox 751 3622 889 3686; x_wconf 90' lang='lat' dir='ltr'>quarum</span> <span class='ocrx_word' id='word_1_207' title='bbox 929 3599 1059 3684; x_wconf 88' lang='lat' dir='ltr'>quidem</span> <span class='ocrx_word' id='word_1_208' title='bbox 1099 3599 1184 3664; x_wconf 86' lang='lat' dir='ltr'>litte-</span> 
     </span>
     <span class='ocr_line' id='line_1_26' title="bbox 59 3705 1183 3791; baseline 0.004 -24"><span class='ocrx_word' id='word_1_209' title='bbox 59 3727 166 3770; x_wconf 89' lang='lat' dir='ltr'>rarum</span> <span class='ocrx_word' id='word_1_210' title='bbox 196 3711 290 3773; x_wconf 87' lang='lat' dir='ltr'>tenor</span> <span class='ocrx_word' id='word_1_211' title='bbox 321 3707 395 3773; x_wconf 88' lang='lat' dir='ltr'>talis</span> <span class='ocrx_word' id='word_1_212' title='bbox 413 3713 478 3774; x_wconf 90' lang='lat' dir='ltr'>est:</span> <span class='ocrx_word' id='word_1_213' title='bbox 495 3707 566 3774; x_wconf 88' lang='lat' dir='ltr'>Nos</span> <span class='ocrx_word' id='word_1_214' title='bbox 581 3707 728 3775; x_wconf 87' lang='lat' dir='ltr'>Karolus</span> <span class='ocrx_word' id='word_1_215' title='bbox 753 3729 811 3773; x_wconf 89' lang='lat' dir='ltr'>rex</span> <span class='ocrx_word' id='word_1_216' title='bbox 841 3758 848 3773; x_wconf 92' lang='lat'>.</span> <span class='ocrx_word' id='word_1_217' title='bbox 880 3757 887 3773; x_wconf 90' lang='lat'><strong>.</strong></span> <span class='ocrx_word' id='word_1_218' title='bbox 918 3705 1136 3791; x_wconf 88' lang='lat' dir='ltr'>significamus</span> <span class='ocrx_word' id='word_1_219' title='bbox 1153 3756 1183 3772; x_wconf 87' lang='lat'>..</span> 
     </span>
     <span class='ocr_line' id='line_1_27' title="bbox 59 3813 1183 3900; baseline 0.001 -22"><span class='ocrx_word' id='word_1_220' title='bbox 59 3813 144 3896; x_wconf 88' lang='lat' dir='ltr'>qnod</span> <span class='ocrx_word' id='word_1_221' title='bbox 158 3815 277 3881; x_wconf 83' lang='lat' dir='ltr'>Petrus</span> <span class='ocrx_word' id='word_1_222' title='bbox 294 3816 399 3882; x_wconf 87' lang='lat' dir='ltr'>dictus</span> <span class='ocrx_word' id='word_1_223' title='bbox 416 3815 548 3884; x_wconf 85' lang='lat' dir='ltr'>Oburba</span> <span class='ocrx_word' id='word_1_224' title='bbox 562 3816 650 3882; x_wconf 90' lang='lat' dir='ltr'>filius</span> <span class='ocrx_word' id='word_1_225' title='bbox 666 3817 813 3900; x_wconf 85' lang='lat' dir='ltr'>magistri</span> <span class='ocrx_word' id='word_1_226' title='bbox 831 3813 941 3900; x_wconf 79' lang='lat' dir='ltr'>Synlra</span> <span class='ocrx_word' id='word_1_227' title='bbox 966 3835 1074 3880; x_wconf 89' lang='lat' dir='ltr'>coram</span> <span class='ocrx_word' id='word_1_228' title='bbox 1091 3814 1183 3879; x_wconf 88' lang='lat' dir='ltr'>nobis</span> 
     </span>
     <span class='ocr_line' id='line_1_28' title="bbox 59 3922 1181 4009; baseline 0 -23"><span class='ocrx_word' id='word_1_229' title='bbox 59 3924 268 4004; x_wconf 85' lang='lat' dir='ltr'>personaliter</span> <span class='ocrx_word' id='word_1_230' title='bbox 294 3926 491 3991; x_wconf 88' lang='lat' dir='ltr'>constitutus</span> <span class='ocrx_word' id='word_1_231' title='bbox 508 3925 669 4009; x_wconf 91' lang='lat' dir='ltr'>quandam</span> <span class='ocrx_word' id='word_1_232' title='bbox 686 3931 806 3990; x_wconf 88' lang='lat' dir='ltr'>terram</span> <span class='ocrx_word' id='word_1_233' title='bbox 823 3945 912 3988; x_wconf 89' lang='lat' dir='ltr'>suam</span> <span class='ocrx_word' id='word_1_234' title='bbox 938 3944 995 3988; x_wconf 93' lang='lat' dir='ltr'>seu</span> <span class='ocrx_word' id='word_1_235' title='bbox 1010 3922 1181 4006; x_wconf 88' lang='lat' dir='ltr'>possessio·</span> 
     </span>
     <span class='ocr_line' id='line_1_29' title="bbox 59 4030 1182 4118; baseline 0 -25"><span class='ocrx_word' id='word_1_236' title='bbox 59 4051 128 4094; x_wconf 90' lang='lat' dir='ltr'>nem</span> <span class='ocrx_word' id='word_1_237' title='bbox 145 4030 298 4117; x_wconf 88' lang='lat' dir='ltr'>Hasaagh</span> <span class='ocrx_word' id='word_1_238' title='bbox 329 4039 475 4098; x_wconf 80' lang='lat' dir='ltr'>vocatam</span> <span class='ocrx_word' id='word_1_239' title='bbox 501 4038 537 4100; x_wconf 85' lang='lat' dir='ltr'>ia</span> <span class='ocrx_word' id='word_1_240' title='bbox 563 4038 717 4100; x_wconf 84' lang='lat' dir='ltr'>comitutu</span> <span class='ocrx_word' id='word_1_241' title='bbox 748 4033 965 4118; x_wconf 78' lang='lat' dir='ltr'>Saroauyrear</span> <span class='ocrx_word' id='word_1_242' title='bbox 992 4031 1182 4095; x_wconf 87' lang='lat' dir='ltr'>existentem</span> 
     </span>
     <span class='ocr_line' id='line_1_30' title="bbox 56 4135 1184 4224; baseline 0.002 -24"><span class='ocrx_word' id='word_1_243' title='bbox 56 4145 185 4222; x_wconf 88' lang='lat' dir='ltr'>propter</span> <span class='ocrx_word' id='word_1_244' title='bbox 209 4141 517 4224; x_wconf 72' lang='lat' dir='ltr'>consangninitatem</span> <span class='ocrx_word' id='word_1_245' title='bbox 542 4147 575 4206; x_wconf 90' lang='lat' dir='ltr'>et</span> <span class='ocrx_word' id='word_1_246' title='bbox 605 4139 691 4205; x_wconf 90' lang='lat' dir='ltr'>fideli</span> <span class='ocrx_word' id='word_1_247' title='bbox 723 4138 925 4204; x_wconf 82' lang='lat' dir='ltr'>fraternitate</span> <span class='ocrx_word' id='word_1_248' title='bbox 957 4137 1084 4202; x_wconf 90' lang='lat' dir='ltr'>Petbeu</span> <span class='ocrx_word' id='word_1_249' title='bbox 1124 4135 1184 4202; x_wconf 93' lang='lat' dir='ltr'>filii</span> 
     </span>
     <span class='ocr_line' id='line_1_31' title="bbox 58 4241 1184 4334; baseline -0.002 -24"><span class='ocrx_word' id='word_1_250' title='bbox 58 4244 166 4330; x_wconf 81' lang='lat' dir='ltr'>Synka</span> <span class='ocrx_word' id='word_1_251' title='bbox 180 4249 320 4332; x_wconf 85' lang='lat' dir='ltr'>proximi</span> <span class='ocrx_word' id='word_1_252' title='bbox 346 4249 397 4313; x_wconf 89' lang='lat' dir='ltr'>sui</span> <span class='ocrx_word' id='word_1_253' title='bbox 421 4257 521 4333; x_wconf 88' lang='lat' dir='ltr'>prout</span> <span class='ocrx_word' id='word_1_254' title='bbox 545 4254 637 4334; x_wconf 90' lang='lat' dir='ltr'>pater</span> <span class='ocrx_word' id='word_1_255' title='bbox 662 4247 764 4332; x_wconf 90' lang='lat' dir='ltr'>ipsius</span> <span class='ocrx_word' id='word_1_256' title='bbox 794 4246 887 4310; x_wconf 89' lang='lat' dir='ltr'>Petri</span> <span class='ocrx_word' id='word_1_257' title='bbox 902 4244 1057 4329; x_wconf 87' lang='lat' dir='ltr'>magister</span> <span class='ocrx_word' id='word_1_258' title='bbox 1073 4241 1184 4327; x_wconf 80' lang='lat' dir='ltr'>Synlra</span> 
     </span>
     <span class='ocr_line' id='line_1_32' title="bbox 60 4349 1187 4440; baseline -0.004 -22"><span class='ocrx_word' id='word_1_259' title='bbox 60 4353 237 4422; x_wconf 88' lang='lat' dir='ltr'>antedictus</span> <span class='ocrx_word' id='word_1_260' title='bbox 268 4355 485 4422; x_wconf 87' lang='lat' dir='ltr'>mediantibus</span> <span class='ocrx_word' id='word_1_261' title='bbox 502 4357 620 4422; x_wconf 88' lang='lat' dir='ltr'>litteris</span> <span class='ocrx_word' id='word_1_262' title='bbox 646 4355 780 4440; x_wconf 89' lang='lat' dir='ltr'>capituli</span> <span class='ocrx_word' id='word_1_263' title='bbox 812 4351 942 4418; x_wconf 86' lang='lat' dir='ltr'>ecclesie</span> <span class='ocrx_word' id='word_1_264' title='bbox 967 4349 1187 4435; x_wconf 82' lang='lat' dir='ltr'>Scepusiensis</span> 
     </span>
     <span class='ocr_line' id='line_1_33' title="bbox 61 4456 1254 4542; baseline -0.004 -17"><span class='ocrx_word' id='word_1_265' title='bbox 61 4461 164 4527; x_wconf 87' lang='lat' dir='ltr'>eidem</span> <span class='ocrx_word' id='word_1_266' title='bbox 180 4461 307 4529; x_wconf 87' lang='lat' dir='ltr'>Petbeu</span> <span class='ocrx_word' id='word_1_267' title='bbox 323 4463 506 4530; x_wconf 89' lang='lat' dir='ltr'>contulerat</span> <span class='ocrx_word' id='word_1_268' title='bbox 521 4463 610 4530; x_wconf 86' lang='lat' dir='ltr'>dedit</span> <span class='ocrx_word' id='word_1_269' title='bbox 627 4469 660 4528; x_wconf 90' lang='lat' dir='ltr'>et</span> <span class='ocrx_word' id='word_1_270' title='bbox 685 4461 824 4529; x_wconf 90' lang='lat' dir='ltr'>contulit</span> <span class='ocrx_word' id='word_1_271' title='bbox 848 4481 885 4526; x_wconf 90' lang='lat' dir='ltr'>ac</span> <span class='ocrx_word' id='word_1_272' title='bbox 901 4458 1032 4524; x_wconf 85' lang='lat' dir='ltr'>donavit</span> <span class='ocrx_word' id='word_1_273' title='bbox 1047 4458 1109 4542; x_wconf 88' lang='lat' dir='ltr'>ipsi</span> <span class='ocrx_word' id='word_1_274' title='bbox 1125 4456 1186 4520; x_wconf 92' lang='lat' dir='ltr'>Pe·</span> <span class='ocrx_word' id='word_1_275' title='bbox 1253 4491 1254 4494; x_wconf 17' lang='grc' dir='ltr'>π</span> 
     </span>
     <span class='ocr_line' id='line_1_34' title="bbox 60 4565 1189 4660; baseline -0.007 -24"><span class='ocrx_word' id='word_1_276' title='bbox 60 4571 138 4636; x_wconf 86' lang='lat' dir='ltr'>then</span> <span class='ocrx_word' id='word_1_277' title='bbox 154 4621 162 4639; x_wconf 91' lang='lat'><strong>.</strong></span> <span class='ocrx_word' id='word_1_278' title='bbox 178 4623 185 4639; x_wconf 93' lang='lat'><strong>.</strong></span> <span class='ocrx_word' id='word_1_279' title='bbox 201 4573 272 4639; x_wconf 90' lang='lat' dir='ltr'>iure</span> <span class='ocrx_word' id='word_1_280' title='bbox 298 4581 457 4660; x_wconf 85' lang='lat' dir='ltr'>perpetuo</span> <span class='ocrx_word' id='word_1_281' title='bbox 483 4574 711 4660; x_wconf 87' lang='lat' dir='ltr'>possidendam</span> <span class='ocrx_word' id='word_1_282' title='bbox 729 4623 736 4640; x_wconf 89' lang='lat'><strong>.</strong></span> <span class='ocrx_word' id='word_1_283' title='bbox 754 4623 760 4638; x_wconf 94' lang='lat'>.</span> <span class='ocrx_word' id='word_1_284' title='bbox 777 4571 838 4638; x_wconf 89' lang='lat' dir='ltr'>sub</span> <span class='ocrx_word' id='word_1_285' title='bbox 870 4568 1013 4652; x_wconf 89' lang='lat' dir='ltr'>antiquis</span> <span class='ocrx_word' id='word_1_286' title='bbox 1036 4565 1131 4630; x_wconf 88' lang='lat' dir='ltr'>metis</span> <span class='ocrx_word' id='word_1_287' title='bbox 1155 4566 1189 4628; x_wconf 91' lang='lat' dir='ltr'>et</span> 
     </span>
     <span class='ocr_line' id='line_1_35' title="bbox 57 4670 1185 4769; baseline -0.004 -25"><span class='ocrx_word' id='word_1_288' title='bbox 57 4681 199 4748; x_wconf 89' lang='lat' dir='ltr'>terminis</span> <span class='ocrx_word' id='word_1_289' title='bbox 216 4702 254 4748; x_wconf 85' lang='lat' dir='ltr'>ex</span> <span class='ocrx_word' id='word_1_290' title='bbox 270 4684 609 4769; x_wconf 88' lang='lat' dir='ltr'>nostra-permissione.</span> <span class='ocrx_word' id='word_1_291' title='bbox 635 4682 759 4750; x_wconf 90' lang='lat' dir='ltr'>Datum</span> <span class='ocrx_word' id='word_1_292' title='bbox 780 4682 814 4746; x_wconf 90' lang='lat' dir='ltr'>in</span> <span class='ocrx_word' id='word_1_293' title='bbox 830 4677 1033 4745; x_wconf 82' lang='lat' dir='ltr'>Themeswar</span> <span class='ocrx_word' id='word_1_294' title='bbox 1049 4670 1185 4740; x_wconf 87' lang='lat' dir='ltr'>sabbato</span> 
     </span>
    </p>
   </div>
   <div class='ocr_carea' id='block_1_8' title="bbox 0 0 1590 5470">
    <p class='ocr_par' dir='ltr' id='par_1_8' title="bbox 0 0 1590 5470">
     <span class='ocr_line' id='line_1_36' title="bbox 0 0 1590 5470; baseline 0 0"><span class='ocrx_word' id='word_1_295' title='bbox 0 0 1590 5470; x_wconf 95' lang='lat' dir='ltr'> </span> 
     </span>
    </p>
   </div>
  </div>
 </body>
</html>
