3112 5466
510 464 604 530 1325.
627 483 728 530 naar.
748 468 800 530 30.
1167 466 1229 530 187

108 649 141 708 ut
156 643 181 708 si
196 662 349 726 processu
364 646 518 729 temporis
533 646 663 712 racione
688 646 774 712 dicte
799 645 1009 729 possessionis
1034 645 1095 728 ipsi
1121 649 1153 708 et
1178 645 1229 710 sui

107 773 299 819 successores
324 775 382 836 per
406 755 576 838 quospiam
607 755 861 820 molestarentur
886 776 943 820 seu
967 753 1229 836 inquietarentur

107 862 170 944 ipse
186 866 218 926 et
234 865 285 927 sui
300 862 435 928 heredes
452 885 580 947 semper
595 869 627 929 et
644 863 766 948 ubique
791 864 877 948 ipsos
894 869 1053 928 eteorum
1070 883 1228 927 successo-

106 991 153 1034 res
172 971 310 1054 propriis
336 992 447 1036 eorum
470 971 637 1038 laboribus
654 977 687 1037 et
703 973 851 1056 expensis
876 971 1014 1036 liberare
1030 976 1064 1036 et
1080 969 1231 1052 expedire

107 1083 307 1159 tenerentur;
336 1101 475 1164 cumque
500 1085 610 1146 autem
635 1085 834 1146 memoratus
859 1083 1015 1166 magister
1039 1078 1170 1143 Blasius
1194 1080 1232 1141 ut

107 1185 298 1268 prediximus
322 1189 358 1252 iu
383 1209 442 1254 sua
467 1193 501 1254 et
524 1186 747 1272 predictorum
773 1186 913 1254 fratrum
938 1209 1070 1252 suorum
1094 1205 1232 1272 persona

107 1293 244 1377 legitime
261 1295 476 1379 comparando
492 1297 711 1362 instrumenta
721 1317 860 1380 quorum
870 1295 986 1361 robore
996 1297 1066 1379 ipsa
1076 1295 1232 1378 possessio

106 1401 377 1490 Harnadnympty
401 1402 527 1488 prefato
551 1403 662 1489 Erney
685 1403 771 1470 bauo
796 1404 882 1487 patri
909 1403 1048 1488 predicti
1074 1401 1233 1486 Stephani

107 1509 310 1592 aquisioionis
320 1511 418 1578 titulo
428 1513 622 1596 pertinuisse
632 1512 859 1594 dignosscatur
869 1511 1012 1576 exhiberi
1023 1516 1081 1574 aut
1091 1511 1233 1593 aliquem

107 1615 152 1680 rel
167 1617 295 1700 aliquos
310 1617 351 1684 de
367 1621 432 1684 suis
449 1619 621 1686 heredibus
649 1619 889 1704 expedicionem
904 1620 939 1684 in
954 1618 1042 1684 facto
1059 1617 1145 1684 dicte
1162 1641 1233 1702 pos-

106 1726 250 1792 sessionis
264 1725 532 1815 Harnadnympti
547 1736 662 1796 vocate
678 1729 799 1796 eisdem
812 1727 919 1794 iacere
934 1729 1079 1794 valentes
1095 1727 1234 1792 statueri

106 1856 161 1919 per
176 1835 306 1902 eosdem
321 1835 593 1904 Bartholomeum
610 1843 643 1904 st
668 1837 873 1923 Stephanum
897 1829 1002 1902 nostri
1017 1838 1051 1901 in
1067 1837 1234 1920 presencia

106 1943 308 2027 postulasset,
324 1944 461 2028 predicti
487 1945 740 2012 Bartholomeus
756 1952 789 2012 et
805 1943 992 2030 Stephanus
1007 1966 1066 2011 uec
1083 1945 1171 2010 dicta
1186 1947 1234 2009 in·

107 2056 286 2117 strumenta
301 2052 452 2119 exhibere
468 2075 527 2119 nec
542 2055 609 2120 alia
623 2055 782 2121 litteralia
806 2055 1023 2120 instrumenta
1039 2053 1158 2120 habere
1175 2075 1234 2122 neo

108 2159 206 2223 eciam
222 2159 365 2244 aliquem
382 2162 433 2226 vel
458 2162 586 2246 aliquos
610 2164 644 2228 in
669 2162 757 2230 tacto
783 2163 869 2228 dicte
892 2163 1102 2248 possessionis
1127 2161 1233 2228 facere

107 2265 163 2332 sibi
179 2267 420 2350 expedicionem
436 2276 595 2352 queuntes
611 2273 708 2338 semel
733 2270 873 2338 secundo
900 2277 933 2338 et
957 2271 1059 2336 tercio
1084 2289 1117 2334 se
1141 2291 1234 2353 posse

107 2379 249 2439 statuere
274 2371 479 2459 allegarunt3
510 2399 621 2444 rerum
653 2381 731 2464 quia
755 2379 894 2464 predicti
924 2377 1176 2444 Bartholomeus
1201 2383 1234 2442 et

56 2539 60 2544 .
108 2479 289 2566 Stephanus
304 2482 391 2550 filius
406 2485 530 2551 Thomu
551 2508 611 2554 nec
635 2489 850 2554 instrumenta
875 2509 1013 2572 quorum
1038 2487 1147 2568 rigore
1163 2487 1234 2569 ipsa

106 2592 261 2675 possessio
285 2613 344 2676 per
367 2594 472 2677 ipsum
492 2594 604 2680 Emey
630 2597 795 2681 quondam
818 2597 941 2662 banum
966 2596 1110 2679 aquisita
1134 2593 1233 2662 fuisse

106 2699 288 2766 declaretur
302 2722 395 2784 posse
411 2703 561 2769 exhibere
577 2725 636 2770 nec
652 2706 753 2772 eciam
770 2705 836 2770 alia
850 2705 1065 2769 instrumenta
1087 2703 1121 2767 iu
1146 2701 1233 2768 facto

106 2808 188 2874 dicte
203 2810 414 2893 possessionis
431 2810 579 2878 confecta
595 2833 628 2877 se
643 2812 764 2878 habere
779 2813 964 2896 allegarunt
983 2833 1042 2878 nec
1058 2811 1159 2876 eciam
1175 2810 1232 2875 ali·

107 2939 198 3000 quem
214 2917 268 2981 vel
284 2917 411 3000 aliquos
426 2918 466 2983 dc
481 2919 653 2985 heredibus
680 2923 714 2986 et
738 2919 974 2986 successoribus
999 2919 1099 3002 ipsius
1123 2916 1234 3002 Eruey

107 3024 181 3090 bani
196 3033 231 3092 ct
247 3025 408 3112 Stephani
423 3026 483 3093 filii
499 3028 549 3093 sui
565 3049 604 3092 ao
619 3028 840 3112 proximorum
857 3049 989 3094 suorum
1005 3027 1048 3092 ad
1064 3025 1233 3108 expedien-

108 3132 181 3199 dum
196 3136 302 3219 ipsam
316 3137 550 3218 possessionem
565 3135 607 3201 ad
625 3137 872 3220 inquisicionem
896 3142 1041 3202 nostram
1066 3141 1159 3201 terno
1175 3157 1233 3200 nu·

106 3264 191 3307 mero
207 3241 331 3308 factam
346 3249 490 3311 statuere
514 3249 765 3329 assumpserunt
790 3245 979 3311 iamdictam
1002 3245 1234 3329 possessionem

105 3349 378 3438 Hemadnpmpty
403 3352 444 3418 ab
469 3353 546 3436 ipsis
576 3352 811 3419 Bartholomeo
836 3351 904 3419 filio
930 3353 1078 3418 Ladislai
1104 3359 1137 3417 et
1162 3351 1233 3417 Ste-

106 3458 211 3542 phano
242 3459 311 3527 filio
336 3459 460 3528 Thome
492 3483 530 3528 ao
564 3483 674 3528 eorum
706 3463 860 3547 proximis
885 3461 1061 3528 auferendo
1086 3460 1234 3528 omnibus

105 3567 329 3635 instrumentis
355 3589 465 3637 eorum
489 3569 688 3636 litterahbus
714 3571 849 3636 cassatis
874 3576 907 3636 et
931 3570 1115 3653 ubicunque
1140 3575 1174 3634 et
1198 3569 1232 3634 in

106 3676 324 3760 cmuscunque
339 3677 454 3744 iudicis
471 3678 639 3762 presencia
658 3677 888 3743 exhiberentur
911 3677 1034 3743 friuolis
1059 3677 1149 3742 vanis
1166 3699 1233 3742 cas·

106 3785 182 3850 satis
199 3791 234 3850 et
250 3787 351 3852 irritis
367 3788 401 3852 in
416 3785 503 3853 facto
529 3787 615 3853 dicte
640 3788 849 3872 possessionis
865 3774 1007 3870 redditis,
1036 3788 1233 3852 auctoritate

105 3897 306 3974 presencium
322 3896 387 3961 iam
402 3896 577 3961 nominatis
603 3897 767 3981 magistris
792 3895 905 3962 Blasio
931 3902 964 3960 et
987 3894 1134 3961 Johauni
1158 3894 1233 3959 filiis

106 4000 236 4068 Nicolai
253 4003 292 4068 de
307 4001 410 4089 Fany,
426 4003 537 4069 Petew
554 4009 587 4069 et
601 4004 737 4070 Matheo
746 4003 821 4070 filiis
830 4005 923 4070 Petri
933 4005 973 4069 de
982 4002 1079 4068 Pank
1094 4053 1101 4068 .
1118 4051 1124 4068 .
1142 4003 1233 4068 iuxta

105 4111 227 4194 rugiam
244 4113 454 4178 collacionem
470 4111 592 4178 dietam
607 4115 840 4198 possessionem
850 4112 1124 4198 Harnadnympty
1141 4133 1233 4177 roca-

106 4223 170 4284 tam
185 4219 361 4284 iudiciaria
384 4225 545 4304 potestate
562 4271 569 4286 .
586 4271 593 4286 .
610 4221 863 4287 adiudicauimus
888 4227 1045 4306 perpetuo
1070 4220 1233 4303 possiden-

105 4327 177 4393 dam
194 4379 201 4393 .
218 4377 226 4392 .
243 4327 368 4394 Datum
393 4329 426 4394 in
445 4327 625 4414 Vysegrad,
652 4337 770 4413 quarto
797 4331 848 4395 die
875 4330 1110 4414 quindenarum
1136 4329 1234 4394 medii

105 4435 368 4520 Quadragesime,
385 4459 469 4504 anno
486 4438 644 4504 dominice
659 4439 893 4504 incarnacionis
918 4438 1094 4504 Millesimo
1111 4441 1233 4503 trecen-

104 4547 216 4611 tesimo
233 4546 388 4630 vigesimo
404 4547 528 4630 quinto.
