3172 5462
592 431 685 496 1324.
701 452 769 496 suu.
788 431 815 495 5.
1207 430 1268 492 145

135 606 246 672 latera
263 627 374 672 eorum
391 610 530 674 excrucii
556 606 639 696 (igy)
664 610 861 692 faceremus;
888 608 1002 675 damus
1026 630 1084 692 pro
1108 609 1272 690 memoris,

136 714 225 798 quod
244 716 359 798 quinta
379 715 462 782 feria
476 718 623 800 proxima
640 725 716 784 anto
736 718 853 783 festum
864 715 1099 782 Pentheoostes
1115 714 1272 781 Nicolaus

137 828 173 887 et
187 821 212 887 J
213 822 358 889 ohannes
374 823 433 888 filii
447 823 545 890 Pauli
561 827 600 892 de
615 825 714 911 Ayka
737 831 850 892 contra
866 827 1056 910 magistrum
1074 824 1272 890 Laurentem

137 931 305 998 debebant
335 933 521 999 satisfacere
546 935 586 1000 de
610 935 728 1001 iudicio
754 957 874 1019 eorum,
898 941 996 1019 prout
1022 935 1273 1001 calumniatores

136 1042 319 1106 extiterant
335 1043 399 1106 sive
416 1051 647 1127 remanserant,
663 1045 732 1128 ipso
748 1065 823 1110 vero
840 1044 892 1110 die
909 1044 1100 1109 adveniente
1117 1042 1273 1124 magister

138 1148 306 1214 Laurente
323 1170 431 1216 coram
447 1151 541 1216 nobis
558 1153 739 1234 comparuit
754 1159 791 1217 ut
807 1152 956 1234 debebat,
972 1151 1130 1216 Nicolaus
1146 1171 1221 1214 vero
1239 1157 1272 1214 et

137 1255 312 1322 Johaunes
337 1259 491 1342 sepedicti
516 1280 620 1345 neque
635 1267 792 1326 venerunt
807 1282 911 1345 neque
930 1263 1088 1325 miserunt
1112 1279 1216 1340 noque
1232 1256 1272 1320 de

137 1365 270 1430 iudiciis
286 1367 430 1450 ipsorum
445 1367 683 1452 satisfecerunt,
706 1391 764 1434 nos
781 1391 855 1434 vero
881 1370 1009 1434 eosdem
1033 1370 1067 1432 in
1092 1367 1154 1432 hac
1178 1371 1273 1449 parte

137 1479 310 1556 tamquam
326 1475 575 1541 calumniatores
599 1477 787 1561 reliquimus
811 1479 1010 1543 remansisse.
1035 1475 1160 1540 Datum
1187 1494 1273 1540 anno

139 1581 266 1648 domini
282 1582 336 1647 Μο
352 1581 452 1650 0000
468 1583 560 1650 XX⁰
579 1588 690 1652 toreio

251 1690 322 1758 Nos
347 1713 453 1758 comes
478 1693 562 1760 Bors
579 1699 612 1760 et
627 1695 718 1761 Beke
734 1695 857 1760 iudices
881 1693 1039 1760 nobilium
1065 1691 1207 1758 eiusdem
1223 1711 1275 1756 co·

139 1801 278 1866 mitatus
304 1801 416 1866 damus
432 1824 492 1887 pro
509 1805 671 1887 memoria,
688 1803 775 1887 quod
796 1804 912 1888 quinta
937 1801 1018 1867 teria
1042 1802 1188 1886 proxima
1203 1803 1277 1883 post

140 1909 326 1994 quindenas
341 1908 428 1976 beati
446 1909 581 1995 Georgii
596 1913 739 1977 martiris
764 1913 918 1995 magister
937 1909 1103 1976 Martinus
1130 1907 1276 1974 exhibuit

138 2019 237 2084 nobis
269 2019 382 2084 literas
408 2019 530 2085 domini
554 2022 640 2104 regis
656 2042 753 2104 super
769 2041 815 2103 eo,
832 2020 918 2103 quod
944 2041 1052 2084 omnes
1077 2019 1133 2102 qui
1158 2019 1191 2081 in
1207 2016 1278 2080 uni-

138 2129 244 2192 versis
261 2127 388 2193 iudiciis
408 2129 640 2193 remansissent
665 2135 698 2193 et
723 2129 936 2212 possessiones
962 2147 1073 2192 eorum
1098 2145 1277 2208 aggravare

139 2235 367 2318 permisissent
383 2241 417 2300 et
432 2236 617 2318 specialiter
633 2235 791 2301 Nicolaus
808 2241 841 2300 et
855 2233 881 2300 J
883 2234 1026 2300 ohannes
1048 2231 1107 2298 filii
1122 2231 1220 2296 Pauli
1238 2231 1277 2295 de

139 2341 252 2427 Aylra,
269 2343 356 2426 quod
372 2364 430 2426 per
445 2343 517 2410 fora
532 2344 664 2428 publica
688 2344 882 2428 proclamari
907 2341 1095 2424 faceremus,
1120 2361 1178 2404 nos
1203 2361 1278 2404 vero

140 2473 202 2534 pro
220 2452 364 2517 secundo
381 2458 413 2517 et
429 2453 529 2517 tercio
545 2474 604 2536 per
619 2454 769 2519 universa
784 2452 856 2518 fora
874 2449 1069 2534 proclamari
1085 2447 1228 2530 fecimus,
1246 2452 1280 2513 vt

141 2560 186 2626 ad
202 2561 440 2644 possessionem
456 2582 567 2627 eorum
587 2561 730 2626 redirent
746 2565 779 2625 et
794 2559 921 2625 iudiciis
946 2559 1088 2654 ipsorum
1114 2555 1280 2620 satisface-

141 2676 228 2753 rent,
245 2671 377 2754 insuper
393 2673 493 2736 eciam
510 2669 630 2735 eisdem
647 2677 719 2736 octo
740 2669 807 2734 dies
832 2667 1024 2748 addidimus,
1050 2667 1105 2748 qui
1130 2663 1281 2728 similiter

141 2799 254 2862 neque
269 2786 427 2844 venerunt
443 2800 548 2863 neque
563 2779 739 2860 miserunt3
763 2783 838 2861 post
862 2776 923 2841 hoo
947 2795 1021 2840 voro
1047 2795 1112 2838 uua
1129 2795 1201 2839 oum
1224 2772 1281 2838 ho·

141 2890 231 2952 mine
250 2887 372 2954 domini
388 2888 474 2972 regis
490 2887 645 2953 Ladislso
661 2885 728 2953 filio
745 2884 855 2971 Gyula
881 2891 914 2950 et
940 2886 1096 2952 Miclteele
1113 2885 1280 2971 preposito

142 2999 180 3062 de
198 2999 314 3083 Myrice
339 2995 468 3060 homine
494 2995 629 3080 capituli
660 2993 793 3059 ecclesie
819 2991 1072 3076 vesprimiensis
1097 2989 1139 3055 ad
1164 2988 1280 3054 faeiem

142 3110 235 3169 terre
252 3104 443 3169 accedentes
468 3110 588 3170 terram
605 3104 669 3168 sive
685 3102 916 3186 possessionem
933 3098 1193 3182 supradictorum
1216 3119 1282 3163 una

143 3233 218 3279 oum
247 3213 399 3295 porcione
415 3212 530 3278 iudicis
546 3212 719 3278 statuimus
751 3210 905 3292 magistro
931 3209 1095 3272 Leuronte
1113 3205 1278 3290 sepedicto
1346 3295 1347 3300 γ

142 3321 276 3388 Datum
301 3324 417 3407 quinta
432 3320 513 3386 seria
529 3321 677 3404 proxima
692 3324 765 3403 post
782 3324 912 3384 octavas
930 3317 1019 3383 beati
1035 3316 1060 3382 J
1061 3316 1197 3381 ohannis
1214 3313 1279 3379 Ba·

142 3436 257 3519 ptiste,
284 3453 370 3500 anno
386 3433 508 3499 domini
524 3431 579 3498 Μ0
595 3428 696 3498 0000
712 3427 804 3494 XX⁰
823 3434 948 3512 quarto.

259 3596 411 3662 Hdtlapjztn
424 3596 472 3646 ket
485 3592 680 3660 gyara-penset
689 3593 861 3658 nyomsire13
876 3590 1008 3656 credetije
1018 3606 1034 3640 a
1044 3587 1152 3640 Sandor
1162 3601 1197 3638 os.
1208 3587 1282 3650 lban,

142 3706 159 3741 a
174 3689 276 3753 ThaIy
290 3687 438 3738 cealadnal.
452 3687 551 3738 Kozli:
571 3685 679 3738 Koraos
692 3684 815 3735 Nandor.

195 4759 358 4802 asrousom
374 4746 538 4796 oraturum
554 4759 582 4796 11.
599 4747 661 4794 utu.
