3152 5472
578 512 672 574 1332.
690 526 765 574 suo.
783 514 811 575 6.
1185 515 1249 579 619

124 690 219 776 Fony
234 711 293 776 pro
305 689 544 775 quinquaginta
559 690 677 756 marcis
693 690 788 776 plene
797 689 980 776 persolutis,
990 691 1121 776 insuper
1131 691 1254 777 obliga-

123 800 169 866 rit
184 821 218 866 se
236 799 343 866 dictus
358 797 477 866 Almus
494 801 671 885 prelibatos
687 799 836 868 Blasium
853 803 886 866 et
901 798 927 865 J
928 801 1086 867 ohannem
1102 801 1144 868 ab
1154 803 1253 868 omni-

123 908 183 974 bus
199 909 330 975 racione
346 909 557 992 possessionis
568 914 602 975 et
611 909 772 994 particule
783 915 870 976 terre
879 913 1122 995 prenotatarum
1132 912 1254 996 inquie-

125 1023 195 1084 tare
217 1017 396 1083 nitentibus
421 1015 600 1102 defendere,
625 1018 738 1084 literas
764 1020 863 1085 eciam
888 1019 1054 1086 universas
1080 1041 1143 1105 que
1159 1041 1255 1104 super

126 1123 212 1192 lacto
232 1125 390 1192 dictarum
406 1126 617 1210 possessionis
633 1131 666 1192 et
681 1126 840 1211 particule
856 1130 942 1192 terre
967 1125 1074 1193 forent
1105 1133 1255 1194 emanata
1350 1181 1354 1190 ,

125 1241 156 1300 et
173 1219 255 1318 quas
270 1233 333 1318 ipsi
349 1255 436 1299 nunc
450 1234 609 1300 haberent
624 1234 710 1300 idem
723 1231 843 1300 Almus
854 1235 1003 1302 similiter
1019 1285 1025 1302 .
1043 1286 1049 1302 .
1067 1241 1206 1302 cassatas
1223 1241 1256 1302 et

123 1341 255 1408 frivolas
271 1342 404 1425 reliquit
420 1392 426 1408 .
444 1391 450 1408 .
466 1343 514 1408 ita
528 1338 679 1408 videlicet
690 1343 778 1427 quod
793 1344 978 1428 ubicunque
989 1345 1098 1410 eedem
1117 1345 1212 1410 litere
1231 1394 1256 1410 ..

124 1451 157 1514 in
173 1449 280 1516 lucem
295 1456 561 1534 presentarentur
576 1452 660 1517 vires
676 1472 740 1517 non
764 1451 923 1517 haberent
947 1457 980 1518 et
1004 1454 1067 1536 ipsi
1098 1459 1255 1538 tanquam

123 1559 156 1623 in
173 1558 282 1624 duello
299 1559 544 1625 succumberent
561 1580 597 1624 eo
614 1558 720 1642 iacto;
738 1581 849 1625 cursus
866 1564 975 1625 autem
984 1565 1145 1626 metarum
1155 1561 1256 1644 ipsius

123 1668 333 1752 possessionis
348 1667 436 1733 Bold
451 1671 484 1733 et
498 1667 623 1751 prefate
639 1669 798 1751 particule
814 1675 901 1734 terre
920 1675 1017 1753 prout
1036 1669 1121 1735 idem
1136 1669 1256 1736 Almus

124 1776 217 1842 nobis
234 1775 350 1842 retulit
360 1776 477 1841 taliter
501 1776 717 1860 egrederetur,
744 1777 831 1862 quod
855 1779 960 1861 prima
984 1783 1071 1844 meta
1094 1779 1208 1864 incipit
1238 1800 1257 1843 a

122 1889 216 1968 parte
233 1881 361 1949 Emeud
378 1905 398 1948 a
414 1883 515 1968 plaga
531 1884 725 1950 occidentali
750 1885 783 1949 in
809 1885 951 1969 quadam
976 1885 1061 1951 valle
1091 1883 1257 1952 Wstaras·

123 1995 229 2080 welgh
243 1999 357 2060 vocate
372 1994 427 2059 ubi
444 2001 519 2060 sunt
535 1995 598 2060 due
613 2001 699 2063 mete
714 2002 821 2062 terreo
832 1996 871 2062 de
882 1996 1000 2081 quibus
1010 2017 1120 2062 versus
1130 2003 1257 2082 partem

125 2099 315 2170 orientalem
332 2103 455 2170 directe
471 2104 673 2188 procedendo
691 2106 779 2170 venit
795 2105 837 2172 ad
851 2105 1016 2190 publicam
1032 2112 1169 2173 stratam
1195 2127 1256 2190 que

125 2213 164 2278 de
180 2211 350 2297 Myscolch
375 2212 465 2278 ducit
479 2213 513 2278 in
530 2211 642 2280 Ohath
658 2215 748 2280 iuxta
765 2236 863 2298 quam
880 2219 929 2280 est
950 2235 1015 2279 una
1029 2220 1117 2280 meta
1140 2219 1257 2300 terrea,

126 2321 243 2387 deindo
259 2320 461 2405 procedendo
478 2322 519 2387 ad
536 2321 669 2388 eandem
685 2322 817 2408 plagam
833 2322 940 2407 iungit
964 2323 1062 2388 aliam
1085 2323 1170 2387 viam
1195 2343 1256 2406 que

125 2431 165 2495 de
181 2428 286 2513 Mohy
301 2427 391 2494 ducit
405 2429 440 2494 in
456 2429 591 2516 Emeud,
608 2430 725 2498 abhinc
739 2430 829 2496 vadit
844 2429 886 2496 ad
904 2429 1067 2515 quoddam
1083 2429 1182 2496 berch
1201 2429 1256 2496 ubi

124 2539 158 2604 in
175 2538 290 2605 sabulo
306 2540 436 2604 estune
452 2541 538 2605 meta
555 2543 670 2622 terrea,
686 2539 760 2605 inde
776 2537 880 2604 eundo
897 2537 940 2604 ad
965 2537 1098 2604 eandem
1123 2538 1253 2622 plagam

122 2668 225 2732 prope
242 2645 400 2730 quendam
417 2645 549 2713 fluvium
566 2646 734 2713 Beretbua
749 2650 900 2714 vocatum
911 2651 959 2712 est
970 2651 1256 2717 unametaterrea

127 2756 248 2823 abhinc
263 2742 460 2822 transeundo
480 2757 586 2841 ipsum
602 2753 734 2822 fluvium
749 2756 937 2840 pervenitur
954 2755 995 2820 ad
1010 2753 1143 2820 fluvium
1152 2753 1256 2820 Zemd

125 2869 160 2930 in
177 2866 270 2931 cuius
285 2865 432 2948 margine
447 2888 467 2930 a
483 2867 578 2949 parte
595 2865 788 2932 occidentali
805 2869 853 2930 est
879 2886 944 2930 una
968 2869 1056 2929 meta
1080 2868 1197 2948 terrea,
1223 2867 1257 2930 et

128 2973 244 3039 exhinc
260 2973 366 3039 eundo
383 2974 470 3038 venit
485 2973 526 3038 ad
553 2975 709 3058 angulum
734 2995 834 3039 unum
858 2972 996 3039 Nadzek
1020 2975 1170 3039 vocatum
1201 2972 1257 3040 ubi

124 3083 212 3150 circa
228 3086 304 3147 sunt
321 3081 383 3146 due
399 3085 484 3147 mete
500 3087 614 3166 terres,
632 3083 750 3148 abhinc
776 3081 863 3147 cadit
888 3083 922 3148 in
946 3081 1079 3149 fluvium
1104 3080 1199 3170 Heyo
1225 3089 1258 3148 et

123 3189 216 3255 vadit
245 3188 337 3256 inira
359 3211 470 3256 versus
500 3189 669 3256 meridiem
699 3190 743 3256 ad
766 3191 873 3256 locum
897 3191 954 3256 ubi
985 3191 1071 3257 circa
1101 3192 1258 3257 fossatum

124 3297 293 3364 cuiusdam
313 3297 491 3363 molendini
517 3304 565 3364 est
592 3320 658 3364 una
682 3302 768 3364 meta
792 3305 906 3384 terrea,
939 3299 1055 3365 deinde
1087 3299 1192 3365 eundo
1223 3299 1257 3363 in

123 3405 238 3472 eodem
253 3403 350 3471 fluvio
367 3405 462 3490 Heyo
479 3407 567 3471 venit
582 3407 624 3471 ad
640 3429 740 3471 unum
755 3411 889 3490 pontem
912 3413 944 3471 et
968 3407 1087 3472 abhinc
1110 3406 1257 3490 pervenit

124 3513 168 3580 ad
183 3513 292 3579 locum
306 3513 430 3578 Babaw
445 3535 533 3579 reme
550 3510 633 3600 (igy)
651 3518 801 3580 vocatum
825 3513 882 3580 ubi
907 3516 1015 3598 iungit
1042 3520 1143 3579 metas
1169 3514 1255 3578 dicte

124 3622 336 3707 possessionis
345 3620 631 3688 Nozkadherestur
641 3627 673 3686 et
682 3621 726 3686 ibi
737 3623 1139 3706 terminantur3presentes
1149 3627 1257 3686 autem

124 3732 367 3815 quamprimum
384 3731 426 3795 ad
441 3753 499 3796 nos
524 3735 687 3815 reportate
712 3730 833 3796 fuerint
858 3736 967 3796 nostro
995 3729 1256 3796 confirmabimus

124 3839 303 3924 privilegio.
319 3838 443 3904 Datum
459 3839 493 3904 in
510 3837 593 3904 festo
615 3837 703 3904 beati
720 3836 804 3905 sixti
829 3859 921 3922 pape,
946 3859 1031 3904 anno
1057 3836 1180 3904 domini
1203 3836 1258 3903 Μ0

125 3947 367 4014 Trecentesimo
376 3944 509 4013 ΧΧΧο
519 3945 672 4014 secundo.

233 4110 274 4161 Aa
288 4111 347 4176 egri
360 4110 551 4176 kdptalanuak
577 4111 711 4161 1414·ben
725 4124 788 4175 aug.
804 4111 867 4160 6-111
880 4111 946 4172 holt,
969 4109 1125 4161 Tamdsnsk
1148 4125 1165 4160 a
1178 4109 1254 4161 bold.

128 4202 242 4252 Szdzrdl
255 4205 383 4252 nevezett
395 4201 470 4251 laedi
481 4202 606 4251 holostor
618 4200 777 4265 ρει-1111611111
791 4201 900 4252 ktrttre
911 4201 1081 4252 kibocsatott
1094 4200 1253 4262 stirattbbl,
1335 4203 1338 4212 '

125 4293 256 4356 melynek
280 4291 411 4358 eredetije
436 4307 554 4357 megvau
576 4307 608 4341 az
622 4290 760 4341 eremitar
783 4291 883 4342 kincst.
909 4294 977 4342 oszt.
997 4291 1057 4342 Act.
1077 4291 1257 4341 Paulinorum

125 4383 159 4433 de
172 4381 242 4432 Led.
257 4386 280 4433 7.
296 4386 320 4432 2.
334 4383 400 4446 dipl.
415 4383 487 4433 lter:
502 4385 579 4432 2⁷44.
593 4381 693 4433 szli:
708 4381 814 4434 Kovtcs
827 4381 860 4432 N.

612 4615 773 4626 ...ι-..-
