3152 5472
334 455 398 522 590
685 461 874 523 lurcorum
890 449 1109 523 onnlurrln.

332 637 456 705 Kucbk
471 635 539 706 filio
556 659 614 706 suo
631 659 670 706 en
686 661 761 724 uua,
777 645 810 705 et
825 637 969 708 Michael
985 639 1011 708 J
1012 641 1155 708 ohannes
1171 661 1209 707 ac
1224 635 1378 708 Nicotaus
1394 632 1445 706 lilii

332 746 470 831 Mylan,
486 748 565 814 item
581 748 778 815 Benedictus
793 748 880 816 filius
897 748 1041 816 eiusdem
1057 747 1188 816 Nicolai
1205 757 1238 816 et
1255 751 1340 816 alter
1356 747 1447 814 Beue-

333 855 438 922 dictus
453 855 539 922 filius
555 856 690 922 Andree
706 859 772 924 iam
787 855 933 923 defuncti
949 857 1010 923 filii
1025 857 1177 924 videlicet
1202 859 1320 924 sororis
1343 856 1447 943 prefati

333 965 460 1030 comitis
477 963 614 1032 Omodei
630 965 754 1031 nobiles
771 965 810 1030 de
826 963 934 1031 Kalsa
949 972 1044 1051 parte
1060 964 1102 1032 ab
1118 967 1222 1032 altera
1248 987 1354 1032 corum
1368 965 1449 1031 nobis

334 1073 548 1156 personaliter
568 1073 738 1140 constituti
749 1074 910 1158 dixerunt,
921 1075 1009 1159 quod
1019 1097 1234 1161 cum..super
1244 1075 1329 1140 dicta
1338 1095 1449 1158 posses-

337 1181 425 1246 sione
449 1179 595 1246 Wechee
620 1203 658 1248 ac
684 1181 824 1266 quadem
849 1184 1012 1266 particula
1037 1191 1125 1250 terre
1150 1181 1260 1267 Galya
1283 1189 1385 1248 vocate
1411 1180 1450 1246 de

336 1290 449 1355 eadem
465 1291 667 1374 possessione
678 1289 823 1376 Weyche
837 1291 946 1357 decisa
964 1293 998 1357 in
1017 1293 1175 1358 comitatu
1185 1289 1449 1376 Abawyuariensi

336 1399 548 1465 existentibus
581 1399 623 1464 lis
657 1404 690 1465 et
725 1400 893 1466 contencio
927 1400 1011 1465 inter
1036 1407 1146 1484 partes
1170 1405 1262 1466 mota
1285 1398 1390 1464 fuisset
1412 1447 1450 1462 ..

334 1507 465 1574 taudem
481 1557 490 1576 .
507 1557 515 1573 .
530 1529 589 1592 per
607 1505 874 1574 reformacionem
895 1513 928 1574 et
954 1508 1221 1593 composicionem
1246 1507 1382 1572 virorum
1400 1525 1449 1569 uo·

334 1615 448 1681 bilium
464 1615 782 1702 comprovincialium
798 1638 929 1683 suorum
950 1667 981 1683 ..
1007 1618 1041 1682 in
1066 1617 1165 1682 talem
1191 1621 1348 1700 perpetue
1369 1613 1448 1697 pacis

334 1729 367 1789 et
383 1724 554 1794 concordie
571 1725 722 1790 unionem
739 1725 949 1809 devenissent,
967 1725 1055 1810 quod
1071 1725 1208 1810 predicti
1233 1745 1339 1790 comes
1362 1721 1448 1788 Omo

333 1830 412 1898 deus
429 1838 461 1898 et
477 1831 601 1898 Kucbk
610 1831 697 1898 filius
713 1854 790 1898 suus
806 1832 943 1898 eandem
958 1833 1152 1918 particulam
1169 1839 1257 1898 terre
1274 1829 1449 1916 Galyacuur

333 1939 481 2006 omnibus
496 1941 696 2006 utilitatibus
712 1990 719 2006 .
735 1991 742 2006 .
760 1941 877 2025 quibus
895 1942 997 2006 eciam
1013 1940 1092 2006 dicti
1117 1939 1176 2004 filii
1200 1938 1304 2023 Myko
1328 1937 1448 2003 eandem

332 2049 525 2133 particulam
541 2055 629 2115 terre
644 2050 795 2134 primitus
811 2050 1029 2134 possedissent
1044 2097 1051 2115 .
1069 2099 1076 2115 .
1102 2049 1198 2114 simul
1225 2069 1298 2113 cum
1324 2045 1449 2130 quadam

333 2157 400 2223 alia
418 2158 581 2242 particula
606 2164 693 2224 terre
718 2158 866 2223 similiter
892 2158 931 2223 de
957 2158 1070 2224 endem
1094 2156 1297 2242 possessione
1319 2153 1449 2238 Weycbe

333 2265 475 2332 decisam
492 2289 589 2351 quam
604 2289 663 2351 per
679 2266 906 2333 distincciones
916 2273 950 2332 et
960 2287 1073 2333 cursus
1088 2271 1250 2332 metarum
1265 2262 1449 2329 iniradecla-

334 2374 509 2440 randarum
530 2374 571 2440 ab
597 2375 668 2459 ipsa
687 2379 884 2460 possessione
895 2375 1041 2460 Weycbe
1052 2381 1257 2459 separassent
1266 2373 1449 2439 dedissent..

332 2485 498 2549 arruotatis
528 2482 694 2568 Mycbaeli
725 2483 873 2550 Jobanni
905 2483 1052 2568 Nycolao
1085 2481 1266 2548 Benedicto
1307 2487 1339 2546 et
1367 2477 1449 2544 alteri

334 2590 513 2658 Benedicto
530 2641 561 2658 ..
584 2593 655 2658 iure
680 2593 846 2676 perennali
862 2641 893 2658 ..
918 2591 1172 2658 irrevocabiliter
1197 2587 1402 2676 possidendas
1422 2631 1451 2650 ..

331 2698 459 2783 prefata
476 2700 677 2784 possessione
693 2695 839 2786 Weycbe
856 2701 1031 2768 cumomni
1047 2700 1236 2784 integritate
1253 2699 1304 2764 sui
1320 2698 1395 2764 iuris
1420 2694 1448 2758 in

332 2808 383 2872 ius
399 2812 432 2872 et
448 2808 680 2892 proprietatem
697 2809 871 2874 eorundem
887 2810 1014 2876 comitis
1035 2805 1173 2874 Omodei
1198 2813 1231 2872 et
1256 2805 1377 2872 Kuobk
1397 2800 1449 2866 filii

333 2916 384 2980 sui
400 2964 431 2980 ..
455 2915 603 2981 similiter
621 2917 842 3001 perennaliter
867 2923 900 2983 et
925 2916 1182 2984 irrevocabiliter
1197 2921 1397 2996 remanente;
1410 2911 1452 2975 in-

338 3045 435 3108 super
460 3024 648 3108 obligarunt
667 3046 701 3090 se
724 3025 877 3109 prelibati
903 3049 1008 3094 comes
1034 3023 1198 3092 Omodeus
1223 3032 1257 3091 et
1286 3021 1403 3090 Kucbk
1425 3067 1452 3083 ..

332 3129 496 3215 predictos
511 3129 595 3198 filios
611 3131 760 3217 Mychon
779 3139 812 3199 et
832 3132 1157 3200 Benedictumfilium
1167 3131 1302 3198 Nicolai
1313 3129 1451 3196 acBene-

334 3239 458 3306 dictum
472 3239 577 3306 filium
592 3239 726 3306 Andree
742 3291 749 3307 .
765 3291 773 3307 .
789 3240 830 3308 ab
847 3243 995 3310 omuibus
1020 3243 1149 3310 racione
1174 3241 1338 3308 dictarum
1361 3237 1451 3323 parti-

334 3347 482 3412 cularum
498 3351 586 3412 terre
610 3369 763 3433 processu
789 3352 943 3434 temporis
969 3351 1123 3435 impetere
1147 3347 1328 3414 nitentibus
1351 3343 1449 3411 deien-

333 3452 409 3520 dere
426 3505 433 3522 .
449 3505 457 3522 .
474 3455 561 3540 quod
577 3457 605 3522 si
621 3455 771 3540 expedire
787 3474 852 3523 non
876 3463 1031 3543 possent.
1048 3509 1055 3524 .
1073 3463 1193 3522 extunc
1207 3457 1334 3523 invisio
1344 3453 1452 3520 calum·

333 3562 385 3627 nie
402 3564 667 3630 convincerentur
683 3585 720 3631 eo
737 3563 825 3632 facto
842 3615 849 3631 .
866 3615 873 3632 .
889 3566 951 3632 hoc
982 3566 1165 3651 specialiter
1181 3565 1356 3643 declarato,
1374 3559 1452 3646 quod

333 3671 360 3736 ei
376 3670 455 3738 dicti
473 3670 533 3740 filii
558 3673 689 3759 Mykovv
708 3679 742 3740 et
765 3675 905 3759 proximi
931 3674 1116 3741 eorumdem
1140 3674 1293 3741 annotati
1308 3674 1342 3738 iu
1365 3669 1451 3737 dictis

333 3780 501 3862 particulis
532 3785 696 3846 terrarum
726 3780 823 3848 modo
853 3784 1010 3867 premisso
1051 3782 1169 3848 eisdem
1205 3781 1290 3847 datis
1324 3785 1357 3846 et
1389 3799 1452 3844 con-

334 3889 430 3954 cessis
446 3888 579 3972 pacifice
595 3911 660 3956 non
677 3895 943 3956 contentarentur
962 3899 995 3958 et
1010 3896 1124 3958 contra
1143 3889 1272 3956 eosdem
1282 3886 1449 3955 Omodeum

333 3995 484 4064 etlilium
500 4019 594 4064 suum
610 4049 617 4064 .
633 4049 640 4065 .
656 3999 787 4066 racione
804 4000 890 4065 dicte
905 4000 1115 4084 possessionis
1125 3997 1274 4082 Weycba
1285 4048 1292 4063 .
1302 4047 1310 4063 .
1320 3997 1451 4082 aliquam

333 4105 425 4172 litem
441 4107 645 4192 suscitarent,
662 4108 812 4173 similiter
828 4109 910 4174 vicio
921 4109 1007 4175 dicte
1024 4109 1183 4174 calumnie
1199 4106 1401 4174 subiacerent
1416 4124 1448 4168 eo

333 4214 420 4281 facto
437 4265 445 4281 .
462 4265 468 4282 .
484 4213 575 4280 Mete
591 4222 701 4281 autem
718 4216 803 4282 dicte
819 4217 977 4301 particule
993 4223 1080 4282 terre
1096 4216 1136 4281 de
1155 4215 1322 4301 sepedicta
1339 4233 1451 4298 posses·

333 4323 421 4388 sione
437 4321 583 4406 Weyohe
599 4323 705 4389 decise
722 4322 840 4409 quibus
852 4325 923 4407 ipsa
942 4324 983 4390 ab
1000 4323 1112 4390 eadem
1127 4325 1326 4409 possessione
1337 4341 1454 4405 separa·

334 4437 388 4496 tur
413 4437 446 4496 et
470 4431 658 4516 distingitur
681 4437 781 4518 prout
806 4431 916 4498 eedem
943 4439 1055 4518 partes
1079 4433 1172 4499 nobis
1196 4433 1378 4498 retulerunt
1399 4430 1455 4494 boc

335 4537 447 4604 ordine
463 4539 710 4624 protenduntur,
737 4540 826 4624 quod
841 4542 946 4624 prima
964 4547 1052 4606 meta
1076 4542 1191 4626 incipit
1216 4561 1275 4605 seu
1301 4538 1456 4622 egreditur

335 4667 354 4712 a
371 4645 458 4713 diota
474 4653 563 4714 terra
579 4646 686 4735 Galya
702 4671 722 4715 a
737 4653 831 4734 parte
848 4647 1050 4714 meridionali
1068 4647 1217 4715 videlicet
1232 4670 1252 4714 a
1270 4647 1363 4714 metis
1380 4655 1457 4710 terre
