3154 5474
554 521 648 595 1330.
668 547 737 597 irs.
755 523 806 596 93.
1186 529 1252 601 483

118 697 186 788 ipsi
203 703 362 791 magistro
378 701 534 791 Dyonisio
552 730 660 775 coram
677 710 805 776 homine
823 718 932 778 nostro
958 710 1000 780 ad
1024 712 1087 782 boc
1102 715 1256 802 deputato
1347 777 1350 784 r

112 815 227 896 ipsam
246 814 481 881 dimidietatem
497 825 666 901 prenotate
681 821 890 903 possessionis
907 821 984 887 dare
1002 829 1034 887 et
1050 830 1195 890 statuere
1207 847 1257 891 re·

112 929 275 987 cusarent
291 928 348 987 aut
364 946 429 988 non
444 931 577 1009 possent
593 933 710 992 extunc
735 928 834 993 iidem
859 927 1032 996 Ladislaus
1058 937 1091 996 et
1106 931 1253 1000 Lauren·

112 1030 188 1094 cius
222 1033 461 1115 quinquaginta
491 1055 619 1099 marcas
660 1034 763 1100 eidem
794 1037 950 1120 magistro
981 1037 1140 1124 Dyonisio
1174 1041 1251 1106 dare

111 1143 321 1221 tenerentur,
338 1145 487 1222 preterea
503 1139 609 1205 dictus
625 1143 780 1225 magister
795 1141 972 1228 Dyonisius
998 1145 1084 1212 diem
1099 1150 1253 1214 reversio-

111 1245 165 1308 nis
184 1266 246 1309 sue
264 1244 304 1310 de
319 1247 389 1331 ipsa
406 1249 495 1326 curia
513 1248 635 1314 domini
651 1251 737 1333 regis
763 1251 856 1317 nobis
882 1253 1045 1320 tenebitur
1070 1257 1254 1340 propalare.

111 1352 248 1419 Datum
265 1353 346 1420 feria
362 1362 454 1420 sextu
470 1358 617 1440 proxima
633 1363 709 1422 ante
725 1366 855 1425 octavas
870 1359 995 1426 Pasche
1020 1361 1151 1446 domini,
1176 1371 1209 1428 et
1224 1366 1251 1428 si

112 1469 291 1546 presentes
307 1462 393 1528 infra
424 1486 546 1531 annum
571 1466 665 1532 nobis
692 1467 813 1534 luerint
838 1475 1001 1552 reportate
1027 1477 1173 1536 nostrum
1189 1474 1254 1555 pri·

111 1571 278 1655 vilegium
294 1593 393 1656 super
407 1574 468 1639 hoc
484 1573 640 1641 faciemus
656 1579 808 1660 emenoni,
819 1599 904 1643 anno
922 1579 1067 1644 eiusdem
1082 1579 1135 1644 Μο
1152 1576 1254 1648 0000

112 1677 266 1745 XXX0.

232 1843 473 1908 Zdrlstdnpeoset
496 1846 759 1910 msmdvtnysivo13
786 1847 918 1912 credetijs
939 1863 971 1899 sz
995 1863 1064 1900 orsa
1086 1847 1254 1900 turnines.

112 1937 186 1984 oszt.
205 1933 243 1983 N.
257 1933 291 1984 R.
305 1935 338 1984 A.
355 1939 431 1985 1507.
447 1939 489 1986 23.
503 1936 570 2000 dipl.
584 1937 655 1987 ltrtr:
670 1941 748 1988 2601.
763 1937 861 1989 szli:
880 1939 982 1989 Vincas
995 1939 1095 1992 Gdbor.

615 2101 622 2106 -
630 2102 772 2111 ——....---

654 2335 731 2397 416.

115 2495 222 2557 1330.
243 2516 316 2578 apr.
332 2495 384 2558 23.
400 2492 432 2558 A
454 2496 585 2580 cyitrai
600 2493 759 2580 kdptolan
776 2496 883 2562 eldtta
909 2495 1016 2561 Dicc'k
1033 2497 1252 2584 nesozetcdybe·

378 2602 442 2665 liek
460 2604 511 2666 ὕει’
528 2601 734 2667 ὂίήοῑσαϋιοπ
750 2605 998 2688 meposztozaok.

229 2759 302 2827 Nos
319 2761 497 2846 capitulum
512 2761 645 2828 ecclesie
661 2760 835 2828 Nitriensis
853 2771 965 2830 tenore
990 2765 1194 2848 presencium
1210 2765 1251 2829 si·

111 2866 312 2952 gnificsmus
338 2871 505 2953 universis,
530 2870 617 2954 quod
642 2869 776 2936 Pethew
800 2870 885 2937 filius
909 2871 1040 2938 Nicolai
1067 2872 1106 2938 de
1138 2893 1255 2956 genere

110 2977 248 3063 Dywek
265 2977 306 3042 ab
323 3001 389 3044 una
404 2985 498 3063 parte
515 2985 548 3044 et
563 2976 748 3062 Stephanus
764 2977 850 3044 filius
865 2978 976 3045 Basks
1001 2979 1042 3046 de
1068 2979 1181 3045 eodem
1198 3001 1252 3063 ge·

111 3108 196 3153 nere
214 3091 284 3152 tam
300 3108 361 3171 pro
387 3108 420 3152 se
437 3107 534 3170 quam
550 3108 609 3170 pro
625 3085 736 3152 Baslm
761 3093 853 3170 patre
878 3109 936 3153 suo
963 3087 1102 3155 Nicolao
1128 3095 1161 3153 et
1193 3087 1252 3154 Jo-

109 3195 230 3261 hanne
248 3194 404 3260 iratribus
421 3195 486 3260 suis
503 3216 542 3260 ex
559 3195 661 3260 altera
678 3195 719 3260 ad
736 3202 881 3262 nostram
897 3195 1080 3262 accedendo
1100 3217 1251 3280 persona-

109 3306 180 3369 lem
198 3305 403 3387 presenciam
428 3303 462 3367 in
478 3301 731 3386 possessionibus
748 3327 859 3370 eorum
886 3304 1092 3370 hereditariis
1117 3310 1251 3390 propter

113 3417 411 3498 pacemperpetuo
427 3413 583 3478 intereos
600 3409 794 3478 duraturam
818 3413 918 3478 talem
942 3414 1127 3479 retulerunt
1144 3411 1255 3480 fecisse

110 3521 323 3602 divisionem,
339 3519 427 3604 quod
441 3521 598 3604 possessio
616 3541 726 3586 eorum
741 3520 895 3586 Kerneoh
921 3527 1035 3587 vocata
1051 3522 1085 3586 in
1102 3522 1257 3586 comitatu

109 3629 285 3694 Nitriensi
302 3630 390 3694 circa
406 3627 539 3694 fluvium
564 3627 713 3714 Vycbma
738 3629 890 3695 adiacens
916 3651 988 3694 curn
1013 3629 1163 3695 omnibus
1186 3629 1252 3693 suis

110 3736 322 3803 utilitatibus
339 3739 487 3802 cessisset
502 3737 648 3820 predicto
665 3735 798 3802 Pothew
814 3742 847 3801 et
863 3738 928 3802 suis
938 3735 1111 3802 heredibus
1127 3738 1153 3802 si
1163 3737 1197 3800 in
1210 3735 1258 3801 fu-

108 3857 232 3913 turum
250 3845 368 3910 habere
384 3845 554 3928 contingat
569 3851 725 3930 perpetuo
752 3843 955 3928 possidenda,
980 3846 1058 3909 item
1074 3845 1185 3928 porcio
1203 3865 1255 3909 eo-

108 3977 190 4021 rum
210 3953 466 4038 possessionama
482 3953 515 4017 in
531 3951 656 4038 Dywek
671 3953 757 4036 ipsos
774 3957 910 4036 tangens
926 3954 997 4017 iure
1014 3951 1211 4017 hereditario
1223 3959 1255 4017 et

107 4066 144 4129 in
163 4061 332 4146 Moytheb
348 4061 425 4144 quis
442 4062 574 4126 minoris
592 4061 743 4126 utilitatis
771 4067 805 4126 et
820 4061 922 4144 precii
939 4060 1008 4126 fore
1025 4059 1256 4126 dinoscebatur

107 4195 189 4238 cum
209 4170 361 4237 omnibus
378 4171 444 4235 suis
460 4169 658 4236 utilitatibus
675 4175 708 4234 et
738 4171 946 4253 pertinenciis
971 4169 1129 4234 universis
1146 4170 1256 4235 cessis·

106 4287 188 4348 sant
206 4277 336 4365 prefato
352 4277 485 4343 Pethew
503 4283 535 4343 et
551 4279 617 4344 suis
634 4276 710 4343 filiis
720 4278 868 4343 similiter
877 4283 1036 4362 perpetuo
1052 4276 1255 4361 possidenda

106 4389 314 4458 condicione
331 4395 439 4452 tamen
456 4387 519 4452 ista
535 4387 729 4470 interposita
745 4385 833 4469 quod
853 4387 880 4452 si
898 4408 963 4470 qua
988 4387 1133 4471 parcium
1149 4385 1255 4470 predi·

105 4507 205 4564 ctam
224 4495 413 4561 divisionem
430 4545 438 4561 .
455 4545 461 4560 .
477 4499 658 4561 attentaret
674 4501 794 4559 extunc
809 4515 925 4578 penam
942 4495 1057 4577 viginti
1074 4515 1259 4559 marearum

107 4607 208 4696 perti
227 4605 331 4689 ipsam
347 4601 535 4670 divisionem
551 4604 737 4687 acceptanti
753 4601 979 4668 solvendarum
1004 4602 1189 4667 incurreret
1204 4623 1257 4667 eo-

107 4719 216 4800 sacto,
235 4716 312 4780 item
331 4714 432 4779 eciam
455 4712 637 4779 retulerunt
656 4711 743 4796 quod
763 4712 789 4776 si
809 4733 874 4794 qua
893 4710 1040 4794 parcium
1055 4711 1122 4775 sine
1138 4710 1259 4776 solacio

1091 4817 1152 4884 31*
