3132 5470
554 428 649 492 1327.
666 449 754 494 surr.
774 429 823 494 m.
1197 435 1260 496 323

238 606 418 671 saga-veros
432 611 534 672 selyem
557 609 686 660 zsinorou
711 610 796 675 fliggd
823 612 970 676 pecsette13
984 611 1116 676 credetije
1139 628 1170 662 az
1193 629 1262 663 orez.

130 697 183 746 lo'u·
210 699 315 748 kincst.
338 705 405 748 oszt.
428 701 461 748 N.
485 701 518 750 R.
541 701 573 748 Α.
598 705 658 750 434.
685 707 725 751 15.
761 701 828 764 dipl.
850 703 922 752 ltar:
952 705 1030 751 2455.
1061 702 1160 753 Kczli:
1182 703 1262 768 Nogy

131 787 230 852 Gyula.

620 953 775 961 ——av--v—nn

662 1191 735 1252 286.

130 1353 225 1415 1327.
249 1351 416 1436 Viscpro'd,
428 1361 502 1435 sept
516 1353 565 1414 12.
578 1353 728 1415 Erasdbcl
737 1353 890 1438 lcii-(ilpuc'
900 1353 1042 1418 Hora-cili
1053 1367 1131 1419 lircil
1152 1355 1260 1420 Toron

128 1460 314 1544 uirmeyyci
329 1457 467 1551 dirtolcot
483 1461 619 1544 ceerdc'gyi
634 1462 728 1545 πάρει’
743 1461 825 1524 ‹ilral
853 1462 1109 1544 Lorriodfiiiaalc
1120 1465 1254 1526 Mitrida-

539 1568 604 1630 uol:
620 1569 852 1653 oissrucdrltjc.

233 1725 306 1790 Nos
322 1725 496 1792 Elisabeth
513 1777 520 1790 .
539 1777 545 1790 .
562 1728 675 1808 regina
700 1726 873 1812 Hungarie
900 1729 1120 1812 significamus
1136 1732 1260 1795 univer-

124 1837 166 1900 sis
183 1835 275 1918 quod
291 1832 449 1899 Nicolaus
465 1857 570 1900 comes
595 1834 682 1900 filius
711 1837 836 1900 comitis
864 1837 1010 1902 Lorandi
1036 1840 1192 1905 accedens
1217 1840 1259 1902 ad

124 1951 273 2009 nostram
290 1944 489 2025 presenciam
507 1950 700 2026 conquestus
717 1949 765 2008 est
790 1945 882 2009 nobis
899 1935 985 2027 qued
1002 1946 1042 2010 de
1059 1948 1260 2028 possessione

124 2077 183 2118 sua
199 2053 332 2116 nomine
348 2051 522 2136 Horuathy
539 2053 572 2116 in
590 2053 747 2118 comitatu
764 2053 804 2116 de
821 2052 954 2118 Thorna
970 2056 1130 2121 existente
1156 2079 1254 2140 quam

122 2162 263 2226 liaberet
288 2182 308 2223 a
324 2161 586 2244 progenitoribus
612 2161 677 2224 suis
703 2183 742 2225 cx
768 2161 946 2226 donacione
963 2185 1074 2245 regum
1090 2163 1194 2228 felicis
1210 2188 1259 2229 re-

124 2270 329 2334 cordacionis
346 2269 465 2333 domini
477 2267 637 2352 Stephani
649 2270 733 2352 regis
744 2275 777 2333 et
787 2269 845 2333 filii
855 2271 904 2334 sui
919 2270 1076 2354 Ladislai,
1093 2271 1258 2354 quandam

121 2379 324 2462 particulam
350 2381 436 2441 terre
462 2399 526 2460 que
550 2377 665 2460 incipit
689 2401 710 2440 a
733 2384 821 2442 meta
847 2400 909 2461 que
934 2378 1102 2444 descendit
1127 2403 1147 2443 a
1163 2387 1256 2463 parte

122 2487 333 2553 meridionali
348 2487 382 2550 in
397 2485 675 2569 Dyostelucberce
692 2492 725 2551 ct
741 2486 857 2550 dividit
873 2484 962 2551 Ordo
989 2509 1008 2550 a
1025 2487 1205 2569 Horwathy
1222 2497 1255 2553 et

122 2597 215 2660 venit
231 2596 275 2660 ad
292 2596 373 2660 duos
389 2595 514 2679 lapides
531 2617 627 2678 snper
644 2617 762 2678 aquam
779 2596 955 2678 pendentes
972 2618 1111 2663 unacum
1127 2619 1214 2680 aqua
1224 2604 1257 2662 et

120 2707 195 2768 loco
213 2703 391 2769 molendini
410 2703 465 2784 qni
482 2709 530 2766 est
546 2703 632 2768 cirea
648 2703 777 2768 domum
795 2703 925 2768 Nicolai
951 2706 984 2768 in
1001 2707 1141 2769 transitu
1157 2707 1259 2788 ipsius

121 2835 211 2898 aque
228 2835 354 2877 necnon
369 2810 485 2877 rubeto
502 2813 604 2896 pratis
630 2818 663 2877 et
679 2819 769 2876 tarra
784 2813 900 2877 arabili
918 2835 956 2877 ac
973 2814 1044 2877 aliis
1063 2813 1259 2878 utilitatibus

119 2945 224 3005 (luam
240 2921 344 2986 nostri
359 2920 506 2984 homines
531 2920 571 2984 de
596 2919 747 3004 Vendigy
763 2929 1001 3005 occupaverant
1018 2927 1051 2985 et
1066 2928 1258 3004 occupatam

118 3031 283 3096 tenebant
298 3027 340 3094 ab
357 3029 477 3093 eisdem
493 3030 611 3092 nostris
626 3029 812 3093 hominibus
838 3028 878 3093 de
895 3029 1044 3113 Vendigy
1062 3031 1191 3112 penitus
1207 3052 1255 3094 re·

119 3141 269 3223 capiimus
284 3160 409 3203 necnon
420 3145 453 3202 et
464 3136 505 3202 ab
517 3138 588 3202 aliis
599 3143 631 3202 et
642 3136 817 3202 secundum
837 3139 1007 3221 privilegia
1022 3159 1135 3220 regum
1153 3139 1257 3222 predi·

117 3255 251 3313 olorum
268 3249 329 3330 ipsi
356 3248 464 3312 comiti
489 3245 628 3311 Nicolao
655 3243 723 3310 filio
743 3245 891 3311 Lorandi
917 3245 1038 3312 dictam
1063 3247 1258 3328 particulam

116 3365 211 3421 terre
227 3355 410 3440 Horwathy
426 3354 625 3420 reddidimus
641 3356 675 3418 in
691 3361 883 3438 perpetuum
900 3355 1126 3437 possidendam
1144 3360 1255 3420 tenen-

115 3464 199 3530 dam
218 3471 251 3530 et
266 3464 458 3530 habendam.
475 3464 601 3528 Datum
617 3464 651 3527 id
666 3462 839 3546 Visegrad,
855 3463 993 3528 sabbato
1018 3463 1104 3527 infra
1121 3471 1258 3530 octavas

114 3572 319 3638 Nativitatis
345 3574 440 3638 beate
456 3572 563 3637 Marie
579 3572 722 3656 virginis²
739 3593 824 3636 anno
852 3571 973 3636 domini
998 3571 1175 3638 Millesimo
1195 3579 1257 3638 tre·

114 3681 301 3748 centesimo
317 3683 467 3748 vicesimo
483 3681 630 3765 septimo.

231 3829 315 3878 Gai-ai
340 3827 444 3877 Mikros
465 3827 609 3876 nadornak
633 3825 791 3874 »horendus
806 3825 877 3874 filius
891 3825 1029 3876 Johannis
1042 3825 1077 3874 de
1090 3824 1255 3888 Hornathyr

113 3920 246 3970 keresdre
275 3923 350 3968 1406.
374 3919 529 3982 september
552 3917 632 3966 aa-en
658 3917 768 3966 kiadott
793 3915 951 3976 atiratdbdl
979 3916 1107 3978 melynek
1127 3913 1258 3978 credetijc

111 4025 241 4074 rnegvan
251 4025 283 4057 az
293 4023 364 4057 orsz.
375 4009 405 4057 lt.
429 4007 527 4057 klncst.
541 4013 609 4057 oszt.
622 4008 655 4056 N.
671 4007 702 4055 R.
719 4007 750 4057 Α.
766 4009 824 4054 816.
840 4011 881 4056 20.
896 4005 963 4070 dipl.
977 4005 1049 4054 ltar:
1066 4009 1144 4054 2456.
1158 4004 1256 4054 Kczli:

113 4103 228 4152 Vincze
242 4098 346 4148 Gabor.
