3130 5470
747 463 935 511 anrounovu
952 453 1169 512 onnlurrln.

929 736 1004 799 390.

398 897 812 962 1329.rroc.14.Fcbe'rucir
826 901 924 962 varos
941 899 1051 983 birdju
1067 899 1100 963 e's
1116 899 1221 964 eckart
1236 902 1340 966 tdraai
1348 925 1366 964 c
1375 900 1493 984 Hectorfi

398 1006 519 1071 Miletos
534 1007 587 1088 fic
611 1004 727 1070 Mutet
753 1008 785 1070 ts
811 1005 932 1072 Neklrel
957 1029 1055 1071 comm
1081 1015 1211 1094 dacepye
1237 1009 1337 1074 kdzdtt
1351 1033 1402 1096 epy
1429 1009 1489 1072 lelal’

617 1115 709 1179 iru'at
722 1113 913 1200 fdnforpott
937 1113 1061 1199 {typhon
1085 1115 1297 1180 talamanca.

505 1271 576 1339 Nos
593 1293 699 1339 comes
714 1271 852 1338 Markus
870 1273 969 1338 iudex
984 1275 1084 1340 castri
1099 1271 1258 1340 Albensis
1283 1274 1436 1340 duodecim
1456 1276 1491 1341 iu·

397 1383 462 1449 rati
478 1387 511 1447 et
525 1381 667 1446 universi
684 1381 768 1446 cives
784 1381 926 1446 eiusdem
943 1384 1043 1448 castri
1059 1381 1287 1468 significamus,
1298 1383 1378 1467 quod
1391 1383 1490 1448 Molel

397 1489 484 1556 filius
500 1487 631 1556 Nicolai
641 1487 699 1554 lilii
709 1488 864 1555 Hectoris
874 1491 1014 1556 concivis
1024 1497 1136 1556 noster
1146 1514 1211 1557 una
1221 1514 1294 1558 cum
1310 1490 1492 1558 Nicolaofilio

398 1598 424 1666 J
425 1599 562 1665 ohannis
577 1596 645 1664 filio
661 1597 773 1664 fratris
789 1599 839 1664 sui
855 1598 897 1663 ab
913 1621 979 1664 una
994 1607 1109 1683 parte,
1126 1599 1257 1666 domina
1272 1601 1382 1666 relicta
1390 1601 1491 1665 comitis

399 1707 528 1774 Neklrel
544 1729 617 1774 cum
627 1706 748 1792 Konya
763 1705 832 1773 filio
843 1729 898 1773 suo
909 1729 948 1773 ex
959 1709 1064 1774 altera
1080 1729 1188 1774 coram
1204 1708 1297 1775 nobis
1312 1709 1493 1792 personaliter

398 1815 565 1882 constituti
580 1814 667 1880 idem
677 1813 800 1879 Mokch
816 1834 889 1879 cum
899 1813 932 1879 N
934 1815 1037 1881 icolao
1053 1814 1156 1881 fratre
1172 1837 1230 1882 suo
1246 1816 1281 1880 in
1296 1814 1491 1900 figumaiudioii

397 1933 510 1993 contra
520 1925 682 2006 dominam
692 1923 839 1988 relictam
855 1925 980 1990 comitis
995 1923 1126 1992 Nekkel
1141 1930 1376 2010 proposuerunt
1383 1926 1412 1989 in
1425 1923 1492 1988 bunc

396 2033 536 2115 modum,
552 2032 641 2116 quod
650 2038 725 2116 post
740 2031 972 2098 redemcionem
998 2031 1090 2098 fundi
1107 2033 1197 2098 curie
1211 2034 1353 2117 ipsorum
1367 2033 1415 2117 qui
1429 2029 1494 2115 apud

397 2145 500 2228 ipsam
515 2141 678 2208 dominam
694 2147 728 2207 et
743 2139 827 2208 filios
858 2163 933 2208 suos
964 2142 1094 2226 pignori
1124 2139 1231 2208 fuerat
1262 2142 1399 2226 obligata
1419 2161 1493 2224 quem

397 2249 533 2317 fundum
544 2271 618 2315 cum
635 2250 783 2315 omnibus
800 2251 866 2316 suis
882 2249 1080 2316 utilitatibus
1096 2249 1181 2315 idem
1192 2248 1350 2316 Nicolaus
1365 2247 1438 2314 filius
1450 2247 1493 2312 Jo

397 2359 514 2426 hannis
531 2379 603 2424 cum
620 2358 736 2423 ceteris
751 2356 909 2424 fratribus
925 2359 992 2424 suis
1009 2358 1120 2424 comiti
1134 2356 1258 2423 Molreh
1276 2356 1368 2422 trabi
1381 2358 1494 2440 ipsorum

399 2467 613 2533 communiter
629 2464 850 2548 vendiderant,
860 2465 971 2532 eadem
988 2465 1118 2531 domina
1132 2465 1249 2530 relicta
1264 2461 1494 2532 comitisNellel

397 2577 461 2661 ipsi
477 2575 599 2640 Mokch
616 2580 648 2638 et
672 2573 795 2639 homini
822 2595 880 2640 suo
906 2579 1004 2658 prout
1031 2574 1065 2637 in
1091 2572 1209 2639 iudicio
1236 2573 1298 2640 sibi
1324 2573 1495 2668 commissum

398 2683 505 2749 iuerat
520 2681 655 2746 reddere
672 2685 706 2744 et
720 2681 892 2746 restituere
908 2702 973 2746 nou
990 2681 1178 2746 curassetin
1195 2681 1246 2746 sni
1261 2681 1405 2746 iniuriam
1417 2686 1492 2761 atque

401 2793 563 2874 damnum,
574 2811 613 2856 ex
626 2811 690 2874 qua
701 2789 833 2873 quidem
842 2789 1001 2856 dilacione
1012 2795 1045 2856 et
1054 2811 1119 2856 non
1134 2791 1344 2856 restitucione
1359 2787 1496 2875 possessio·

398 2903 448 2967 nis
464 2921 519 2966 sue
535 2897 680 2984 predicte
696 2898 847 2963 damnum
859 2898 967 2963 decem
984 2898 1212 2964 marcarumin
1229 2898 1375 2982 expensis
1390 2893 1495 2960 exsecto

399 3007 541 3075 eiusdem
558 3007 684 3073 domiue
699 3005 788 3071 idem
803 3005 925 3071 Mokch
939 3004 1103 3072 habuisset
1119 3011 1152 3071 et
1167 3006 1312 3090 haberet,
1330 3027 1369 3070 ex
1383 3003 1490 3070 adverso

399 3117 510 3184 eadem
526 3116 655 3182 domina
671 3115 785 3180 relicta
802 3114 928 3179 comitis
937 3112 1067 3180 Nekkel
1077 3113 1203 3179 nullum
1219 3114 1372 3180 damnum
1385 3109 1495 3178 nullum·

399 3248 463 3312 quo
492 3223 755 3310 impedimentum
787 3243 826 3287 ex
841 3229 932 3306 parte
949 3224 998 3288 sui
1031 3222 1133 3286 eidem
1163 3222 1287 3288 Mokch
1313 3222 1439 3286 evenisse
1459 3238 1494 3280 m·

407 3333 539 3418 spondit
553 3353 612 3417 pro
630 3353 666 3397 eo
683 3330 769 3414 qnod
785 3351 845 3395 nec
861 3331 967 3414 ipsum
992 3329 1115 3395 Mokoh
1130 3351 1233 3414 neque
1249 3330 1406 3396 homiuem
1419 3324 1495 3410 ipsius

399 3442 440 3508 ab
456 3442 526 3525 ipsa
542 3439 635 3505 domo
651 3440 752 3523 ipsius
767 3460 827 3504 nec
842 3439 1062 3524 prohibuisset
1072 3460 1176 3524 neque
1188 3439 1376 3504 exclusisset
1390 3435 1494 3515 sodipn

402 3548 533 3613 domina
549 3548 632 3612 sicut
650 3552 728 3612 tunc
743 3548 789 3612 ita
805 3553 837 3612 et
853 3568 939 3613 nunc
963 3549 996 3612 in
1013 3549 1083 3633 ipsa
1098 3550 1300 3632 possessione
1317 3564 1433 3615 manere
1446 3547 1493 3604 tam

401 3677 457 3721 sue
473 3673 609 3740 persono
634 3655 767 3739 proprio
783 3675 879 3739 quam
895 3636 969 3722 aliis
987 3653 1232 3740 quibuscunque
1257 3655 1356 3720 vellet
1379 3649 1461 3718 dandi
1472 3653 1494 3708 el

400 3763 586 3832 conferendi
602 3784 640 3827 ex
657 3768 751 3846 parte
767 3764 816 3828 sui
833 3762 967 3828 liberam
983 3765 1194 3830 concessisset
1209 3762 1411 3838 facultatem
1431 3751 1493 3820 uude

400 3896 458 3940 nos
475 3875 548 3939 cunr
579 3878 651 3937 tota
666 3872 876 3936 universitate
891 3877 1003 3936 nostra
1028 3871 1251 3937 adjudicantes
1277 3869 1457 3936 decrevimus
1469 3864 1493 3924 ul

399 3983 467 4066 ipse
483 3980 606 4046 Mokch
622 3982 687 4045 sive
703 3969 917 4064 personaliter
933 3981 960 4046 si
976 4000 1106 4046 manere
1122 3981 1261 4047 voluerit
1277 3981 1344 4044 sive
1360 3977 1423 4044 aliis
1439 3991 1491 4036 cou-

399 4089 484 4154 ferre
500 4096 532 4153 et
547 4090 765 4173 impignorare
780 4089 881 4172 ipsam
898 4089 1128 4172 possessionem
1145 4087 1281 4154 liberam
1297 4083 1407 4153 habeat
1421 4076 1494 4146 fucul-

398 4203 508 4262 tatem.
524 4196 646 4261 Datum
656 4201 771 4280 quarto
788 4196 839 4261 die
855 4202 930 4280 post
946 4195 1064 4260 testum
1076 4196 1164 4262 beati
1172 4195 1311 4262 Martini
1328 4183 1493 4261 confessoris⁷

399 4326 485 4371 anno
501 4304 622 4369 domini
639 4303 695 4370 Μο
712 4302 812 4371 000ο
827 4305 979 4370 vicesimo
995 4325 1090 4370 nono.

507 4467 662 4532 Hrttlapjaiu
676 4468 774 4518 listron]
787 4468 881 4532 pecset
893 4468 1069 4534 nyomaiva13
1093 4467 1224 4532 orodetije
1246 4483 1264 4517 a
1287 4467 1321 4519 N.
1335 4457 1495 4517 Muzeumbsn·

399 4558 497 4610 szli:
513 4559 638 4624 Tagetnyi
651 4559 684 4608 K.

885 4703 966 4712 -ι-ι-ι-
978 4701 1038 4713 ...-
