3172 5462
566 427 661 492 1324.
678 449 764 493 serr.
783 431 833 495 18.
1200 441 1260 504 161

133 613 164 670 et
180 608 266 672 sicut
291 607 566 674 certitudinaliter
591 609 673 672 scire
689 609 871 692 potuissent
885 613 949 678 ista
965 617 1075 680 omnia
1099 617 1186 683 idem
1206 619 1265 683 Jo-

132 715 255 780 hannes
281 715 418 782 fecisset.
442 715 568 782 Datum
593 715 675 780 feria
700 717 816 799 quinta
840 720 874 783 in
907 721 1050 804 profesto
1077 723 1193 792 Oosme
1227 731 1260 790 et

132 823 288 891 Damiani
304 825 483 906 martirum,
501 845 585 890 anno
609 823 731 891 domini
747 825 801 891 Μ0
820 825 922 894 0000
937 829 1030 896 XX⁰
1046 839 1173 917 quarto.

239 990 371 1040 Zarlatdn
384 989 477 1053 pecsdt
497 989 674 1054 nyonraival;
696 990 826 1056 eredetije
847 991 1033 1059 Keszthelyen
1046 1011 1063 1046 a
1075 1013 1116 1062 gr.
1130 975 1264 1050 sestarios

132 1079 223 1129 csalrtd
236 1083 327 1143 laban,
339 1082 439 1144 Ignota
451 1080 566 1130 Miscell.
582 1085 624 1131 28.
636 1081 678 1130 Az
701 1082 793 1131 ohirat
810 1083 938 1135 kelte'ben
960 1087 1084 1138 lrdshiba
1096 1091 1180 1156 lohet,
1193 1099 1266 1142 mert

135 1172 269 1220 1324·ben
283 1171 484 1222 Szent-Kozma
494 1171 522 1220 ts
531 1170 650 1234 Domjdn
659 1170 742 1235 napja
751 1175 922 1225 osbtbrtdlrre
932 1177 991 1226 esik
1002 1193 1009 1242 ;
1020 1193 1036 1226 a
1051 1178 1137 1229 »seria
1150 1181 1263 1242 quinta«

131 1260 243 1326 penteki
257 1276 321 1324 nep,
335 1261 414 1310 tehat
427 1276 458 1311 az
471 1263 563 1324 dnnep
576 1263 656 1312 elbtti
668 1276 754 1326 napra
767 1278 830 1312 nem
843 1265 970 1316 eshetett.

664 1589 737 1652 146.

131 1739 228 1803 1324.
246 1746 324 1821 sept.
341 1735 392 1798 28.
410 1731 440 1796 A
461 1734 554 1818 pessi
578 1733 736 1817 lodptolou
763 1735 871 1799 eterra
897 1735 1154 1824 Sacrate-Melpocs
1172 1765 1256 1804 accr-

127 1845 280 1932 zetse'gddl
295 1844 371 1907 cadri
387 1841 521 1926 Gerpclp
542 1842 595 1924 fic
610 1843 716 1906 Ja‘aoe
734 1843 864 1929 Kcthelp
881 1855 961 1910 raccr'l
979 1845 1118 1910 hirtolco't
1135 1849 1265 1932 veje'aclo

463 1949 557 2033 Καρὶ
573 1949 763 2012 Kozmcioolc
779 1951 936 2016 elorokat.

236 2110 309 2176 Nos
334 2109 510 2194 capitulum
543 2105 887 2192 Quinqueecclesieuse
913 2161 919 2176 .
946 2161 952 2176 .
980 2113 1197 2196 significamus
1225 2165 1256 2180 ..

129 2221 218 2306 quod
234 2221 390 2302 magister
415 2217 600 2301 Stephanus
625 2215 711 2282 filius
736 2216 897 2283 Gabriani
924 2221 963 2284 de
988 2221 1095 2287 Kubli
1120 2245 1260 2288 unacum

127 2332 288 2414 magistro
304 2329 329 2394 J
331 2329 457 2394 channe
472 2326 538 2391 filio
549 2323 701 2407 Gregorii
712 2325 752 2390 de
768 2348 886 2408 genere
903 2327 1171 2413 Zenthemaguch
1189 2353 1264 2396 con-

128 2447 283 2502 metaneo
300 2458 357 2501 suo
373 2437 407 2500 iu
423 2436 526 2500 nostri
542 2435 710 2517 presencia
719 2436 933 2517 personaliter
953 2439 1131 2521 constituti,
1147 2439 1265 2503 medie-

128 2551 233 2612 tatem
260 2545 427 2610 cuinsdam
451 2543 660 2627 possessionis
686 2563 742 2606 sue
766 2542 891 2609 Kethel
916 2553 1029 2610 vocate
1056 2547 1152 2612 certis
1168 2548 1263 2610 metis

128 2653 351 2736 infrascriptis
368 2652 556 2716 distinctam
573 2655 605 2715 et
621 2658 807 2735 separatam
833 2675 906 2718 curn
923 2653 1096 2719 medietate
1112 2661 1265 2738 patrona-

127 2769 183 2826 tus
201 2761 336 2826 ecclesie
351 2761 446 2826 beate
462 2757 675 2842 Margarethe
690 2761 833 2844 virginis,
850 2782 888 2826 ex
905 2763 1115 2845 permissione
1132 2769 1164 2828 et
1179 2763 1266 2828 bona

125 2871 299 2934 voluntate
324 2867 466 2933 eiusdem
490 2868 638 2950 magistri
655 2866 818 2934 Johannis
844 2872 1045 2936 conmetanei
1069 2874 1128 2956 sui,
1146 2871 1263 2938 Oosme

125 2978 199 3043 filio
214 2976 386 3042 Benedicti
403 2976 442 3040 de
458 2975 550 3058 Kupi
567 2997 685 3058 genero
703 2999 760 3042 suo
776 2981 992 3062 personaliter
1009 2982 1131 3046 astanti
1147 2983 1262 3064 viginti

125 3087 249 3151 marcis
273 3086 362 3168 prius
386 3083 428 3150 ab
454 3083 565 3150 eodem
590 3085 675 3150 siout
709 3085 791 3150 dixit
815 3087 909 3169 plene
935 3090 1072 3172 receptis
1098 3089 1263 3154 consessus

126 3201 179 3260 est
198 3193 455 3259 recondidisse.
473 3242 479 3254 .
495 3193 565 3257 iure
591 3198 746 3276 perpetuo
772 3201 805 3257 et
830 3194 1086 3260 irrevocabiliter
1101 3196 1266 3279 possiden-

125 3304 205 3368 dam
224 3301 362 3367 ..Mete
389 3307 498 3366 autem
522 3301 667 3366 eiusdem
694 3309 781 3366 terre
805 3301 869 3367 hoc
885 3303 980 3368 modo
1006 3302 1160 3387 distingri
1177 3304 1263 3368 dixe-

124 3417 216 3494 runt,
237 3409 325 3494 quod
340 3409 446 3492 prima
461 3416 550 3475 meta
565 3431 585 3472 a
600 3410 700 3494 plaga
709 3410 903 3476 occidentali
919 3433 1017 3494 prope
1028 3411 1148 3476 dictam
1165 3413 1265 3478 ecole-

124 3521 211 3585 siam
228 3515 289 3583 sub
306 3517 403 3582 dumo
420 3517 505 3582 ilicis
522 3521 571 3582 est
586 3519 682 3582 terris
709 3517 884 3601 cumulata,
901 3516 1019 3582 abhinc
1035 3518 1182 3601 procedit
1197 3540 1266 3584 rer-

123 3650 182 3693 sus
200 3627 359 3693 orientem
385 3632 500 3691 contra
517 3626 686 3691 ecclesiam
703 3631 736 3690 et
762 3625 850 3691 cadit
867 3626 908 3690 ad
933 3627 1097 3710 quandam
1113 3649 1264 3711 magnam

124 3738 214 3802 riam
241 3757 305 3818 que
329 3735 475 3818 procedit
499 3756 558 3818 per
575 3734 708 3800 eandem
735 3735 847 3799 villam
872 3740 904 3798 et
920 3735 953 3799 in
970 3734 1082 3799 eadem
1107 3737 1160 3799 ria
1175 3735 1265 3801 vadit

123 3866 241 3910 versus
257 3843 390 3926 plagam
415 3842 660 3907 meridionalem
687 3863 789 3926 usque
806 3841 848 3906 ad
867 3840 963 3906 finem
981 3833 1123 3908 eiusdem
1138 3843 1215 3908 ville
1232 3849 1265 3908 et

122 3953 172 4020 ibi
191 3954 281 4017 circa
307 3950 470 4036 quandam
496 3951 643 4016 semitam
678 3972 741 4034 que
766 3951 886 4015 transit
902 3951 1005 4034 ipsam
1022 3952 1107 4016 viam
1122 3973 1182 4034 per
1197 3971 1263 4016 mo-

122 4063 207 4127 dum
225 4061 330 4126 crucis
347 4065 395 4126 est
419 4083 484 4126 una
508 4066 595 4124 meta
611 4066 728 4142 terrea,
748 4058 866 4124 abhinc
897 4059 931 4123 in
948 4060 1019 4142 ipsa
1035 4061 1149 4124 semita
1164 4061 1264 4125 vertit

122 4193 158 4237 se
174 4191 291 4235 versus
308 4171 464 4236 orientem
478 4174 523 4235 ,et
547 4167 637 4234 vadit
653 4167 696 4234 ad
712 4167 874 4252 quendam
899 4168 1010 4232 lucum
1035 4173 1068 4232 et
1084 4169 1171 4234 circa
1188 4191 1264 4234 eun-

122 4279 203 4345 dem
218 4279 313 4343 iuxta
337 4279 440 4361 ipsam
466 4278 615 4342 semitam
640 4278 674 4342 in
695 4275 821 4342 duabus
838 4275 1009 4342 arboribus
1033 4277 1116 4342 ilicis
1133 4283 1182 4342 est
1198 4299 1264 4342 una

123 4395 249 4470 terrea,
275 4385 394 4452 abhinc
419 4385 631 4469 relinquendo
656 4385 759 4468 ipsam
785 4384 933 4448 semitam
958 4383 1049 4448 vadit
1073 4405 1183 4450 versus
1199 4385 1261 4450 ori·

125 4503 242 4563 entem
259 4493 302 4560 ad
320 4493 481 4578 quendam
497 4495 709 4560 monticulum
720 4491 882 4558 Thoumal
894 4491 1016 4558 dictum
1036 4498 1069 4557 et
1078 4491 1123 4556 ibi
1132 4493 1167 4557 in
1184 4515 1262 4577 qua·

122 4605 204 4671 dam
220 4603 340 4670 arbore
355 4603 420 4687 piri
436 4608 486 4669 est
501 4625 567 4669 una
591 4607 678 4668 meta
698 4607 813 4684 terrea,
839 4600 957 4666 abhinc
984 4599 1206 4667 descendendo
1223 4601 1264 4666 de

180 4741 339 4778 arrouronr
355 4727 519 4778 orulsrrla
536 4741 557 4778 11
573 4729 634 4777 abr.
1113 4717 1153 4778 ll
