3130 5470
594 501 687 561 lesu.
706 518 778 562 nno.
797 501 848 561 29.
1230 501 1292 562 451

158 676 307 758 ipsorum
322 675 464 740 liberare
481 677 655 760 tenebitur,
672 677 721 740 vel
739 678 765 741 si
782 697 847 740 non
863 683 975 759 posset
1001 683 1059 741 aut
1086 698 1151 741 non
1169 687 1300 742 curaret

157 790 240 848 tunc
255 785 488 867 possessionem
504 783 693 867 impeditam
710 782 845 848 eandem
862 783 977 849 reddet
991 789 1024 848 et
1039 785 1199 868 restituet,
1211 785 1298 869 qnod

158 893 184 956 si
203 891 340 957 reddere
357 893 408 956 vel
423 893 596 956 restituere
612 913 678 957 non
694 897 804 977 posset
819 893 911 956 iuxta
927 892 1098 958 arbitrium
1116 900 1149 958 et
1165 895 1295 960 estima-

157 1000 284 1066 oionem
310 1001 486 1085 proborum
511 1001 653 1066 virorum
680 1001 719 1065 de
745 1000 816 1064 aliis
848 1001 1103 1083 possessionibus
1134 1002 1200 1066 suis
1217 1003 1292 1085 equi

158 1109 279 1173 valoris
296 1109 447 1192 supplere
465 1114 497 1172 et
514 1108 592 1173 dare
609 1108 782 1189 tenebitur,
800 1107 842 1172 ad
859 1108 947 1190 quod
964 1130 998 1173 se
1015 1114 1194 1192 spontanea
1212 1108 1293 1173 obli-

158 1223 281 1301 garunt
297 1217 464 1282 voluntate
481 1265 488 1280 .
506 1216 655 1281 ,Datum
680 1237 738 1300 per
755 1236 871 1280 manus
898 1216 1029 1281 disereti
1058 1218 1119 1282 viri
1144 1217 1294 1300 magistri

156 1325 308 1390 Ladislai
324 1325 454 1390 lectoris
471 1324 604 1390 ecclesie
620 1330 739 1408 nostre,
766 1325 799 1388 in
826 1325 937 1408 vigilia
962 1325 1051 1390 beati
1078 1323 1203 1402 Thome
1219 1347 1296 1409 apo·

156 1434 245 1516 stoli,
261 1454 346 1498 anno
358 1432 478 1497 domini
490 1430 666 1497 Millesimo
685 1429 786 1498 000ο
802 1430 894 1497 XX⁰
911 1454 1004 1514 none,
1021 1434 1177 1516 magistro
1194 1434 1295 1500 Petro

156 1547 301 1624 cantore,
317 1538 343 1604 J
344 1539 445 1606 aoobo
463 1539 604 1624 custode,
620 1541 777 1624 magistro
794 1540 944 1623 Posonio,
961 1540 1063 1606 Petro
1081 1541 1219 1607 condam
1236 1543 1292 1608 de-

158 1671 251 1732 osne,
266 1647 367 1712 Petro
384 1645 495 1714 Siculo
513 1653 545 1711 et
561 1648 666 1712 altero
683 1648 783 1714 Petro
801 1646 978 1730 Waoiensi,
994 1648 1169 1716 Dominioo
1186 1657 1219 1716 et
1229 1651 1255 1717 J
1256 1674 1288 1717 o-

157 1758 267 1821 hanno
283 1755 460 1837 sacerdote,
476 1755 501 1820 J
503 1754 629 1820 ohanne
646 1761 678 1819 et
695 1756 799 1821 altero
826 1755 980 1821 dohanne
996 1758 1162 1838 magistris
1179 1780 1217 1823 ao
1233 1757 1258 1823 J
1261 1780 1295 1822 a·

158 1864 240 1930 oobo
258 1863 413 1945 magistro
432 1864 613 1946 ceterisque
631 1865 794 1929 cononicis
812 1863 1033 1930 existentibus.

268 2027 592 2092 Abudairtptalannak
608 2031 683 2076 1377.
709 2027 778 2078 seor.
805 2027 918 2078 1e-ikan
944 2028 1058 2080 Telmun
1084 2029 1186 2079 Mimos
1211 2029 1296 2080 budai

158 2117 260 2182 polgdr
273 2115 425 2167 kerelmere
439 2115 576 2166 kitllltott
588 2115 748 2177 ritiratdbol
759 2117 886 2180 melynelr
900 2117 1032 2182 eredetije
1041 2114 1158 2183 m'egvan
1171 2133 1203 2167 az
1223 2133 1292 2168 orez.

162 2209 217 2257 lteir
230 2207 329 2257 kinost.
343 2210 408 2257 oszt.
420 2207 452 2256 N.
466 2206 499 2254 R.
514 2207 546 2255 A.
563 2211 640 2254 1507.
656 2209 697 2256 21.
709 2205 775 2269 dipl.
790 2206 860 2255 ltdr:
876 2210 954 2257 2570.
970 2208 1049 2257 szli
1061 2224 1066 2256 :
1079 2207 1180 2258 Vineae
1194 2209 1295 2258 thor.

652 2351 811 2360 m

694 2499 767 2558 395.

163 2661 259 2722 1329.
277 2658 343 2722 dee.
362 2660 414 2721 29.
443 2654 472 2720 A
489 2659 618 2743 uyitrai
633 2659 792 2744 triptotum
809 2658 1000 2744 dizoupitja,
1026 2660 1107 2742 d⁰dis
1133 2659 1218 2743 710qu
1234 2659 1294 2726 Jo-

158 2765 221 2830 Isod
239 2767 322 2850 Zepp
339 2766 492 2831 anostol
521 2791 559 2832 aa
576 2767 674 2830 erraris
690 2765 825 2850 zaeilopda
847 2767 936 2830 odott
952 2766 1004 2828 be't
1020 2765 1158 2830 birtolrot
1173 2791 1193 2831 u
1209 2768 1295 2832 luns-

437 2882 499 2937 zb‘lt
514 2877 719 2959 batdrnupou
735 2873 771 2935 lu·
791 2896 859 2937 uem
876 2873 1019 2936 odltottu.

269 3031 339 3098 Nos
356 3033 534 3116 capitulum
553 3033 686 3098 ecclesie
711 3031 887 3100 Nitriensis
913 3032 1026 3098 damus
1052 3053 1111 3116 pro
1128 3034 1292 3116 memoria,

158 3141 247 3225 quod
264 3163 337 3206 oum
353 3139 531 3206 secundnm
549 3142 785 3206 continenciam
797 3143 942 3225 priorum
960 3143 1147 3208 litterarum
1163 3149 1290 3208 nostra-

157 3273 233 3316 rum
250 3250 437 3333 patenoium
454 3250 691 3315 memorialium
708 3251 825 3316 nobilis
842 3252 891 3316 vir
917 3273 1022 3316 comes
1038 3250 1064 3316 J
1066 3252 1187 3318 aeobus
1203 3252 1290 3317 filius

157 3359 277 3422 Buken
294 3357 334 3423 de
350 3357 439 3442 Zeeg
465 3358 621 3441 quasdam
639 3360 856 3442 possessiones
873 3381 949 3424 suas
966 3381 1022 3424 seu
1046 3365 1160 3443 terras,
1186 3383 1286 3425 unam

156 3468 312 3533 videlieet
342 3467 481 3533 Zomola
505 3473 651 3534 voratam
688 3491 760 3533 eum
786 3468 911 3534 duabus
937 3468 1024 3533 silvis
1050 3467 1202 3532 videlicet
1226 3491 1287 3533 una

156 3574 412 3658 Warouboreky
429 3581 462 3640 et
478 3576 543 3640 ulia
559 3576 786 3642 Dedaoherdei
804 3577 933 3658 voeatis,
951 3576 1027 3640 item
1045 3576 1143 3640 aliam
1160 3573 1287 3658 Hygia·

155 3687 300 3751 lateleke
317 3692 464 3752 vocatam
483 3737 489 3750 .
506 3737 512 3750 .
530 3709 549 3750 u
566 3687 720 3770 magistro
753 3686 904 3752 Johunne
919 3685 986 3751 filio
1003 3685 1095 3750 Petri
1122 3684 1161 3749 de
1178 3683 1291 3750 eadum

156 3816 220 3878 pro
237 3795 347 3859 decem
364 3795 483 3859 mareis
500 3793 705 3859 denariorum
715 3790 954 3882 :triennensium
973 3793 1032 3858 sub
1050 3815 1133 3877 pena
1150 3792 1240 3876 dupli
1258 3791 1291 3854 in

154 3903 243 3968 festo
276 3901 469 3968 Nativitatis
488 3900 610 3968 Christi
628 3909 660 3967 et
686 3902 800 3967 diebus
826 3904 892 3967 suis
917 3901 1188 3984 subsequentibus
1205 3901 1289 3966 redi-

157 4031 250 4074 mere
262 4007 433 4094 debuisset,
444 4010 514 4094 ipso
531 4011 669 4075 termino
687 4010 876 4075 adveniente
894 4009 1000 4074 dietus
1017 4030 1122 4074 eomes
1138 4007 1285 4074 ‹lacobus

159 4139 269 4202 neque
287 4119 374 4182 venit
390 4139 496 4200 neque
513 4119 602 4184 misit
632 4117 675 4184 ad
691 4117 913 4183 redimendum
939 4116 1042 4181 dietus
1068 4118 1286 4200 possessiones

155 4226 315 4310 magistro
332 4224 358 4291 J
360 4225 487 4291 ohanne
504 4227 647 4310 legitime
664 4231 804 4308 quatuor
830 4225 942 4289 (liebus
960 4247 1068 4288 eoram
1085 4223 1177 4290 nobis
1194 4246 1289 4308 expe·

153 4337 277 4398 stante.
294 4332 419 4398 Datum
436 4335 550 4417 quinto
568 4334 619 4398 die
637 4334 767 4398 termini
783 4332 955 4416 prenotati,
982 4353 1067 4396 anno
1093 4332 1215 4397 domiui
1233 4331 1288 4396 Μ0

154 4439 261 4508 000ο
276 4439 378 4506 XX0.
395 4464 489 4510 nono,

268 4589 293 4636 A
308 4587 412 4650 nyitrai
427 4589 560 4652 kdptalan
576 4585 858 4650 less-kiati1·attbol‚
873 4585 945 4635 mint
958 4585 1074 4634 fdutebb
1093 4588 1153 4634 228.
1168 4600 1205 4634 sz.
1219 4601 1245 4636 a.

617 4733 657 4742 ..-
666 4734 672 4739 ,
678 4731 798 4738 -.---—-—--
803 4730 827 4738 --ι

1141 4745 1203 4812 29*
