3130 5470
339 470 402 532 382
691 487 879 534 succurram
895 476 1112 535 onuluv'rln.

337 649 483 732 parcium
499 647 592 715 nobis
609 653 642 714 et
658 650 852 734 quibusdam
868 651 960 736 regni
990 650 1167 716 baronibus
1199 671 1240 715 ac
1256 651 1337 716 satis
1352 649 1449 715 multis

339 758 412 822 aliis
428 757 538 841 probis
556 764 588 822 et
604 758 767 825 nobilibus
794 759 871 824 viris
895 765 1005 843 partes
1030 761 1064 822 in
1089 757 1228 824 formam
1255 757 1449 824 concordialis

340 866 469 930 unionis
481 867 669 932 consultivis
680 867 902 934 conaminibus
912 866 1065 932 inducere
1077 865 1318 951 nequeuntibus
1327 867 1447 950 arreptis
1545 899 1546 910 1

338 972 460 1038 lanceis
476 995 509 1038 se
525 981 640 1041 mutua
655 975 874 1076 vicissitudine
890 974 1054 1040 hostiliter
1084 975 1314 1058 imposuissent
1344 981 1375 1038 et
1389 974 1445 1038 lan·

340 1081 484 1148 cealibus
500 1084 611 1167 preliis
627 1084 791 1149 derelictis
807 1088 889 1152 ictus
896 1085 1105 1172 fortissimos
1117 1085 1306 1172 percluces
1323 1083 1447 1168 111119011-

341 1193 425 1257 coles
441 1211 537 1274 super
553 1213 586 1257 se
602 1192 798 1276 recepissent
815 1195 996 1275 neutraque
1012 1192 1157 1275 parcium
1174 1191 1251 1255 visis
1268 1189 1409 1254 virilibus
1423 1195 1448 1254 et

340 1298 536 1365 militaribus
567 1299 833 1366 dimieacionibus
858 1300 1019 1365 dictorum
1044 1300 1192 1384 pugilum
1216 1298 1379 1364 fortunam
1400 1297 1449 1362 sibi
1546 1297 1547 1318 l

341 1407 487 1474 dextrali
513 1409 721 1491 agnovissent
736 1431 776 1473 ne
802 1415 997 1474 novercante
1023 1407 1155 1473 fortuna
1180 1409 1237 1472 uni
1262 1405 1402 1492 parcium
1422 1406 1449 1469 in

342 1537 516 1599 gravamen
532 1517 719 1583 succubitus
735 1517 837 1582 duelli
854 1517 996 1581 incidere
1022 1518 1227 1600 contingeret
1242 1516 1379 1602 predicti
1393 1514 1452 1579 Ma-

341 1625 436 1689 theus
451 1623 537 1690 filius
553 1625 715 1691 Johannis
733 1631 765 1690 et
790 1625 922 1690 Blasius
937 1624 1024 1690 filius
1040 1625 1212 1691 Michaelis
1238 1625 1401 1691 sanissimo
1415 1623 1453 1686 in·

343 1733 460 1798 structi
491 1734 624 1800 consilio
641 1755 680 1798 ex
696 1741 810 1800 nostra
826 1733 998 1800 iudiciaria
1023 1735 1210 1819 permissive
1236 1733 1392 1798 licencia.
1407 1741 1452 1797 ,et
1547 1741 1548 1754 ¹

346 1840 636 1924 composicionibus
660 1840 819 1908 baronum
837 1849 870 1907 et
887 1841 1045 1908 nobilium
1061 1843 1204 1908 virorum
1229 1841 1453 1907 intervenienti·

344 1948 405 2014 bus
422 1999 429 2014 .
446 1999 452 2014 .
468 1950 502 2013 in
518 1951 617 2015 talem
632 1951 722 2034 pacis
739 1956 771 2015 et
788 1950 957 2016 concordie
982 1951 1131 2017 unionem
1148 1971 1258 2016 coram
1290 1949 1381 2016 nobis
1396 1946 1453 2034 (de-

344 2046 530 2144 venissent),
546 2057 633 2142 quod
649 2057 814 2141 predictus
845 2057 975 2124 Blasins
991 2057 1077 2124 filius
1102 2057 1276 2124 Michaelis
1291 2057 1454 2143 predictam

344 2161 611 2250 possessionem(
634 2215 831 2232 .......
855 2164 914 2254 )*)
929 2165 1085 2232 iamdicto
1111 2165 1248 2232 Matheo
1264 2163 1333 2232 filio
1347 2163 1456 2232 Johsn·
1548 2157 1549 2162 ’

346 2275 396 2340 nis
413 2280 446 2340 et
462 2273 642 2360 Lukachyo
659 2275 754 2341 fratri
779 2296 838 2341 suo
863 2275 992 2342 uterino
1017 2295 1056 2341 ac
1071 2325 1078 2340 .
1096 2325 1103 2340 .
1121 2297 1233 2342 eorum
1248 2275 1454 2340 heredibus..

347 2384 524 2464 remisisset
541 2435 548 2450 .
564 2434 571 2450 .
589 2405 772 2451 econverso
788 2389 898 2450 autem
913 2383 1051 2469 predicti
1067 2382 1222 2449 Matheus
1233 2381 1453 2466 ethlrachyns

347 2491 406 2558 filii
422 2491 586 2560 Johannis
603 2493 642 2558 de
658 2493 736 2579 Isyp
752 2499 948 2560 memoratas
973 2493 1189 2577 possessiones
1214 2491 1364 2578 Ralrolch
1378 2489 1454 2555 Kur-

347 2601 476 2668 thuelus
493 2600 610 2668 Morva
626 2607 659 2666 et
689 2600 778 2686 Synh
795 2603 978 2668 nominatas
1002 2601 1156 2668 iamdicto
1183 2601 1297 2668 Blasio
1323 2598 1388 2666 filio
1403 2597 1456 2664 Mi·

346 2707 466 2776 chaelis
484 2759 491 2776 .
508 2759 514 2776 .
531 2710 732 2776 remisissent
747 2715 905 2796 perpetuo
922 2708 1134 2796 possidendas
1150 2761 1157 2776 .
1174 2759 1181 2776 .

453 2892 503 2946 Pal
517 2891 734 2959 orazagblronak
759 2896 836 2943 1348.
849 2906 912 2958 aug.
928 2896 969 2944 12.
982 2892 1042 2944 kelt
1066 2906 1079 2942 s
1104 2907 1122 2941 a
1146 2890 1340 2942 ibntnevezett
1351 2887 1456 2940 Btkdcai

345 2983 443 3036 Baldzs
456 2984 525 3034 dltal
537 2982 700 3050 megdjltott
711 2983 816 3048 perben
829 2981 928 3034 bonott
940 2982 1172 3047 iteletleveltb615
1193 2981 1324 3046 melynek
1343 2978 1458 3041 credetije
1550 3017 1551 3028 ,

345 3087 506 3140 megranaz
528 3089 597 3124 craz.
620 3073 676 3124 ltar
697 3073 796 3124 kinost.
822 3077 889 3123 oszt.
912 3073 946 3126 N.
959 3073 993 3122 B.
1007 3073 1040 3122 A.
1064 3075 1125 3123 166.
1153 3075 1176 3120 1.
1201 3071 1270 3134 dipl.
1296 3070 1368 3122 ltdr:
1391 3070 1459 3118 3972.

346 3164 426 3216 Korn
438 3183 443 3216 :
457 3165 539 3230 ngy
553 3165 651 3230 Gynla.

832 3305 990 3318 *q

877 3545 951 3612 239.

351 3711 445 3776 1329.
454 3713 529 3797 joa.
548 3711 599 3776 14.
616 3707 646 3776 A
661 3711 782 3797 saepest
797 3711 958 3796 kdptolan
974 3707 1047 3774 elon
1062 3706 1206 3794 Ritotpt
1223 3728 1325 3771 comes
1337 3705 1386 3788 fio
1407 3699 1457 3768 Ja'·

348 3845 406 3886 nos
423 3831 534 3885 mester
550 3819 668 3904 defici,
685 3817 797 3906 Saepes
814 3820 997 3904 vdrmepyei
1014 3815 1153 3884 Kolcsva
1179 3825 1261 3882 nevit
1285 3809 1456 3878 diruebatur.

348 3953 368 3993 a
385 3929 506 3993 lovetot
530 3929 703 3994 kartbaosi
727 3927 934 3993 kolostoraalr
960 3923 1152 3990 Heimdorch
1183 3931 1266 3988 acolt
1298 3917 1458 3986 dirrohcie'rt

828 4034 1000 4100 eleserdlik.

458 4195 646 4282 Capitulum
664 4197 798 4263 ecclesie
814 4196 903 4262 beati
919 4194 1058 4261 Martini
1084 4192 1123 4257 de
1149 4189 1273 4276 Scepus
1288 4241 1296 4256 .
1314 4239 1321 4255 .
1336 4187 1376 4255 ad
1398 4183 1455 4252 uni·

327 4295 331 4304 ⁶
351 4327 514 4374 versorum
531 4308 685 4375 noticiam
702 4358 709 4374 .
726 4357 732 4373 .
749 4307 897 4372 volumus
913 4303 1089 4390 pervenire,
1117 4301 1203 4385 quod
1227 4297 1345 4364 nobilis
1368 4295 1412 4362 vir
1432 4295 1457 4355 et

351 4415 506 4482 honestus
537 4417 691 4500 magister
706 4413 876 4481 Johannes
900 4411 987 4478 filius
1013 4410 1149 4478 condam
1175 4409 1301 4474 comitis
1325 4397 1457 4484 Ricolpbi

459 4597 484 4659 *)
499 4598 522 4647 A
537 4597 641 4660 pontok
655 4597 755 4662 helydu
768 4591 926 4645 Araris-nah
939 4595 1046 4644 hellene
1056 4593 1133 4655 silini,
1143 4593 1176 4642 de
1190 4607 1222 4641 az
1235 4589 1265 4641 ki
1279 4605 1331 4641 van
1355 4585 1457 4638 valam

354 4685 491 4752 shelydre
505 4702 519 4735 e
533 4687 585 4736 nev
598 4687 674 4738 lrva:
690 4683 789 4754 Alspcb
802 4687 834 4753 (t)
848 4699 936 4751 vagy:
956 4681 1065 4750 Alapuk.
