3130 5470
605 587 608 594 A
672 532 861 579 nuuouuonr
882 521 1099 580 ouulurms.

845 913 918 976 396.

314 1075 411 1138 1329.
430 1075 477 1137 As
494 1075 564 1158 cyri
579 1074 738 1159 kdptalan
754 1074 827 1136 enm
842 1098 863 1137 c
880 1074 991 1138 Botsa
1017 1075 1292 1160 oomcetse‘pbeb'elr
1312 1077 1356 1141 <lsi
1369 1083 1424 1138 trt-

606 1181 672 1246 tote
689 1181 895 1246 distolaiboo
912 1183 1160 1266 meposstoznalr.

408 1394 430 1428 .·
448 1393 454 1408 .
471 1342 652 1426 capitulum
669 1341 803 1406 ecclesie
819 1337 991 1424 Agriensis
1007 1391 1014 1406 .
1032 1392 1039 1407 .
1056 1341 1097 1407 sd
1122 1341 1342 1408 universorum
1357 1341 1424 1405 noti-

321 1451 404 1516 ciam
430 1501 437 1516 .
463 1501 471 1516 .
494 1451 642 1516 volumus
675 1451 852 1534 pervenire,
879 1449 966 1534 quod
981 1451 1139 1533 magister
1161 1450 1335 1516 Ladislaus
1353 1447 1423 1513 filius

317 1557 443 1624 Thome
460 1556 519 1622 filii
536 1555 676 1624 Simonis
692 1579 751 1642 pro
768 1578 801 1621 se
819 1563 853 1621 et
868 1578 928 1642 pro
945 1555 1081 1640 Thema,
1098 1556 1261 1623 Michaele
1284 1565 1319 1623 et
1345 1554 1427 1621 Ladi-

316 1668 386 1732 slao
401 1664 477 1760 filiis
488 1666 564 1751 suis,
574 1667 652 1730 item
668 1665 822 1748 magister
832 1664 952 1730 Donch
967 1664 1052 1732 filius
1064 1665 1208 1732 eiusdem
1225 1667 1345 1732 Thomo
1359 1663 1428 1728 simi·

314 1777 391 1842 liter
407 1797 466 1860 pro
482 1797 516 1840 se
533 1781 565 1840 et
581 1797 640 1859 pro
656 1773 812 1840 Ladislao
829 1796 867 1838 sc
877 1773 1016 1840 Nioolao
1026 1773 1102 1840 filiis
1119 1775 1193 1858 suis,
1203 1776 1281 1840 item
1298 1773 1428 1856 magister

316 1881 474 1949 Nicolaus
490 1881 576 1948 filius
592 1883 688 1948 Boxa
713 1880 773 1946 filii
791 1880 936 1946 eiusdem
968 1879 1108 1947 Simonis
1123 1904 1183 1966 pro
1210 1903 1244 1947 se
1260 1888 1294 1947 et
1317 1902 1369 1966 pro
1382 1877 1426 1942 Li·

315 1991 414 2075 poldo
430 2013 470 2056 ac
485 1990 623 2056 Nicolao
639 1989 716 2056 filiis
732 1991 806 2073 suis,
823 1990 902 2054 item
919 1991 1073 2074 magister
1106 1988 1226 2056 Corma
1244 1990 1329 2055 filius
1342 1988 1428 2053 Fran-

317 2097 399 2182 ohyk
415 2097 473 2163 filii
490 2099 632 2164 eiusdem
647 2098 741 2164 Boxa
757 2119 816 2181 pro
832 2119 866 2162 se
883 2104 916 2162 et
931 2119 990 2182 pro
1007 2095 1109 2164 Petro
1126 2095 1271 2182 Georgio
1286 2096 1387 2162 Blasio
1397 2097 1422 2157 et

316 2205 455 2272 Nicolso
471 2206 629 2272 fratribus
645 2207 711 2271 suis
729 2206 874 2287 uterinis,
892 2207 970 2272 item
986 2208 1142 2290 magister
1167 2206 1344 2290 Gregorius
1358 2203 1429 2268 filius

317 2313 458 2379 Dionisii
490 2313 549 2380 filii
566 2315 708 2380 eiusdem
725 2313 869 2380 Simonis
885 2337 946 2398 pro
963 2337 997 2379 se
1014 2322 1047 2380 et
1063 2337 1122 2399 pro
1153 2316 1321 2382 Demetrio
1336 2311 1429 2378 Dioni·

317 2424 364 2486 sio
382 2444 421 2487 ao
436 2422 592 2489 Lsdislao
609 2423 760 2488 similiter
775 2421 851 2487 filiis
868 2424 944 2507 suis,
957 2423 1036 2488 item
1052 2422 1209 2490 Nicolaus
1225 2423 1309 2490 filius
1322 2418 1429 2488 Detiioi

318 2529 377 2595 filii
409 2531 488 2596 dicti
519 2529 660 2596 Simonis
691 2552 749 2614 pro
783 2551 816 2594 so
849 2536 882 2594 et
913 2553 972 2614 pro
1004 2531 1106 2596 Petro
1131 2529 1275 2616 Georgio
1315 2538 1345 2597 et
1373 2527 1429 2593 An·

320 2636 399 2702 drea
414 2636 489 2704 liliis
505 2639 578 2721 suis,
596 2639 675 2703 item
691 2639 847 2720 magister
864 2636 1007 2704 Thomas
1037 2636 1125 2702 filius
1157 2637 1299 2705 Simonis
1314 2637 1368 2703 filii
1390 2656 1427 2700 se-

318 2745 440 2830 pedicti
457 2744 597 2811 Simonis
613 2767 672 2830 pro
683 2767 716 2811 se
734 2752 767 2810 et
783 2767 841 2830 pro
857 2744 882 2810 J
883 2746 1010 2811 ohanne
1025 2745 1166 2812 Moroch
1181 2753 1215 2811 et
1230 2745 1355 2812 Simone
1369 2743 1430 2808 filiis

319 2854 408 2918 suis.
425 2904 431 2918 .
448 2859 687 2938 proposuerunt
704 2904 710 2918 .
727 2903 734 2918 .
751 2853 840 2938 quod
872 2855 1014 2938 exceptis
1030 2855 1288 2938 possessionibus
1304 2857 1428 2940 ipsorum

291 2977 295 2983 ·
320 2961 455 3026 emtioiis
473 2969 506 3025 et
521 2944 858 3046 possessionibus'per
883 2961 1012 3026 eosdem
1037 2962 1088 3025 vel
1114 2984 1174 3046 per
1199 2969 1308 3048 patres
1337 2981 1429 3026 eorum

318 3067 503 3152 ubicunque
519 3069 569 3134 vel
586 3069 846 3152 quandocunque
856 3070 1013 3154 aquisitis,
1024 3072 1056 3135 in
1074 3071 1223 3136 omnibns
1240 3073 1312 3137 aliis
1326 3089 1431 3156 posses-

322 3177 466 3242 sionibus
497 3177 644 3261 ipsorum
670 3178 741 3262 pari
765 3177 934 3241 voluntate
951 3182 983 3241 et
1000 3180 1161 3243 communi
1178 3201 1334 3245 consensu
1347 3177 1431 3243 talem

319 3286 408 3350 inter
424 3307 458 3350 se
489 3284 641 3351 iecissent
657 3285 848 3351 divisionem
864 3285 951 3368 quod
967 3288 1187 3370 possessiones
1213 3287 1304 3353 Ezen
1327 3288 1356 3352 in
1380 3305 1432 3369 qus

322 3393 461 3458 ecelesia
478 3393 608 3476 lapidea
623 3394 658 3456 in
673 3391 796 3459 honore
827 3392 1004 3458 beatissimi
1028 3393 1177 3460 Ladislai
1208 3397 1294 3480 rogis
1314 3401 1358 3460 est
1371 3393 1430 3458 fuo-

324 3502 411 3585 data,
421 3503 500 3568 item
510 3500 677 3586 Oghteluh
687 3503 720 3566 in
732 3503 888 3568 comitatu
898 3501 1054 3568 Zobouoh
1065 3502 1241 3570 existentes
1258 3521 1431 3570 cumeorum

324 3610 523 3676 utilitatibus
554 3611 702 3676 omnibus
727 3611 878 3676 videlieet
912 3613 1008 3676 terris
1034 3611 1211 3677 arabilibus
1237 3613 1325 3678 siluis
1347 3608 1432 3695 pratis

320 3717 430 3782 fluviis
447 3723 480 3782 et
496 3718 690 3784 molendinis
706 3721 785 3786 item
801 3724 894 3784 sexta
910 3739 987 3803 pars
996 3719 1073 3784 ville
1084 3717 1193 3784 Zeech
1209 3741 1248 3786 ao
1263 3721 1339 3786 villa
1351 3717 1432 3800 wys-

323 3847 395 3891 now
412 3832 445 3892 et
459 3827 597 3892 Pernow
614 3829 648 3892 in
665 3829 821 3894 comitatu
837 3827 976 3911 Zemlyn
992 3829 1111 3893 situate
1126 3830 1326 3912 pertinentes
1340 3827 1377 3893 ad
1392 3846 1432 3890 ca·

323 3941 429 3999 strum
443 3933 627 4019 Porostyan
644 3935 793 4000 similiter
810 3957 882 4000 cum
899 3934 1096 4000 utilitatibus
1112 3940 1221 4017 preter
1237 3937 1347 4002 silvam
1361 3935 1430 4017 ipss-

322 4065 394 4107 rum
410 4043 488 4107 item
514 4041 727 4108 Keth-Bozna
743 4042 905 4106 ineodem
922 4043 1079 4108 comitatu
1096 4041 1236 4128 Zemlyn
1253 4059 1431 4110 cumeorum

324 4151 523 4216 utilitatibus
556 4150 705 4216 omnibus
722 4151 891 4215 cessissent
916 4149 1071 4233 predictis
1096 4149 1252 4218 Ladislao
1278 4157 1311 4217 et
1333 4144 1434 4216 Donoh

323 4260 486 4343 magistris
502 4257 578 4324 filiis
595 4258 720 4324 'I'home
737 4281 776 4324 ac
792 4281 904 4324 eorum
920 4257 1093 4324 heredibus
1108 4258 1179 4322 iure
1206 4267 1359 4344 perpetuo
1374 4276 1434 4342 pos·

324 4366 457 4433 sidende
474 4373 507 4431 et
522 4367 678 4448 habende,
694 4369 772 4434 item
789 4367 1005 4452 possessiones
1022 4363 1314 4434 Ksth-Zeredahel
1329 4366 1432 4432 seilicet

324 4475 470 4558 superior
486 4481 518 4538 et
536 4473 670 4540 inferior
686 4476 720 4540 in
737 4497 801 4558 qua
818 4480 867 4542 est
883 4475 1020 4540 ecclesia
1044 4474 1078 4538 in
1093 4473 1215 4540 honore
1241 4476 1342 4542 sancti
1356 4469 1434 4538 Petri

324 4581 463 4666 apostoli
478 4581 624 4666 fundata,
641 4584 719 4648 item
729 4582 878 4648 Bereohk
888 4582 997 4648 Zeeoh
1013 4587 1046 4645 et
1062 4579 1221 4648 Beehlmd
1236 4585 1321 4648 inter
1337 4579 1434 4647 fluuios

325 4689 415 4762 Ticis
431 4693 464 4752 et
479 4689 636 4776 Bodrugh
652 4693 685 4757 in
696 4695 851 4758 comitatu
869 4693 908 4757 de
925 4692 1064 4778 Zemlyn
1082 4693 1257 4758 existentes
1275 4714 1344 4758 oum
1359 4687 1434 4754 utili·
