3112 5466
577 469 671 530 1326.
687 473 759 532 nis.
780 471 828 532 16.
1198 475 1262 536 245

131 645 303 712 utriuslibet
325 653 468 713 restrum
485 647 659 713 secundum
675 648 767 730 regni
787 650 1049 717 consvetudinenr
1066 653 1215 734 exigatur
1231 659 1264 718 et

131 753 237 820 eidem
264 756 410 838 palatino
436 756 486 822 vel
510 755 633 822 homini
665 778 722 821 suc
753 757 944 843 assignetur,
975 761 1123 825 similiter
1155 765 1263 826 eutem

130 863 322 947 quecunqrd
341 866 558 948 possessiones
573 866 608 930 in
624 864 870 949 quibuscunque
887 868 1093 933 comitatibus
1110 891 1166 933 seu
1182 870 1261 935 locis

131 971 304 1070 existentes
321 972 364 1036 ad
379 973 484 1055 ipsurn
501 974 679 1056 palatinum
697 973 747 1038 rel
764 974 906 1039 eiusdem
932 976 1142 1042 viceiudicem
1168 977 1261 1044 devo-

130 1077 199 1142 lute
224 1077 394 1145 iudiciario
410 1081 479 1145 iure
504 1080 612 1145 forent
637 1080 723 1145 idem
747 1081 843 1146 homo
869 1087 979 1148 noster
1004 1106 1077 1149 oum
1102 1084 1262 1152 iudicibus

131 1185 286 1250 nobilium
302 1187 391 1253 illius
408 1188 579 1254 comitatus
595 1189 629 1253 in
646 1211 709 1272 quo
726 1188 836 1256 eedem
864 1192 1081 1275 possessiones
1099 1193 1262 1260 habentur

131 1295 261 1359 selune
287 1296 463 1362 eorundem
479 1297 621 1362 iudicum
636 1297 784 1362 similiter
800 1295 859 1363 sub
876 1299 1060 1365 testimonio
1085 1307 1193 1367 restro
1211 1303 1261 1368 vel

130 1403 303 1470 cuiuslibet
318 1411 460 1470 vestrum
476 1404 659 1472 accedendo
676 1404 718 1471 ad
734 1403 849 1471 faciem
864 1406 1009 1490 ipsarum
1025 1409 1261 1491 possessionum

131 1511 260 1576 easdem
285 1514 490 1597 presentibus
515 1515 627 1579 ricinis
659 1519 692 1578 et
723 1516 952 1580 commeteneis
978 1517 1044 1581 suis
1079 1519 1262 1583 convocatis
1309 1521 1314 1529 “

131 1620 214 1685 scita
228 1621 367 1686 veritate
382 1622 493 1705 previa
509 1623 639 1688 iusticie
658 1621 771 1688 ordine
780 1623 859 1687 iuris
875 1628 907 1688 et
925 1624 1155 1690 consuetudine
1170 1625 1262 1708 regni

131 1727 309 1794 observatis
341 1735 465 1796 statuat
496 1731 643 1815 predicto
677 1731 824 1814 palatino
855 1731 905 1796 vel
932 1733 1055 1798 homini
1080 1755 1137 1799 suo
1162 1735 1262 1818 possi·

131 1835 271 1919 dendns3
303 1859 404 1921 quare
435 1836 587 1904 fidelitati
615 1845 718 1904 vestre
743 1890 750 1905 .
776 1891 783 1904 .
808 1840 1002 1923 precipimus
1027 1891 1034 1905 .
1060 1891 1067 1906 .
1099 1848 1261 1926 quatenus

130 1944 411 2028 quocienscunque
443 1951 476 2011 et
500 1945 758 2032 quandocunque
782 1948 972 2032 peripsum
996 1949 1178 2033 palatinum
1209 1951 1262 2015 rel

131 2052 275 2116 eiusdem
290 2057 518 2136 procuratores
536 2054 663 2120 fueritis
688 2057 836 2140 requisiti
861 2077 933 2121 cum
958 2057 1106 2141 predicto
1131 2057 1261 2124 homine

129 2165 240 2224 nostro
256 2167 399 2226 vestrum
418 2162 556 2227 mittatis
575 2162 738 2228 hominem
763 2185 822 2248 pro
847 2164 1032 2230 testimonio
1048 2163 1111 2229 fide
1127 2165 1262 2248 dignuin

130 2267 173 2333 ed
187 2269 346 2352 premisse
362 2269 561 2352 exequenda,
586 2275 619 2335 et
649 2277 723 2354 post
754 2271 814 2336 hec
844 2272 948 2337 tocius
978 2271 1057 2337 iacti
1082 2323 1088 2338 .
1115 2323 1121 2338 .
1147 2275 1261 2338 seriem

129 2377 284 2459 quociens
309 2383 504 2460 oportunum
526 2378 626 2444 fuerit
640 2379 734 2445 nobis
752 2379 892 2446 fideliter
916 2380 1111 2444 rescribatis.
1136 2379 1262 2446 Datum

128 2485 163 2548 in
179 2483 377 2568 Vyssegrad
403 2485 484 2554 feria
510 2491 601 2551 sexte
626 2487 774 2570 proxima
798 2493 873 2570 post
897 2485 1017 2552 festum
1041 2487 1261 2568 Pentecostes,

129 2613 216 2657 anno
233 2591 355 2656 domini
374 2591 550 2659 Millesimc
568 2592 671 2662 000⁰
687 2593 779 2659 XX⁰
795 2601 892 2661 sexto.

239 2755 281 2806 Aa
304 2757 362 2821 egri
383 2751 573 2818 neptalannak
597 2773 656 2807 erre
682 2761 758 2810 1327.
773 2759 870 2822 aprilis
894 2757 995 2810 2411611
1005 2759 1064 2808 kelt
1074 2757 1262 2822 jerencesebol,

128 2849 204 2912 mely
218 2849 320 2898 suerint
331 2862 348 2897 a
360 2847 493 2912 irriptalan
502 2849 610 2899 embere
623 2847 731 2912 Mihaly
744 2849 875 2898 kanouok
884 2849 965 2899 cldbb
975 2849 1114 2913 meggycsi
1124 2846 1256 2912 pltbtnos

128 2937 253 3003 Semjeni
265 2938 364 2988 Ltszld
376 2939 429 2988 kir.
444 2941 579 2989 emberrel
598 2940 729 2989 1327·bcn
750 2939 796 2988 »in
820 2938 959 2988 dominica
979 2937 1078 2990 Iaetere
1100 2943 1189 2988 totam
1202 2953 1263 3003 por-

127 3029 239 3080 cionem
253 3029 364 3080 Nicolei
377 3028 428 3079 filii
442 3029 593 3078 Alexandri
604 3028 635 3078 in
648 3028 819 3092 possessione
828 3030 972 3079 Devecher
981 3033 1078 3079 vocata
1087 3029 1117 3078 in
1127 3027 1263 3080 comitatu

128 3121 161 3170 de
175 3120 317 3170 Zobolche
330 3119 493 3169 existentem
516 3133 566 3183 pro
579 3134 612 3168 eo
625 3119 699 3181 quod
711 3119 784 3168 idem
804 3119 933 3170 Nicolaus
946 3119 977 3168 in
990 3119 1107 3170 crimine
1119 3119 1264 3182 hospitali·

128 3211 196 3260 tatis
205 3210 330 3273 impense
343 3209 460 3258 scienter
471 3208 578 3259 furibus
589 3208 777 3273 deprehensus
789 3211 818 3258 et
830 3223 922 3258 coram
933 3208 941 3256 i
945 3222 993 3273 pso
1003 3209 1128 3272 palatino
1139 3209 1263 3272 legitime

128 3301 274 3352 convictus
288 3299 434 3362 extitisset,
457 3299 566 3364 prelato
586 3298 716 3363 Philippo
737 3299 862 3362 palatino
884 3301 961 3349 nullo
983 3299 1187 3350 contradictore
1207 3298 1264 3349 exi·

128 3395 221 3441 stente
234 3391 421 3440 statuissent«
447 3389 471 3438 A
489 3389 677 3453 ktptelnnnek
691 3390 763 3439 errdl
777 3388 851 3439 1ιόΙὸ
861 3389 1008 3454 jelenttstt
1020 3390 1041 3438 1.
1055 3389 1160 3454 Keroly
1172 3389 1264 3452 kirtly

130 3481 268 3532 1327·ben
280 3479 644 3543 ›quintodecimokalendes
654 3479 741 3530 Julii«
753 3478 812 3528 kelt
818 3477 888 3542 jeles
898 3477 982 3530 alekir
991 3478 1170 3529 okleveleben
1181 3477 1265 3542 ritirja

128 3571 156 3620 ds
170 3587 188 3620 a
200 3573 330 3621 nevezett
351 3569 452 3620 uddort
469 3586 486 3619 a
507 3569 698 3620 birtokltsben
720 3569 879 3634 megerilsiti
904 3569 1087 3619 »attendendo
1102 3605 1128 3618 ..
1147 3567 1264 3617 servicia

128 3677 183 3725 que
204 3661 279 3711 idem
300 3660 446 3724 Philippus
468 3659 606 3723 palatinus
629 3659 784 3709 hereditate
806 3663 834 3708 et
856 3659 979 3723 paternis
1001 3659 1082 3708 bonis
1104 3656 1211 3708 relictis
1229 3657 1264 3706 de

127 3753 242 3817 Apulya
254 3766 305 3801 nos
319 3751 348 3800 in
361 3753 454 3800 nostre
476 3752 506 3799 et
517 3764 565 3799 sue
587 3749 774 3800 adolescenoie
793 3754 918 3813 tempore
939 3749 969 3798 in
992 3749 1165 3812 Hungeriam
1187 3761 1261 3798 secu-

127 3848 194 3911 tus..
210 3878 217 3891 .
232 3839 362 3890 exhibuit
375 3844 402 3888 et
414 3839 559 3902 impendit.
573 3840 610 3888 ³1.
621 3838 721 3903 Karou
740 3838 888 3902 kirtlynelr
902 3851 967 3888 ezen
980 3837 1132 3902 diplorntja
1145 3851 1262 3902 megvan

127 3931 292 3982 credetiben
305 3945 337 3979 az
352 3943 420 3979 orsa.
434 3928 489 3978 lter
501 3928 599 3982 kinost.
620 3931 686 3978 oszt.
706 3929 740 3979 N.
753 3929 786 3978 R.
800 3927 833 3977 A.
856 3931 932 3979 1535.
947 3931 987 3978 21.
1011 3926 1078 3990 dipl.
1092 3925 1164 3979 ltdr:
1185 3931 1263 3989 2472,

126 4021 230 4072 Kezri:
251 4020 332 4084 Nugy
346 4019 446 4083 Gyula.
