3132 5470
340 396 405 456 334
698 408 887 455 suaoauom
905 393 1122 454 ouulurrlu.

338 575 426 638 sione
443 592 500 636 sua
525 571 606 654 Irug
622 577 737 635 vocata
753 569 941 634 distinctam
958 619 964 632 .
983 619 990 632 .
1007 591 1026 633 a
1043 569 1121 632 data
1145 568 1346 650 presencium
1370 587 1456 648 nsque

338 681 526 764 vigesimam
542 681 681 761 primam
697 679 937 742 revelacionem
954 675 1099 740 eiusdem
1124 675 1300 742 annualem
1325 674 1418 738 Petro
1432 683 1457 737 el

340 787 479 852 Nicolao
495 787 570 851 filiis
586 786 682 850 Phile
698 809 758 870 pro
775 787 914 868 triginta
930 784 1057 850 duabus
1068 785 1186 849 marcis
1202 781 1379 866 quamlibet
1388 805 1456 846 mar-

342 919 412 961 cam
430 918 501 960 cum
519 917 574 958 sex
584 896 692 978 peusis
709 892 927 977 computando
944 944 950 958 .
968 943 974 957 .
993 894 1120 977 pignori
1132 894 1311 976 obligasset
1326 893 1383 956 tali
1396 913 1456 954 coo·

342 1005 467 1068 dicione
502 1002 674 1085 mediante,
709 1001 797 1085 quod
834 1001 1096 1085 quandocunque
1123 1001 1235 1066 eadem
1263 1001 1389 1064 domina
1419 999 1457 1062 rel

341 1111 461 1194 prefati
478 1110 536 1174 filii
553 1111 603 1174 sui
620 1110 670 1173 vel
696 1111 806 1173 saltim
831 1132 913 1176 unus
941 1132 981 1174 ex
1007 1110 1129 1176 eisdem
1154 1117 1212 1174 aut
1237 1107 1307 1174 filia
1333 1108 1456 1172 eiusdem

344 1221 472 1286 domine
487 1220 602 1283 relicta
618 1217 768 1282 videlicet
785 1219 933 1301 magistri
949 1219 1049 1284 Pauli
1065 1217 1124 1282 filii
1152 1218 1297 1282 eiusdem
1321 1216 1412 1281 Phile
1431 1218 1456 1278 in

343 1328 489 1413 predicto
506 1327 645 1391 termino
661 1327 711 1390 vel
727 1333 801 1410 post
817 1376 823 1391 .
840 1377 846 1391 .
864 1334 974 1410 posset
998 1327 1158 1392 redimere
1183 1325 1361 1391 redimendi
1377 1325 1458 1388 habe·

343 1443 394 1502 ret
410 1435 532 1518 absque
548 1435 658 1518 aliquo
673 1435 859 1517 gravamine
875 1436 926 1499 vel
942 1456 1027 1519 pena
1044 1434 1158 1519 duppli
1183 1434 1322 1499 liberam
1339 1439 1371 1498 et
1385 1455 1458 1497 secu-

344 1565 415 1610 ram
431 1542 631 1626 facultatem,
659 1541 718 1606 tali
750 1543 853 1608 eciam
869 1543 999 1608 vinculo
1024 1543 1200 1608 interserto
1225 1541 1313 1626 quod
1329 1563 1386 1606 nec
1400 1565 1458 1606 cunr

344 1651 441 1716 rebus
455 1652 637 1716 vicinorum
653 1658 947 1716 commetaneorunr
978 1651 1029 1716 vel
1045 1659 1276 1716 extraneorum
1301 1651 1458 1733 quorumli-

343 1759 401 1824 bet
411 1757 473 1822 nisi
484 1779 556 1822 cum
569 1757 666 1822 rebus
676 1759 820 1841 ipsorum
829 1759 968 1842 propriis
978 1759 1139 1824 redimere
1149 1760 1277 1844 possint
1293 1759 1335 1824 ab
1345 1759 1457 1825 eisdem.

347 1866 410 1930 hoc
435 1866 537 1930 eciam
553 1887 618 1930 non
633 1866 843 1948 pretermisso
860 1866 992 1950 quodsi
1009 1866 1123 1930 eadem
1141 1866 1274 1932 domina
1289 1865 1459 1930 Katherina

345 1980 461 2040 vocata
476 1973 639 2040 residuam
664 1976 898 2058 possessionem
924 1997 980 2039 seu
1005 1977 1202 2060 particulam
1227 1976 1310 2060 Irug
1333 1983 1461 2040 uocatam

347 2104 409 2165 que
426 2081 530 2146 eidem
545 2084 751 2148 remansisset
777 2081 970 2165 possidenda
995 2082 1037 2148 ab
1064 2084 1177 2149 eadem
1202 2085 1364 2169 particula
1379 2105 1460 2166 quum

347 2189 466 2256 eisdem
504 2189 579 2254 filiis
612 2187 685 2256 File
711 2191 958 2274 impignorasset
991 2192 1090 2256 alicui
1114 2193 1165 2256 vel
1190 2193 1367 2276 cuicunque
1396 2193 1462 2274 iupi-

347 2319 486 2383 gnorare
523 2297 660 2362 rendere
710 2299 762 2364 vel
801 2300 1072 2383 qualitercunque
1114 2302 1258 2366 alienare
1297 2301 1391 2366 vellet
1423 2299 1462 2362 rel

348 2409 507 2472 niteretur
547 2407 620 2472 aliis
667 2429 732 2472 non
770 2409 872 2493 possit
919 2409 980 2474 nisi
1027 2409 1103 2475 filiis
1141 2411 1237 2476 Phile
1277 2433 1376 2494 usque
1411 2417 1462 2475 ter-

347 2517 470 2580 minum
486 2521 519 2580 et
535 2516 769 2580 revolucionem
785 2519 862 2581 anni
877 2524 1102 2600 prenotatam;
1127 2521 1216 2584 cuius
1238 2521 1364 2602 quidem
1379 2519 1464 2602 perti-

348 2625 419 2688 cule
436 2630 522 2688 terre
539 2625 624 2688 sicut
640 2623 752 2689 eadem
770 2624 900 2691 domina
916 2633 949 2690 et
970 2627 1111 2711 predicti
1135 2627 1195 2692 filii
1221 2630 1271 2694 sui
1288 2627 1377 2693 nobis
1391 2627 1462 2691 dixe

348 2739 426 2798 runt
441 2737 525 2798 mete
541 2731 601 2795 tali
618 2731 729 2796 ordine
745 2733 1000 2818 distinguuntur,
1020 2735 1108 2818 quod
1134 2735 1239 2818 prima
1264 2743 1350 2800 meta
1365 2736 1460 2817 incipit

349 2839 510 2905 aduabus
535 2837 705 2905 arboribus
730 2863 850 2906 nucum
875 2863 971 2906 cruce
997 2843 1133 2926 signatis
1160 2865 1261 2928 prope
1291 2844 1463 2909 Danubium

350 2947 562 3012 existentibus
578 2949 669 3014 iuxta
685 2949 797 3014 villam
813 2949 894 3034 Irug
911 2957 943 3014 et
960 2952 1081 3016 transit
1096 2953 1201 3037 ipsum
1216 2952 1401 3018 Danubium
1410 2973 1464 3015 rer·

350 3077 403 3120 sus
420 3057 578 3119 orientem
594 3063 626 3120 et
643 3063 756 3122 contra
772 3079 900 3122 cursum
923 3060 1025 3143 ipsius
1050 3059 1194 3127 Danubii
1220 3063 1326 3128 tendit
1356 3081 1463 3127 sursum

350 3165 435 3228 circa
451 3164 614 3248 quandam
640 3167 753 3232 silvam
779 3166 962 3252 Zewzygeti
979 3175 1126 3236 vocatam
1143 3191 1245 3253 nsque
1269 3171 1362 3235 illum
1376 3171 1464 3234 lorum

350 3272 406 3337 ubi
423 3271 556 3354 quidam
580 3273 695 3340 fluvius
713 3278 768 3359 qui
785 3274 987 3341 Silla-Dura
1013 3283 1148 3342 vocatur
1179 3279 1246 3342 exit
1262 3279 1302 3344 de
1319 3278 1464 3355 Danubio,

351 3379 425 3443 inde
447 3381 535 3462 girat
549 3403 659 3448 versus
676 3383 843 3448 meridiem
860 3407 917 3468 per
942 3387 1095 3468 antiquas
1121 3394 1224 3452 metas
1250 3410 1312 3471 que
1329 3391 1463 3472 separent

352 3493 385 3550 et
401 3487 606 3571 distinguunt
622 3491 725 3574 ipsam
742 3494 938 3575 particulam
956 3499 1042 3558 terre
1058 3517 1078 3558 a
1103 3497 1306 3578 possessione
1322 3499 1461 3562 monaste

352 3595 393 3658 rii
420 3595 532 3661 Sancti
558 3595 699 3681 Spiritus
724 3599 835 3666 Nazra
869 3607 983 3666 vocata
1009 3608 1041 3666 et
1066 3623 1123 3686 per
1149 3603 1277 3668 easdem
1303 3603 1464 3668 reflectitur

353 3703 470 3768 iterum
495 3725 605 3770 versus
631 3707 829 3772 occidentem
861 3717 894 3773 et
925 3711 1012 3774 venit
1044 3710 1086 3774 ad
1117 3711 1267 3776 arborem
1293 3735 1353 3776 nar
1388 3729 1465 3774 cruce

352 3813 515 3894 signatam
541 3820 573 3878 et
598 3815 644 3879 ibi
670 3817 826 3882 retransit
851 3817 955 3900 ipsum
980 3817 1170 3883 Danubium
1195 3819 1237 3884 ad
1255 3843 1350 3886 uuam
1365 3827 1465 3884 metam

352 3925 493 3985 terream
509 3943 572 4004 que
588 3929 637 3987 est
653 3925 687 3988 in
703 3924 808 3990 medio
828 3925 995 3990 cuiusdam
1012 3928 1122 4010 magni
1138 3931 1277 3993 nemoris
1295 3950 1394 4013 prope
1408 3947 1465 4011 por

352 4035 422 4093 tum
439 4035 471 4094 et
487 4033 666 4114 pertransit
682 4033 788 4116 ipsum
803 4055 915 4098 nemus
931 4055 989 4117 per
1005 4041 1108 4099 metas
1124 4038 1277 4120 antiquas
1295 4060 1355 4120 que
1370 4037 1464 4100 ‹listin-

353 4143 456 4220 gvunt
479 4139 584 4221 ipsam
609 4141 805 4223 particulam
833 4149 919 4208 terre
954 4165 974 4207 a
1009 4143 1157 4228 predicta
1180 4149 1378 4230 possessione
1399 4142 1463 4210 dicti

353 4247 542 4310 monasterii
559 4252 592 4311 et
607 4250 753 4330 pervenit
769 4249 811 4314 ad
836 4257 902 4316 tres
927 4257 1031 4316 metas
1056 4259 1181 4320 terreas
1205 4256 1384 4338 angulares,
1405 4249 1466 4315 inde

356 4373 473 4436 parum
499 4353 604 4418 eundo
629 4355 807 4423 reflectitur
831 4382 941 4425 versus
966 4364 1228 4445 septemtrionem
1253 4362 1297 4428 ad
1322 4359 1463 4447 quandam

354 4464 439 4528 viam
455 4471 488 4528 et
497 4467 696 4532 transeundo
708 4469 811 4552 ipsam
820 4471 904 4536 viam
916 4474 1005 4537 venit
1014 4472 1056 4536 ad
1073 4480 1194 4539 metam
1209 4479 1358 4556 terream,
1368 4467 1465 4536 deinde

355 4570 533 4637 reflectitur
548 4596 607 4658 per
623 4575 759 4641 eandem
775 4579 859 4644 viam
875 4580 994 4645 iterum
1021 4603 1131 4647 versus
1147 4583 1306 4648 orientem
1322 4603 1377 4666 per
1391 4597 1466 4662 quos·
