3132 5470
565 487 660 554 1328.
681 506 768 552 surr.
787 491 814 552 7.
1190 489 1256 552 371

126 687 220 734 arma
234 668 393 734 militaria
408 671 440 733 st
465 668 529 733 alia
545 667 655 734 omnia
672 689 734 752 que
750 667 784 733 in
800 666 913 733 eadem
939 669 1077 734 eeclesia
1092 666 1258 734 habebant

126 793 186 863 per
201 775 336 842 modum
350 774 429 842 furti
445 773 619 842 auferendo
635 774 764 860 penitus
795 779 1024 861 asportassent,
1051 774 1262 860 quamobrem

126 884 282 952 fidelitati
300 890 404 951 vestre
419 885 634 972 precipientes
660 885 772 949 damus
803 882 939 950 firmiter
954 886 988 950 in
1003 885 1167 950 mandatis
1184 906 1263 970 qua·

128 997 224 1058 tenus
240 993 500 1077 quandocunque
525 997 558 1058 et
573 992 758 1076 ubieunque
774 993 808 1057 in
823 991 908 1058 villis
924 993 989 1059 sire
1014 993 1048 1058 in
1074 989 1262 1058 civitatibus

128 1125 186 1170 seu
201 1106 235 1170 in
252 1105 375 1190 eampis
392 1110 449 1170 aut
464 1101 544 1170 loeis
561 1103 761 1169 silvestribus
777 1103 874 1169 iidem
900 1103 987 1170 fures
1003 1126 1060 1170 seu
1075 1101 1264 1169 malefacto·

128 1237 181 1279 res
197 1237 237 1280 ac
253 1235 305 1278 res
330 1219 363 1278 et
388 1213 474 1278 bona
499 1210 611 1278 ablata
635 1233 693 1296 per
719 1212 849 1278 eosdem
873 1215 995 1298 reperti
1021 1217 1054 1278 et
1071 1211 1262 1298 deprehensi

128 1321 252 1388 suerint
268 1322 354 1406 ipsas
370 1341 421 1387 res
437 1324 584 1406 presente
609 1317 759 1386 Dionisio
775 1321 909 1405 parvulo
934 1327 1045 1387 nostro
1070 1321 1175 1386 latore
1191 1341 1269 1405 pre·¹
1382 1407 1385 1413 Δ

128 1431 274 1495 sensium
291 1451 386 1513 quem
403 1428 445 1494 ad
461 1427 671 1512 requirendas
688 1433 719 1494 et
735 1427 978 1514 investigandas
994 1429 1081 1514 ipsas
1098 1449 1150 1493 res
1166 1428 1262 1493 amis·

129 1560 181 1603 sas
196 1538 434 1603 transmisimus
465 1535 568 1602 eidem
593 1535 733 1602 Nioolao
759 1538 939 1604 restituatis
963 1539 1058 1623 plene
1085 1542 1118 1603 et
1133 1539 1260 1622 integro

127 1646 321 1729 eosdemque
337 1644 561 1712 malefactores
578 1652 690 1730 captos
716 1668 856 1713 unarum
881 1645 993 1712 eodem
1018 1646 1167 1712 Dionisio
1183 1667 1273 1731 part

125 1756 202 1820 rulo
218 1760 330 1821 nostro
347 1754 390 1820 ad
405 1758 551 1820 nostrum
576 1754 729 1820 iudicium
754 1755 995 1839 transmittatis,
1034 1776 1125 1822 seous
1150 1754 1265 1821 faeere'

126 1885 192 1930 non
208 1863 366 1930 audentes
392 1863 460 1928 ullo
483 1862 579 1929 modo
595 1864 679 1929 siout
694 1869 839 1930 nostram
855 1865 999 1948 graciam
1015 1861 1177 1930 offendere
1193 1863 1273 1929 for·

126 1971 267 2037 midatis.
284 1970 410 2038 Datum
427 1972 460 2036 in
476 1971 656 2057 Vysegrad,
683 1972 844 2039 dominica
868 1972 1016 2056 proxima
1041 1976 1117 2037 ante
1141 1970 1272 2037 festum*

127 2077 169 2145 ad
185 2079 317 2145 vincula
333 2076 445 2144 Sancti
461 2077 565 2164 Petri,
582 2101 667 2146 anno
685 2079 805 2146 domini
831 2078 885 2144 Μ0
902 2076 1003 2146 000ο
1027 2077 1120 2144 ΧΧ0
1136 2087 1260 2146 octavu.

236 2243 389 2324 Hdtlapjstn
403 2243 495 2308 peosot
507 2243 772 2306 maradvrlnyaiva13
796 2243 926 2308 eredetijo
949 2259 981 2294 az
1002 2259 1070 2296 orsz.
1090 2244 1146 2294 ltar
1159 2245 1271 2300 lineat.¹

128 2337 196 2387 oszt.
210 2333 244 2383 N.
257 2335 290 2382 R.
305 2334 338 2385 A.
356 2338 431 2385 lose.
448 2337 488 2385 12.
503 2335 568 2399 dipl.
584 2338 614 2385 lt.
630 2337 707 2385 2507.
721 2335 801 2384 Kozli
813 2351 819 2385 :
833 2334 936 2385 Vinoze
948 2334 1048 2385 dabor.

617 2549 774 2558 ..u-..na

132 3005 227 3069 1328.
243 3005 400 3092 Pozoouy,
414 3015 489 3090 sept.
508 3003 534 3066 7.
553 3004 580 3068 Ι.
597 3005 724 3092 Kdroly
740 3006 851 3092 kil-aly
868 3006 940 3070 dou
957 3007 1115 3090 Mdrkfla
1134 3009 1259 3074 Lo'rciut

130 3137 187 3200 epy
201 3113 334 3193 «renardi,
352 3111 543 3178 meiardazrdl
559 3111 674 3177 Simon
690 3112 835 3194 dunfini,
867 3113 1093 3181 Tissa-Saarna
1109 3119 1141 3180 ds
1158 3115 1260 3200 Eper-

131 3221 250 3286 Szatok
267 3219 370 3286 Hever
385 3221 567 3308 edrmeqyei
583 3221 782 3286 birtolcailcat
798 3222 929 3308 lee‘tfele'
952 3227 1095 3305 matoria,
1121 3247 1159 3290 az
1191 3249 1259 3288 erre

130 3329 307 3396 oonutkozd
315 3330 423 3394 okirat
434 3329 579 3414 eredetije
594 3329 706 3394 kerolt
717 3351 776 3416 epy
790 3329 906 3415 perbeo
923 3355 944 3396 a
950 3329 1257 3418 jdutueoezettfelek

238 3439 354 3504 utddai
363 3437 445 3503 oleat
451 3437 736 3525 felmututtotodu,
746 3438 902 3503 kioouoto
917 3441 974 3525 iqy
989 3440 1152 3526 huapzilc:

243 3597 421 3684 »quasdam
460 3597 587 3665 litteras
624 3601 775 3684 patentes
815 3597 936 3665 domini
974 3597 1095 3666 Karoli
1134 3591 1260 3685 pridem

130 3708 215 3792 regis
245 3705 418 3793 Hungarie
445 3709 531 3776 olare
561 3709 714 3774 memorie
747 3707 870 3774 domini
900 3709 1003 3775 nostri
1019 3709 1053 3774 in
1084 3729 1168 3773 anno
1204 3707 1259 3774 do·

131 3817 210 3882 mini
233 3815 409 3885 Millesimo
434 3815 537 3886 000⁰
558 3818 712 3902 vigesimo
738 3821 860 3900 octavo,
875 3815 958 3883 feria
975 3823 1096 3904 quarta
1111 3817 1260 3902 proxima

131 3931 208 3990 ante
239 3923 357 3992 festum
381 3923 575 3992 Natiuitatis
606 3923 753 4010 Virginis
783 3925 923 4010 gloriose
963 3925 1097 3992 Posonii
1129 3944 1260 3990 emana-

130 4039 181 4100 tas
203 4039 434 4119 presentarant
458 4035 659 4101 continentes
690 4033 778 4120 quod
807 4031 961 4100 Lorando
992 4032 1060 4100 filio
1085 4031 1185 4099 Marlr
1218 4032 1260 4097 ab

131 4163 196 4208 nna
213 4141 349 4227 Thema,
366 4139 510 4228 Georgio
526 4147 558 4208 et
573 4139 714 4209 Nicolao
730 4140 805 4208 filiis
822 4140 971 4228 Symonis
986 4142 1064 4208 bani
1074 4163 1132 4208 suo
1149 4146 1183 4208 et
1198 4140 1224 4207 J
1225 4163 1258 4206 a·

130 4250 203 4317 cobi
220 4272 258 4318 aa
274 4249 434 4317 Demetrii
450 4251 590 4320 fratrum
606 4272 740 4318 suorum
756 4251 959 4318 uterinorum
990 4253 1119 4318 nomine
1135 4240 1261 4316 necnon

129 4357 156 4423 J
157 4359 260 4426 aeobo
275 4357 343 4426 filio
360 4359 542 4444 Myohaelis
558 4357 619 4426 filii
636 4359 783 4426 eiusdem
799 4357 949 4445 Symonis
964 4358 1042 4426 bani
1058 4381 1118 4426 sua
1134 4363 1167 4424 et
1182 4357 1263 4424 dieti

129 4469 236 4552 patris
252 4470 303 4534 sni
318 4469 388 4535 viee
405 4473 438 4534 et
453 4469 583 4534 nomine
598 4473 694 4554 parte
711 4490 750 4534 ex
766 4469 871 4535 altera
881 4487 992 4534 eoram
1002 4465 1115 4534 eodem
1131 4467 1261 4533 domino

129 4599 206 4662 rege
223 4577 408 4644 constitutis
423 4577 510 4643 idem
528 4575 702 4644 Lorandus
719 4575 855 4644 dixisset
880 4575 968 4662 qnod
994 4577 1027 4642 in
1053 4574 1262 4641 dimidietati·

129 4687 193 4754 brus
217 4689 452 4776 possessionum
477 4687 683 4774 Tyzazalouk
708 4691 741 4754 et
774 4686 981 4773 Egernalouk
1014 4691 1204 4754 vocatarum
1228 4685 1262 4749 in

1093 4793 1155 4862 24*
