3112 5466
663 463 850 509 suronnoru
867 449 1086 507 ouulnrrin.

839 843 914 904 222.

314 1008 410 1070 1326.
436 1027 506 1090 apr.
527 1004 578 1068 27.
606 1002 634 1066 A
661 1005 735 1087 eripi
760 1012 890 1066 coniverit
917 1001 990 1064 elr'r'lt
1016 1001 1159 1066 Horodti
1184 1001 1296 1064 Fekete
1319 1000 1423 1064 Bolo'ze

317 1137 417 1178 comes
442 1115 475 1175 e's
501 1113 598 1176 Deire
621 1111 689 1193 fiai
723 1110 868 1176 Recedet
902 1109 1049 1173 zololrrui
1074 1109 1271 1194 tojuz'vdualc
1299 1112 1424 1193 &reecpit

464 1220 612 1305 dizonyos
629 1219 804 1282 tirtolcrdsz
820 1217 1062 1304 elfoylalcterito'l
1077 1217 1293 1281 tilclmazzo'k.

416 1379 487 1445 Nos
512 1377 639 1444 Ivanka
669 1379 880 1444 miseracione
912 1375 1022 1441 divine
1047 1377 1230 1461 prepositus
1254 1377 1422 1444 monasterii

309 1491 403 1556 beate
419 1488 554 1571 virginis
570 1487 610 1552 de
626 1485 737 1571 Saagh
753 1492 787 1552 et
802 1491 981 1552 conventus
1005 1486 1068 1551 loci
1094 1487 1237 1552 eiusdem
1254 1485 1361 1551 damus
1375 1505 1424 1569 pro

310 1599 474 1680 memorie,
492 1595 580 1680 quod
597 1617 702 1662 eomes
712 1595 843 1660 Blesins
859 1595 951 1678 niger
968 1593 1008 1659 de
1023 1593 1166 1662 Horueti
1183 1619 1242 1680 pro
1258 1617 1292 1662 se
1306 1618 1361 1680 pro
1376 1595 1425 1660 ls-

311 1726 371 1772 cou
387 1704 571 1770 Laurencio
589 1709 622 1768 et
638 1699 739 1768 Ande
753 1701 829 1768 filiis
847 1701 975 1769 Detrici
994 1701 1151 1769 fratribus
1161 1705 1228 1770 suis
1243 1703 1422 1770 adnostrsm

310 1814 525 1898 personaliter
542 1811 724 1878 accedendo
740 1811 940 1895 presenciam
957 1813 1034 1895 quie
1049 1809 1169 1878 fratres
1184 1813 1286 1898 ipsius
1301 1811 1422 1898 predicti

311 1943 408 2006 super
423 1921 624 2005 possessione
639 1921 783 2003 ipsorum
808 1941 873 1985 non
904 1925 1011 1984 essent
1037 1925 1070 1985 et
1095 1919 1243 1988 deessent
1268 1926 1301 1986 et
1323 1921 1422 1985 relicta

309 2030 481 2096 Benedicti
497 2029 617 2114 pugilis
637 2029 677 2094 de
702 2028 869 2094 zelathnie
884 2029 917 2092 in
934 2029 1100 2094 ereccione
1124 2035 1286 2095 metarum
1309 2049 1422 2094 suerum

310 2145 432 2204 terrem
448 2140 591 2222 ipsorum
607 2139 784 2222 recepisset
799 2141 831 2202 et
844 2138 1077 2221 recaptivssset
1087 2145 1190 2204 metes
1200 2139 1424 2223 supercandem

311 2244 464 2329 erigendo
480 2245 558 2328 ipsis
574 2243 650 2310 filiis
675 2244 805 2310 Detrici
822 2245 848 2310 si
864 2246 1017 2329 prosequi
1036 2246 1175 2311 voluerit
1191 2247 1242 2312 vel
1259 2249 1285 2312 si
1301 2246 1425 2314 noluerit
1534 2315 1535 2338 5

312 2359 431 2418 extunc
446 2353 507 2418 sibi
524 2359 557 2418 et
573 2353 615 2418 ed
630 2354 791 2419 iusticiam
806 2354 908 2438 ipsius
924 2353 1091 2437 prohibuit
1109 2355 1214 2440 ipsam
1231 2355 1384 2422 dominam
1398 2361 1424 2420 et

312 2461 475 2545 orphanos
490 2461 593 2545 ipsius
608 2462 751 2543 legitime
768 2467 802 2526 et
828 2461 1000 2526 interdixit
1026 2469 1059 2526 et
1075 2485 1184 2528 coram
1209 2465 1302 2530 nobis
1318 2465 1356 2530 sb
1370 2484 1425 2528 ere

314 2571 424 2635 coione
456 2573 489 2633 et
519 2569 741 2634 reservecione
757 2574 917 2633 metarum
950 2589 1047 2654 super
1078 2573 1276 2655 possessione
1301 2571 1426 2637 fratrum

311 2679 412 2762 ipsius
428 2682 462 2742 et
477 2698 516 2741 ne
532 2677 633 2760 ipsius
658 2677 789 2742 iusticia
805 2683 837 2741 et
852 2675 991 2742 fratrum
1016 2699 1146 2744 suorum
1162 2681 1223 2746 sub
1239 2682 1367 2748 silencio
1381 2679 1426 2745 ob·

312 2793 457 2852 serretur
473 2793 587 2870 petens
603 2807 661 2851 nos
678 2786 851 2868 diligenter
866 2793 904 2852 ut
919 2788 953 2851 in
969 2789 1188 2855 testimonium
1212 2789 1427 2875 prohibicionis

314 2895 428 2960 literas
444 2900 572 2959 nostres
588 2895 650 2980 ipsi
666 2895 745 2960 dare
756 2895 971 2978 dignaremur.
987 2893 1112 2963 Datum
1128 2898 1180 2964 die
1196 2899 1352 2966 dominico
1366 2919 1427 2984 pro

313 3004 401 3068 ximo
435 3007 510 3086 post
535 3002 654 3069 festum
678 3003 768 3068 beati
793 3001 929 3086 Georgii
954 3007 1106 3090 martiris,
1130 3029 1214 3074 anno
1245 3008 1364 3074 domini
1384 3005 1429 3072 Ml

313 3109 415 3176 0000
429 3112 585 3193 vigesimo
601 3117 700 3177 sexto.

420 3274 550 3324 Ztrlstetn
572 3274 664 3338 pecstt
685 3275 862 3344 nyomaiva13
883 3275 1012 3342 credetije
1038 3293 1055 3327 11
1076 3279 1109 3328 N.
1132 3277 1325 3331 Muzeumbsn.
1345 3279 1429 3338 unsri:

314 3363 441 3414 Gsontosi
453 3365 547 3416 nenos.

816 3529 861 3536 ..r-
889 3529 954 3537 -.

841 3769 915 3831 223.

316 3927 411 3992 1326.
429 3950 501 4013 apr.
518 3926 569 3992 28.
586 3925 707 3992 Gomon
721 3932 888 4016 cdrmeppe
913 3931 1086 4016 nlispcluja
1110 3933 1143 3995 c‘s
1167 3933 1347 4000 birola'rsai
1370 3934 1430 3998 otuu

316 4035 537 4118 Benedekfloi
546 4037 708 4101 Domokos
724 4040 756 4101 es
772 4039 905 4119 Muclus,
915 4039 1108 4105 Paskolzdza
1124 4045 1156 4105 es
1173 4043 1290 4108 Vdmos
1300 4044 1431 4110 birtolcok

605 4146 707 4232 solon
723 4149 999 4213 coereszerzltde'sre
1016 4150 1136 4235 lepnelc.

421 4301 492 4370 Nos
522 4303 668 4372 Jacobus
693 4307 761 4372 vioe
785 4306 934 4393 Philippi
958 4310 1097 4392 palatini
1121 4313 1253 4379 curialis
1278 4335 1381 4380 comes
1403 4315 1431 4377 et

314 4414 457 4494 quatuor
487 4411 608 4479 iudices
639 4413 797 4482 nobilium
831 4415 870 4480 de
905 4419 1062 4484 comitatu
1087 4417 1298 4488 Gumuriensi
1329 4423 1432 4488 demus

314 4540 374 4602 pro
384 4522 547 4606 memoria,
563 4523 651 4606 quod
666 4527 820 4609 magister
831 4523 1019 4593 Dominicus
1035 4527 1122 4595 filius
1137 4529 1309 4598 Benedicti
1325 4555 1363 4599 ex
1377 4553 1433 4598 uns

315 4633 418 4712 parte,
435 4629 476 4694 ab
493 4629 597 4696 altero
623 4653 697 4698 vero
714 4635 869 4720 magister·
883 4633 1042 4704 Nicolaus
1057 4637 1160 4704 frater
1176 4641 1318 4708 eiusdem
1335 4660 1433 4708 corum
