<?xml version="1.0" encoding="UTF-8"?>
<!DOCTYPE html PUBLIC "-//W3C//DTD XHTML 1.0 Transitional//EN"
    "http://www.w3.org/TR/xhtml1/DTD/xhtml1-transitional.dtd">
<html xmlns="http://www.w3.org/1999/xhtml" xml:lang="en" lang="en">
 <head>
  <title>
</title>
<meta http-equiv="Content-Type" content="text/html;charset=utf-8" />
  <meta name='ocr-system' content='tesseract 3.04.00' />
  <meta name='ocr-capabilities' content='ocr_page ocr_carea ocr_par ocr_line ocrx_word'/>
</head>
<body>
  <div class='ocr_page' id='page_1' title='image "./codexdiplomatic01nagygoog_0453.png"; bbox 0 0 3130 5470; ppageno 0'>
   <div class='ocr_carea' id='block_1_1' title="bbox 291 500 1067 561">
    <p class='ocr_par' dir='ltr' id='par_1_1' title="bbox 291 500 1067 561">
     <span class='ocr_line' id='line_1_1' title="bbox 291 500 1067 561; baseline -0.001 -1"><span class='ocrx_word' id='word_1_1' title='bbox 291 500 356 560; x_wconf 89' lang='grc'>436</span> <span class='ocrx_word' id='word_1_2' title='bbox 645 513 833 561; x_wconf 75' lang='lat' dir='ltr'>nuuouuonr</span> <span class='ocrx_word' id='word_1_3' title='bbox 850 501 1067 560; x_wconf 74' lang='lat' dir='ltr'>ouutnrrtn.</span> 
     </span>
    </p>
   </div>
   <div class='ocr_carea' id='block_1_2' title="bbox 285 673 1422 4002">
    <p class='ocr_par' dir='ltr' id='par_1_2' title="bbox 285 673 1422 4002">
     <span class='ocr_line' id='line_1_2' title="bbox 293 673 1411 767; baseline -0.003 -27"><span class='ocrx_word' id='word_1_4' title='bbox 293 677 365 760; x_wconf 91' lang='lat' dir='ltr'>ipsa</span> <span class='ocrx_word' id='word_1_5' title='bbox 379 676 538 760; x_wconf 80' lang='lat' dir='ltr'>possessio</span> <span class='ocrx_word' id='word_1_6' title='bbox 554 673 690 760; x_wconf 85' lang='lat' dir='ltr'>Kyurth</span> <span class='ocrx_word' id='word_1_7' title='bbox 706 675 874 759; x_wconf 86' lang='lat' dir='ltr'>appellata</span> <span class='ocrx_word' id='word_1_8' title='bbox 890 675 1116 767; x_wconf 83' lang='lat' dir='ltr'>paneissimam</span> <span class='ocrx_word' id='word_1_9' title='bbox 1127 673 1253 740; x_wconf 89' lang='lat' dir='ltr'>habens</span> <span class='ocrx_word' id='word_1_10' title='bbox 1264 675 1369 740; x_wconf 80' lang='lat' dir='ltr'>siluam</span> <span class='ocrx_word' id='word_1_11' title='bbox 1384 679 1411 738; x_wconf 90' lang='lat' dir='ltr'>et</span> 
     </span>
     <span class='ocr_line' id='line_1_3' title="bbox 296 782 1408 869; baseline -0.002 -21"><span class='ocrx_word' id='word_1_12' title='bbox 296 805 355 869; x_wconf 91' lang='lat' dir='ltr'>pro</span> <span class='ocrx_word' id='word_1_13' title='bbox 370 783 553 850; x_wconf 84' lang='lat' dir='ltr'>releocione</span> <span class='ocrx_word' id='word_1_14' title='bbox 578 783 754 848; x_wconf 86' lang='lat' dir='ltr'>molendini</span> <span class='ocrx_word' id='word_1_15' title='bbox 771 784 851 848; x_wconf 83' lang='lat' dir='ltr'>silva</span> <span class='ocrx_word' id='word_1_16' title='bbox 868 783 997 847; x_wconf 90' lang='lat' dir='ltr'>omnino</span> <span class='ocrx_word' id='word_1_17' title='bbox 1023 783 1066 847; x_wconf 90' lang='lat' dir='ltr'>sit</span> <span class='ocrx_word' id='word_1_18' title='bbox 1082 783 1165 848; x_wconf 87' lang='lat' dir='ltr'>nihil</span> <span class='ocrx_word' id='word_1_19' title='bbox 1191 783 1231 848; x_wconf 86' lang='lat' dir='ltr'>de</span> <span class='ocrx_word' id='word_1_20' title='bbox 1256 784 1334 848; x_wconf 86' lang='lat' dir='ltr'>silva</span> <span class='ocrx_word' id='word_1_21' title='bbox 1347 782 1408 847; x_wconf 90' lang='lat' dir='ltr'>ideo</span> 
     </span>
     <span class='ocr_line' id='line_1_4' title="bbox 298 889 1413 976; baseline -0.001 -20"><span class='ocrx_word' id='word_1_22' title='bbox 298 913 338 956; x_wconf 86' lang='lat' dir='ltr'>ex</span> <span class='ocrx_word' id='word_1_23' title='bbox 353 893 425 976; x_wconf 87' lang='lat' dir='ltr'>pari</span> <span class='ocrx_word' id='word_1_24' title='bbox 440 892 610 957; x_wconf 84' lang='lat' dir='ltr'>voluntate</span> <span class='ocrx_word' id='word_1_25' title='bbox 626 891 1032 975; x_wconf 86' lang='lat' dir='ltr'>adipsiusreparaeionem</span> <span class='ocrx_word' id='word_1_26' title='bbox 1048 891 1111 956; x_wconf 89' lang='lat' dir='ltr'>hoo</span> <span class='ocrx_word' id='word_1_27' title='bbox 1126 890 1221 956; x_wconf 92' lang='lat' dir='ltr'>modo</span> <span class='ocrx_word' id='word_1_28' title='bbox 1239 889 1413 955; x_wconf 90' lang='lat' dir='ltr'>dimiserunt</span> 
     </span>
     <span class='ocr_line' id='line_1_5' title="bbox 301 997 1415 1086; baseline -0.003 -21"><span class='ocrx_word' id='word_1_29' title='bbox 301 1001 464 1086; x_wconf 77' lang='lat' dir='ltr'>quendam</span> <span class='ocrx_word' id='word_1_30' title='bbox 491 1000 647 1084; x_wconf 86' lang='lat' dir='ltr'><strong>angulum</strong></span> <span class='ocrx_word' id='word_1_31' title='bbox 674 997 885 1083; x_wconf 86' lang='lat' dir='ltr'>Sulmosoheg</span> <span class='ocrx_word' id='word_1_32' title='bbox 910 1003 1061 1065; x_wconf 78' lang='lat' dir='ltr'>vocatum</span> <span class='ocrx_word' id='word_1_33' title='bbox 1087 999 1206 1064; x_wconf 85' lang='lat' dir='ltr'>abhino</span> <span class='ocrx_word' id='word_1_34' title='bbox 1220 999 1289 1063; x_wconf 92' lang='lat' dir='ltr'>itur</span> <span class='ocrx_word' id='word_1_35' title='bbox 1304 1019 1415 1062; x_wconf 86' lang='lat' dir='ltr'>sursum</span> 
     </span>
     <span class='ocr_line' id='line_1_6' title="bbox 301 1105 1414 1192; baseline -0.004 -17"><span class='ocrx_word' id='word_1_36' title='bbox 301 1108 343 1175; x_wconf 88' lang='lat' dir='ltr'>ad</span> <span class='ocrx_word' id='word_1_37' title='bbox 360 1109 509 1174; x_wconf 89' lang='lat' dir='ltr'>sabulum</span> <span class='ocrx_word' id='word_1_38' title='bbox 526 1108 613 1192; x_wconf 88' lang='lat' dir='ltr'>quod</span> <span class='ocrx_word' id='word_1_39' title='bbox 630 1113 763 1174; x_wconf 80' lang='lat' dir='ltr'>vocatur</span> <span class='ocrx_word' id='word_1_40' title='bbox 780 1129 934 1191; x_wconf 84' lang='lat' dir='ltr'>magnum</span> <span class='ocrx_word' id='word_1_41' title='bbox 956 1114 988 1172; x_wconf 91' lang='lat' dir='ltr'>et</span> <span class='ocrx_word' id='word_1_42' title='bbox 1004 1107 1079 1172; x_wconf 90' lang='lat' dir='ltr'>inde</span> <span class='ocrx_word' id='word_1_43' title='bbox 1096 1108 1202 1173; x_wconf 87' lang='lat' dir='ltr'>tendit</span> <span class='ocrx_word' id='word_1_44' title='bbox 1227 1129 1318 1173; x_wconf 87' lang='lat' dir='ltr'>secus</span> <span class='ocrx_word' id='word_1_45' title='bbox 1333 1105 1414 1172; x_wconf 86' lang='lat' dir='ltr'>sabu-</span> 
     </span>
     <span class='ocr_line' id='line_1_7' title="bbox 299 1213 1412 1300; baseline -0.003 -19"><span class='ocrx_word' id='word_1_46' title='bbox 299 1217 369 1281; x_wconf 88' lang='lat' dir='ltr'>lum</span> <span class='ocrx_word' id='word_1_47' title='bbox 384 1238 498 1281; x_wconf 83' lang='lat' dir='ltr'>versus</span> <span class='ocrx_word' id='word_1_48' title='bbox 514 1221 643 1300; x_wconf 86' lang='lat' dir='ltr'>partem</span> <span class='ocrx_word' id='word_1_49' title='bbox 658 1214 903 1282; x_wconf 77' lang='lat' dir='ltr'>meridionalem</span> <span class='ocrx_word' id='word_1_50' title='bbox 920 1222 952 1281; x_wconf 92' lang='lat' dir='ltr'>et</span> <span class='ocrx_word' id='word_1_51' title='bbox 968 1218 1115 1300; x_wconf 85' lang='lat' dir='ltr'>pervenit</span> <span class='ocrx_word' id='word_1_52' title='bbox 1132 1215 1175 1280; x_wconf 87' lang='lat' dir='ltr'>ad</span> <span class='ocrx_word' id='word_1_53' title='bbox 1192 1217 1277 1282; x_wconf 81' lang='lat' dir='ltr'>viam</span> <span class='ocrx_word' id='word_1_54' title='bbox 1295 1237 1353 1298; x_wconf 91' lang='lat' dir='ltr'>que</span> <span class='ocrx_word' id='word_1_55' title='bbox 1367 1213 1412 1278; x_wconf 86' lang='lat' dir='ltr'>ile-</span> 
     </span>
     <span class='ocr_line' id='line_1_8' title="bbox 301 1323 1412 1407; baseline -0.002 -18"><span class='ocrx_word' id='word_1_56' title='bbox 301 1326 361 1389; x_wconf 87' lang='lat' dir='ltr'>otit</span> <span class='ocrx_word' id='word_1_57' title='bbox 378 1346 412 1390; x_wconf 89' lang='lat' dir='ltr'>se</span> <span class='ocrx_word' id='word_1_58' title='bbox 429 1325 472 1390; x_wconf 89' lang='lat' dir='ltr'>ad</span> <span class='ocrx_word' id='word_1_59' title='bbox 488 1326 596 1392; x_wconf 92' lang='lat' dir='ltr'>looum</span> <span class='ocrx_word' id='word_1_60' title='bbox 612 1324 791 1390; x_wconf 85' lang='lat' dir='ltr'>molendini</span> <span class='ocrx_word' id='word_1_61' title='bbox 807 1323 938 1390; x_wconf 81' lang='lat' dir='ltr'>Nicolai</span> <span class='ocrx_word' id='word_1_62' title='bbox 955 1323 1015 1389; x_wconf 90' lang='lat' dir='ltr'>filii</span> <span class='ocrx_word' id='word_1_63' title='bbox 1032 1323 1173 1390; x_wconf 77' lang='lat' dir='ltr'>Thombi</span> <span class='ocrx_word' id='word_1_64' title='bbox 1189 1331 1221 1390; x_wconf 89' lang='lat' dir='ltr'>et</span> <span class='ocrx_word' id='word_1_65' title='bbox 1247 1325 1335 1390; x_wconf 89' lang='lat' dir='ltr'>illam</span> <span class='ocrx_word' id='word_1_66' title='bbox 1350 1345 1412 1407; x_wconf 85' lang='lat' dir='ltr'>par-</span> 
     </span>
     <span class='ocr_line' id='line_1_9' title="bbox 290 1431 1414 1517; baseline 0 -21"><span class='ocrx_word' id='word_1_67' title='bbox 290 1432 471 1497; x_wconf 88' lang='lat' dir='ltr'>·tioularem</span> <span class='ocrx_word' id='word_1_68' title='bbox 496 1433 609 1498; x_wconf 83' lang='lat' dir='ltr'>siluam</span> <span class='ocrx_word' id='word_1_69' title='bbox 635 1453 698 1516; x_wconf 91' lang='lat' dir='ltr'>que</span> <span class='ocrx_word' id='word_1_70' title='bbox 723 1436 772 1497; x_wconf 90' lang='lat' dir='ltr'>est</span> <span class='ocrx_word' id='word_1_71' title='bbox 796 1453 816 1496; x_wconf 88' lang='lat' dir='ltr'>a</span> <span class='ocrx_word' id='word_1_72' title='bbox 841 1437 934 1516; x_wconf 86' lang='lat' dir='ltr'>parte</span> <span class='ocrx_word' id='word_1_73' title='bbox 960 1433 1137 1517; x_wconf 89' lang='lat' dir='ltr'>aquillonis</span> <span class='ocrx_word' id='word_1_74' title='bbox 1166 1434 1325 1498; x_wconf 91' lang='lat' dir='ltr'>miserunt</span> <span class='ocrx_word' id='word_1_75' title='bbox 1339 1431 1414 1496; x_wconf 86' lang='lat' dir='ltr'>dioto</span> 
     </span>
     <span class='ocr_line' id='line_1_10' title="bbox 285 1539 1417 1624; baseline -0.001 -20"><span class='ocrx_word' id='word_1_76' title='bbox 285 1539 487 1606; x_wconf 51' lang='lat' dir='ltr'>¹molendino</span> <span class='ocrx_word' id='word_1_77' title='bbox 516 1543 659 1624; x_wconf 89' lang='lat' dir='ltr'>ipsorum</span> <span class='ocrx_word' id='word_1_78' title='bbox 686 1541 747 1606; x_wconf 87' lang='lat' dir='ltr'>tali</span> <span class='ocrx_word' id='word_1_79' title='bbox 763 1540 860 1606; x_wconf 91' lang='lat' dir='ltr'>modo</span> <span class='ocrx_word' id='word_1_80' title='bbox 886 1540 973 1624; x_wconf 88' lang='lat' dir='ltr'>quod</span> <span class='ocrx_word' id='word_1_81' title='bbox 989 1541 1016 1605; x_wconf 91' lang='lat' dir='ltr'>si</span> <span class='ocrx_word' id='word_1_82' title='bbox 1041 1541 1147 1624; x_wconf 89' lang='lat' dir='ltr'>ipsum</span> <span class='ocrx_word' id='word_1_83' title='bbox 1163 1539 1348 1606; x_wconf 87' lang='lat' dir='ltr'>reedificare</span> <span class='ocrx_word' id='word_1_84' title='bbox 1362 1561 1417 1605; x_wconf 90' lang='lat' dir='ltr'>uon</span> 
     </span>
     <span class='ocr_line' id='line_1_11' title="bbox 301 1647 1415 1734; baseline -0.001 -21"><span class='ocrx_word' id='word_1_85' title='bbox 301 1653 432 1732; x_wconf 85' lang='lat' dir='ltr'>possent</span> <span class='ocrx_word' id='word_1_86' title='bbox 449 1655 528 1716; x_wconf 89' lang='lat' dir='ltr'>tuno</span> <span class='ocrx_word' id='word_1_87' title='bbox 544 1649 626 1715; x_wconf 88' lang='lat' dir='ltr'>duas</span> <span class='ocrx_word' id='word_1_88' title='bbox 657 1655 769 1733; x_wconf 89' lang='lat' dir='ltr'>partes</span> <span class='ocrx_word' id='word_1_89' title='bbox 785 1649 870 1714; x_wconf 84' lang='lat' dir='ltr'>lueri</span> <span class='ocrx_word' id='word_1_90' title='bbox 885 1649 987 1734; x_wconf 88' lang='lat' dir='ltr'>ipsius</span> <span class='ocrx_word' id='word_1_91' title='bbox 1004 1649 1083 1714; x_wconf 83' lang='lat' dir='ltr'>silue</span> <span class='ocrx_word' id='word_1_92' title='bbox 1109 1649 1287 1715; x_wconf 78' lang='lat' dir='ltr'>sustinebit</span> <span class='ocrx_word' id='word_1_93' title='bbox 1302 1647 1415 1714; x_wconf 88' lang='lat' dir='ltr'>Petheu</span> 
     </span>
     <span class='ocr_line' id='line_1_12' title="bbox 300 1755 1416 1842; baseline -0.001 -22"><span class='ocrx_word' id='word_1_94' title='bbox 300 1757 436 1822; x_wconf 84' lang='lat' dir='ltr'>terciam</span> <span class='ocrx_word' id='word_1_95' title='bbox 452 1763 561 1822; x_wconf 88' lang='lat' dir='ltr'>autem</span> <span class='ocrx_word' id='word_1_96' title='bbox 577 1755 687 1822; x_wconf 83' lang='lat' dir='ltr'>David</span> <span class='ocrx_word' id='word_1_97' title='bbox 704 1758 807 1841; x_wconf 86' lang='lat' dir='ltr'>tollet,</span> <span class='ocrx_word' id='word_1_98' title='bbox 818 1757 881 1823; x_wconf 89' lang='lat' dir='ltr'>hoo</span> <span class='ocrx_word' id='word_1_99' title='bbox 890 1758 1001 1840; x_wconf 86' lang='lat' dir='ltr'>itaque</span> <span class='ocrx_word' id='word_1_100' title='bbox 1016 1755 1104 1823; x_wconf 83' lang='lat' dir='ltr'>facto</span> <span class='ocrx_word' id='word_1_101' title='bbox 1121 1779 1216 1842; x_wconf 89' lang='lat' dir='ltr'>super</span> <span class='ocrx_word' id='word_1_102' title='bbox 1232 1759 1335 1842; x_wconf 86' lang='lat' dir='ltr'>ipsam</span> <span class='ocrx_word' id='word_1_103' title='bbox 1343 1758 1416 1820; x_wconf 83' lang='lat' dir='ltr'>riam</span> 
     </span>
     <span class='ocr_line' id='line_1_13' title="bbox 301 1862 1414 1948; baseline -0.001 -20"><span class='ocrx_word' id='word_1_104' title='bbox 301 1862 458 1929; x_wconf 86' lang='lat' dir='ltr'>directam</span> <span class='ocrx_word' id='word_1_105' title='bbox 476 1863 518 1928; x_wconf 88' lang='lat' dir='ltr'>ad</span> <span class='ocrx_word' id='word_1_106' title='bbox 534 1866 642 1931; x_wconf 81' lang='lat' dir='ltr'>locum</span> <span class='ocrx_word' id='word_1_107' title='bbox 665 1864 844 1931; x_wconf 84' lang='lat' dir='ltr'>molendini</span> <span class='ocrx_word' id='word_1_108' title='bbox 868 1862 999 1930; x_wconf 83' lang='lat' dir='ltr'>Nicolai</span> <span class='ocrx_word' id='word_1_109' title='bbox 1025 1869 1157 1948; x_wconf 75' lang='lat' dir='ltr'>oportet</span> <span class='ocrx_word' id='word_1_110' title='bbox 1181 1866 1345 1948; x_wconf 84' lang='lat' dir='ltr'>assignare</span> <span class='ocrx_word' id='word_1_111' title='bbox 1368 1863 1414 1928; x_wconf 89' lang='lat' dir='ltr'>sil·</span> 
     </span>
     <span class='ocr_line' id='line_1_14' title="bbox 300 1971 1415 2056; baseline -0.002 -20"><span class='ocrx_word' id='word_1_112' title='bbox 300 1993 374 2037; x_wconf 83' lang='lat' dir='ltr'>vam</span> <span class='ocrx_word' id='word_1_113' title='bbox 389 1973 582 2055; x_wconf 82' lang='lat' dir='ltr'>possessioni</span> <span class='ocrx_word' id='word_1_114' title='bbox 598 1972 734 2056; x_wconf 84' lang='lat' dir='ltr'>Kyurth</span> <span class='ocrx_word' id='word_1_115' title='bbox 750 1977 863 2038; x_wconf 83' lang='lat' dir='ltr'>vocate</span> <span class='ocrx_word' id='word_1_116' title='bbox 875 1993 938 2054; x_wconf 91' lang='lat' dir='ltr'>que</span> <span class='ocrx_word' id='word_1_117' title='bbox 948 1978 1035 2037; x_wconf 89' lang='lat' dir='ltr'>meta</span> <span class='ocrx_word' id='word_1_118' title='bbox 1045 1974 1165 2038; x_wconf 87' lang='lat' dir='ltr'>transit</span> <span class='ocrx_word' id='word_1_119' title='bbox 1181 1993 1278 2056; x_wconf 91' lang='lat' dir='ltr'>super</span> <span class='ocrx_word' id='word_1_120' title='bbox 1294 1971 1415 2038; x_wconf 90' lang='lat' dir='ltr'>eundem</span> 
     </span>
     <span class='ocr_line' id='line_1_15' title="bbox 301 2079 1413 2165; baseline -0.001 -20"><span class='ocrx_word' id='word_1_121' title='bbox 301 2080 451 2145; x_wconf 90' lang='lat' dir='ltr'>sabulum</span> <span class='ocrx_word' id='word_1_122' title='bbox 468 2079 555 2164; x_wconf 90' lang='lat' dir='ltr'>quod</span> <span class='ocrx_word' id='word_1_123' title='bbox 572 2082 750 2165; x_wconf 82' lang='lat' dir='ltr'>vulgariter</span> <span class='ocrx_word' id='word_1_124' title='bbox 782 2080 902 2146; x_wconf 85' lang='lat' dir='ltr'>dicitur</span> <span class='ocrx_word' id='word_1_125' title='bbox 927 2081 1047 2147; x_wconf 88' lang='lat' dir='ltr'>homoh</span> <span class='ocrx_word' id='word_1_126' title='bbox 1071 2081 1147 2147; x_wconf 90' lang='lat' dir='ltr'>inde</span> <span class='ocrx_word' id='word_1_127' title='bbox 1173 2103 1282 2146; x_wconf 89' lang='lat' dir='ltr'>orsum</span> <span class='ocrx_word' id='word_1_128' title='bbox 1297 2081 1337 2145; x_wconf 90' lang='lat' dir='ltr'>ad</span> <span class='ocrx_word' id='word_1_129' title='bbox 1351 2101 1413 2164; x_wconf 87' lang='lat' dir='ltr'>par·</span> 
     </span>
     <span class='ocr_line' id='line_1_16' title="bbox 300 2187 1414 2273; baseline -0.005 -17"><span class='ocrx_word' id='word_1_130' title='bbox 300 2195 368 2256; x_wconf 80' lang='lat' dir='ltr'>tem</span> <span class='ocrx_word' id='word_1_131' title='bbox 383 2188 628 2254; x_wconf 78' lang='lat' dir='ltr'>meridionalem</span> <span class='ocrx_word' id='word_1_132' title='bbox 644 2189 732 2255; x_wconf 84' lang='lat' dir='ltr'>eadit</span> <span class='ocrx_word' id='word_1_133' title='bbox 747 2188 790 2254; x_wconf 88' lang='lat' dir='ltr'>ad</span> <span class='ocrx_word' id='word_1_134' title='bbox 800 2190 965 2255; x_wconf 86' lang='lat' dir='ltr'>tramitem</span> <span class='ocrx_word' id='word_1_135' title='bbox 977 2211 1039 2273; x_wconf 88' lang='lat' dir='ltr'>que</span> <span class='ocrx_word' id='word_1_136' title='bbox 1055 2189 1145 2255; x_wconf 84' lang='lat' dir='ltr'>vadit</span> <span class='ocrx_word' id='word_1_137' title='bbox 1156 2187 1198 2254; x_wconf 90' lang='lat' dir='ltr'>ad</span> <span class='ocrx_word' id='word_1_138' title='bbox 1209 2189 1414 2255; x_wconf 89' lang='lat' dir='ltr'>molendinum</span> 
     </span>
     <span class='ocr_line' id='line_1_17' title="bbox 302 2296 1418 2383; baseline -0.004 -20"><span class='ocrx_word' id='word_1_139' title='bbox 302 2296 456 2383; x_wconf 68' lang='lat' dir='ltr'>u&#39;ayuade</span> <span class='ocrx_word' id='word_1_140' title='bbox 473 2297 529 2362; x_wconf 91' lang='lat' dir='ltr'>ubi</span> <span class='ocrx_word' id='word_1_141' title='bbox 545 2303 595 2362; x_wconf 91' lang='lat' dir='ltr'>est</span> <span class='ocrx_word' id='word_1_142' title='bbox 611 2319 676 2362; x_wconf 88' lang='lat' dir='ltr'>una</span> <span class='ocrx_word' id='word_1_143' title='bbox 692 2298 789 2362; x_wconf 89' lang='lat' dir='ltr'>arbor</span> <span class='ocrx_word' id='word_1_144' title='bbox 814 2298 901 2380; x_wconf 89' lang='lat' dir='ltr'>pomi</span> <span class='ocrx_word' id='word_1_145' title='bbox 918 2303 951 2361; x_wconf 88' lang='lat' dir='ltr'>et</span> <span class='ocrx_word' id='word_1_146' title='bbox 982 2296 1098 2362; x_wconf 90' lang='lat' dir='ltr'>deinde</span> <span class='ocrx_word' id='word_1_147' title='bbox 1130 2296 1235 2362; x_wconf 88' lang='lat' dir='ltr'>tendit</span> <span class='ocrx_word' id='word_1_148' title='bbox 1266 2297 1308 2362; x_wconf 85' lang='lat' dir='ltr'>ad</span> <span class='ocrx_word' id='word_1_149' title='bbox 1324 2299 1418 2379; x_wconf 88' lang='lat' dir='ltr'>pirum</span> 
     </span>
     <span class='ocr_line' id='line_1_18' title="bbox 303 2400 1418 2494; baseline -0.004 -22"><span class='ocrx_word' id='word_1_150' title='bbox 303 2409 421 2494; x_wconf 74' lang='lat' dir='ltr'>dotbyz</span> <span class='ocrx_word' id='word_1_151' title='bbox 451 2406 654 2471; x_wconf 89' lang='lat' dir='ltr'>nominatum</span> <span class='ocrx_word' id='word_1_152' title='bbox 696 2411 729 2470; x_wconf 92' lang='lat' dir='ltr'>et</span> <span class='ocrx_word' id='word_1_153' title='bbox 760 2405 875 2470; x_wconf 88' lang='lat' dir='ltr'>deinde</span> <span class='ocrx_word' id='word_1_154' title='bbox 900 2405 1007 2470; x_wconf 87' lang='lat' dir='ltr'>tendit</span> <span class='ocrx_word' id='word_1_155' title='bbox 1034 2405 1119 2470; x_wconf 83' lang='lat' dir='ltr'>infra</span> <span class='ocrx_word' id='word_1_156' title='bbox 1151 2406 1315 2470; x_wconf 91' lang='lat' dir='ltr'>simetrem</span> <span class='ocrx_word' id='word_1_157' title='bbox 1344 2400 1418 2490; x_wconf 73' lang='lat' dir='ltr'>(igy)</span> 
     </span>
     <span class='ocr_line' id='line_1_19' title="bbox 303 2511 1416 2598; baseline -0.005 -18"><span class='ocrx_word' id='word_1_158' title='bbox 303 2513 472 2580; x_wconf 82' lang='lat' dir='ltr'>cuiusdam</span> <span class='ocrx_word' id='word_1_159' title='bbox 513 2513 744 2598; x_wconf 86' lang='lat' dir='ltr'>profunditatis</span> <span class='ocrx_word' id='word_1_160' title='bbox 780 2514 889 2578; x_wconf 87' lang='lat' dir='ltr'>hurim</span> <span class='ocrx_word' id='word_1_161' title='bbox 921 2519 1035 2580; x_wconf 82' lang='lat' dir='ltr'>vocate</span> <span class='ocrx_word' id='word_1_162' title='bbox 1066 2513 1221 2579; x_wconf 87' lang='lat' dir='ltr'>inibidem</span> <span class='ocrx_word' id='word_1_163' title='bbox 1254 2517 1328 2578; x_wconf 89' lang='lat' dir='ltr'>sunt</span> <span class='ocrx_word' id='word_1_164' title='bbox 1362 2511 1416 2576; x_wconf 89' lang='lat' dir='ltr'>due</span> 
     </span>
     <span class='ocr_line' id='line_1_20' title="bbox 302 2619 1418 2706; baseline -0.001 -20"><span class='ocrx_word' id='word_1_165' title='bbox 302 2627 387 2687; x_wconf 90' lang='lat' dir='ltr'>mete</span> <span class='ocrx_word' id='word_1_166' title='bbox 419 2643 482 2706; x_wconf 91' lang='lat' dir='ltr'>que</span> <span class='ocrx_word' id='word_1_167' title='bbox 509 2621 690 2705; x_wconf 86' lang='lat' dir='ltr'>distingunt</span> <span class='ocrx_word' id='word_1_168' title='bbox 722 2622 761 2687; x_wconf 91' lang='lat' dir='ltr'>de</span> <span class='ocrx_word' id='word_1_169' title='bbox 785 2623 987 2706; x_wconf 88' lang='lat' dir='ltr'>possessione</span> <span class='ocrx_word' id='word_1_170' title='bbox 1013 2621 1167 2705; x_wconf 83' lang='lat' dir='ltr'>uoyuade</span> <span class='ocrx_word' id='word_1_171' title='bbox 1194 2619 1351 2688; x_wconf 81' lang='lat' dir='ltr'>Sceohian</span> <span class='ocrx_word' id='word_1_172' title='bbox 1371 2641 1418 2685; x_wconf 80' lang='lat' dir='ltr'>ro·</span> 
     </span>
     <span class='ocr_line' id='line_1_21' title="bbox 304 2729 1419 2815; baseline -0.002 -20"><span class='ocrx_word' id='word_1_173' title='bbox 304 2736 376 2795; x_wconf 85' lang='lat' dir='ltr'>oete</span> <span class='ocrx_word' id='word_1_174' title='bbox 393 2730 527 2796; x_wconf 92' lang='lat' dir='ltr'>eomodo</span> <span class='ocrx_word' id='word_1_175' title='bbox 539 2729 627 2814; x_wconf 92' lang='lat' dir='ltr'>quod</span> <span class='ocrx_word' id='word_1_176' title='bbox 638 2730 717 2794; x_wconf 85' lang='lat' dir='ltr'>silva</span> <span class='ocrx_word' id='word_1_177' title='bbox 734 2751 797 2814; x_wconf 93' lang='lat' dir='ltr'>que</span> <span class='ocrx_word' id='word_1_178' title='bbox 809 2736 858 2795; x_wconf 90' lang='lat' dir='ltr'>est</span> <span class='ocrx_word' id='word_1_179' title='bbox 874 2752 914 2795; x_wconf 85' lang='lat' dir='ltr'>ex</span> <span class='ocrx_word' id='word_1_180' title='bbox 929 2735 1023 2815; x_wconf 89' lang='lat' dir='ltr'>parte</span> <span class='ocrx_word' id='word_1_181' title='bbox 1038 2729 1172 2814; x_wconf 78' lang='lat' dir='ltr'>Kyurth</span> <span class='ocrx_word' id='word_1_182' title='bbox 1183 2729 1276 2794; x_wconf 90' lang='lat' dir='ltr'>illam</span> <span class='ocrx_word' id='word_1_183' title='bbox 1291 2730 1419 2811; x_wconf 85' lang='lat' dir='ltr'>assigna·</span> 
     </span>
     <span class='ocr_line' id='line_1_22' title="bbox 303 2835 1419 2922; baseline -0.004 -19"><span class='ocrx_word' id='word_1_184' title='bbox 303 2844 420 2903; x_wconf 87' lang='lat' dir='ltr'>verunt</span> <span class='ocrx_word' id='word_1_185' title='bbox 430 2839 559 2922; x_wconf 86' lang='lat' dir='ltr'>ipsimet</span> <span class='ocrx_word' id='word_1_186' title='bbox 569 2838 761 2922; x_wconf 86' lang='lat' dir='ltr'>possessioni</span> <span class='ocrx_word' id='word_1_187' title='bbox 771 2845 1011 2922; x_wconf 87' lang='lat' dir='ltr'>prememorato</span> <span class='ocrx_word' id='word_1_188' title='bbox 1020 2837 1148 2904; x_wconf 89' lang='lat' dir='ltr'>Petheu</span> <span class='ocrx_word' id='word_1_189' title='bbox 1161 2844 1193 2903; x_wconf 90' lang='lat' dir='ltr'>et</span> <span class='ocrx_word' id='word_1_190' title='bbox 1209 2859 1268 2922; x_wconf 88' lang='lat' dir='ltr'>per</span> <span class='ocrx_word' id='word_1_191' title='bbox 1284 2860 1353 2902; x_wconf 90' lang='lat' dir='ltr'>eum</span> <span class='ocrx_word' id='word_1_192' title='bbox 1362 2835 1419 2900; x_wconf 88' lang='lat' dir='ltr'>suis</span> 
     </span>
     <span class='ocr_line' id='line_1_23' title="bbox 303 2942 1419 3031; baseline -0.006 -19"><span class='ocrx_word' id='word_1_193' title='bbox 303 2945 476 3012; x_wconf 87' lang='lat' dir='ltr'>heredibus</span> <span class='ocrx_word' id='word_1_194' title='bbox 491 2945 713 3030; x_wconf 88' lang='lat' dir='ltr'>heredumque</span> <span class='ocrx_word' id='word_1_195' title='bbox 744 2967 876 3011; x_wconf 90' lang='lat' dir='ltr'>suorum</span> <span class='ocrx_word' id='word_1_196' title='bbox 892 2945 1132 3011; x_wconf 86' lang='lat' dir='ltr'>successoribus</span> <span class='ocrx_word' id='word_1_197' title='bbox 1157 2951 1314 3031; x_wconf 89' lang='lat' dir='ltr'>perpetuo</span> <span class='ocrx_word' id='word_1_198' title='bbox 1329 2942 1419 3028; x_wconf 90' lang='lat' dir='ltr'>possi-</span> 
     </span>
     <span class='ocr_line' id='line_1_24' title="bbox 304 3051 1420 3138; baseline -0.003 -21"><span class='ocrx_word' id='word_1_199' title='bbox 304 3053 445 3119; x_wconf 82' lang='lat' dir='ltr'>dendam</span> <span class='ocrx_word' id='word_1_200' title='bbox 459 3053 518 3118; x_wconf 87' lang='lat' dir='ltr'>illa</span> <span class='ocrx_word' id='word_1_201' title='bbox 532 3074 608 3118; x_wconf 80' lang='lat' dir='ltr'>uero</span> <span class='ocrx_word' id='word_1_202' title='bbox 624 3054 834 3138; x_wconf 78' lang='lat' dir='ltr'>particularis</span> <span class='ocrx_word' id='word_1_203' title='bbox 851 3055 932 3119; x_wconf 85' lang='lat' dir='ltr'>silva</span> <span class='ocrx_word' id='word_1_204' title='bbox 943 3076 1005 3138; x_wconf 91' lang='lat' dir='ltr'>que</span> <span class='ocrx_word' id='word_1_205' title='bbox 1016 3059 1064 3119; x_wconf 90' lang='lat' dir='ltr'>est</span> <span class='ocrx_word' id='word_1_206' title='bbox 1075 3075 1113 3118; x_wconf 85' lang='lat' dir='ltr'>ex</span> <span class='ocrx_word' id='word_1_207' title='bbox 1128 3058 1224 3138; x_wconf 89' lang='lat' dir='ltr'>parte</span> <span class='ocrx_word' id='word_1_208' title='bbox 1241 3051 1420 3118; x_wconf 86' lang='lat' dir='ltr'>Pessiendi·</span> 
     </span>
     <span class='ocr_line' id='line_1_25' title="bbox 303 3151 1420 3246; baseline -0.003 -20"><span class='ocrx_word' id='word_1_209' title='bbox 303 3162 402 3227; x_wconf 91' lang='lat' dir='ltr'>missa</span> <span class='ocrx_word' id='word_1_210' title='bbox 418 3151 466 3226; x_wconf 83' lang='lat' dir='ltr'>est</span> <span class='ocrx_word' id='word_1_211' title='bbox 484 3161 586 3226; x_wconf 90' lang='lat' dir='ltr'>eidem</span> <span class='ocrx_word' id='word_1_212' title='bbox 602 3167 773 3245; x_wconf 85' lang='lat' dir='ltr'>prenotato</span> <span class='ocrx_word' id='word_1_213' title='bbox 805 3163 915 3228; x_wconf 84' lang='lat' dir='ltr'>David</span> <span class='ocrx_word' id='word_1_214' title='bbox 930 3184 988 3246; x_wconf 91' lang='lat' dir='ltr'>per</span> <span class='ocrx_word' id='word_1_215' title='bbox 1004 3184 1077 3227; x_wconf 88' lang='lat' dir='ltr'>eum</span> <span class='ocrx_word' id='word_1_216' title='bbox 1094 3164 1160 3227; x_wconf 90' lang='lat' dir='ltr'>suis</span> <span class='ocrx_word' id='word_1_217' title='bbox 1176 3161 1347 3226; x_wconf 88' lang='lat' dir='ltr'>heredibus</span> <span class='ocrx_word' id='word_1_218' title='bbox 1373 3159 1420 3222; x_wconf 90' lang='lat' dir='ltr'>he·</span> 
     </span>
     <span class='ocr_line' id='line_1_26' title="bbox 302 3265 1418 3356; baseline -0.004 -22"><span class='ocrx_word' id='word_1_219' title='bbox 302 3269 482 3352; x_wconf 88' lang='lat' dir='ltr'>redumque</span> <span class='ocrx_word' id='word_1_220' title='bbox 498 3291 631 3335; x_wconf 89' lang='lat' dir='ltr'>suorum</span> <span class='ocrx_word' id='word_1_221' title='bbox 647 3271 884 3336; x_wconf 85' lang='lat' dir='ltr'>suecessoribus</span> <span class='ocrx_word' id='word_1_222' title='bbox 911 3270 1139 3356; x_wconf 86' lang='lat' dir='ltr'>possidendam</span> <span class='ocrx_word' id='word_1_223' title='bbox 1155 3269 1216 3334; x_wconf 89' lang='lat' dir='ltr'>tali</span> <span class='ocrx_word' id='word_1_224' title='bbox 1231 3267 1324 3334; x_wconf 94' lang='lat' dir='ltr'>modo</span> <span class='ocrx_word' id='word_1_225' title='bbox 1340 3265 1418 3350; x_wconf 91' lang='lat' dir='ltr'>quod</span> 
     </span>
     <span class='ocr_line' id='line_1_27' title="bbox 304 3375 1422 3462; baseline -0.004 -20"><span class='ocrx_word' id='word_1_226' title='bbox 304 3378 331 3442; x_wconf 88' lang='lat' dir='ltr'>si</span> <span class='ocrx_word' id='word_1_227' title='bbox 347 3378 460 3460; x_wconf 88' lang='lat' dir='ltr'>aliqua</span> <span class='ocrx_word' id='word_1_228' title='bbox 474 3379 622 3462; x_wconf 82' lang='lat' dir='ltr'>parcium</span> <span class='ocrx_word' id='word_1_229' title='bbox 632 3375 738 3443; x_wconf 86' lang='lat' dir='ltr'>medio</span> <span class='ocrx_word' id='word_1_230' title='bbox 750 3383 895 3462; x_wconf 90' lang='lat' dir='ltr'>tempore</span> <span class='ocrx_word' id='word_1_231' title='bbox 906 3379 971 3443; x_wconf 81' lang='lat' dir='ltr'>sive</span> <span class='ocrx_word' id='word_1_232' title='bbox 983 3379 1235 3443; x_wconf 72' lang='lat' dir='ltr'>stioressivorum</span> <span class='ocrx_word' id='word_1_233' title='bbox 1252 3384 1422 3460; x_wconf 89' lang='lat' dir='ltr'>temporum</span> 
     </span>
     <span class='ocr_line' id='line_1_28' title="bbox 304 3485 1421 3553; baseline -0.004 -3"><span class='ocrx_word' id='word_1_234' title='bbox 304 3487 487 3550; x_wconf 89' lang='lat' dir='ltr'>mutacione</span> <span class='ocrx_word' id='word_1_235' title='bbox 503 3487 589 3552; x_wconf 85' lang='lat' dir='ltr'>hano</span> <span class='ocrx_word' id='word_1_236' title='bbox 613 3487 801 3552; x_wconf 86' lang='lat' dir='ltr'>divisionem</span> <span class='ocrx_word' id='word_1_237' title='bbox 818 3493 851 3552; x_wconf 90' lang='lat' dir='ltr'>et</span> <span class='ocrx_word' id='word_1_238' title='bbox 868 3486 1137 3553; x_wconf 84' lang='lat' dir='ltr'>concordanoiam</span> <span class='ocrx_word' id='word_1_239' title='bbox 1161 3485 1303 3552; x_wconf 89' lang='lat' dir='ltr'>resiliret</span> <span class='ocrx_word' id='word_1_240' title='bbox 1318 3490 1348 3548; x_wconf 88' lang='lat' dir='ltr'>et</span> <span class='ocrx_word' id='word_1_241' title='bbox 1362 3503 1421 3547; x_wconf 90' lang='lat' dir='ltr'>uon</span> 
     </span>
     <span class='ocr_line' id='line_1_29' title="bbox 305 3593 1419 3679; baseline -0.004 -21"><span class='ocrx_word' id='word_1_242' title='bbox 305 3599 507 3678; x_wconf 79' lang='lat' dir='ltr'>susceptaret</span> <span class='ocrx_word' id='word_1_243' title='bbox 522 3615 580 3678; x_wconf 90' lang='lat' dir='ltr'>pro</span> <span class='ocrx_word' id='word_1_244' title='bbox 597 3593 682 3659; x_wconf 89' lang='lat' dir='ltr'>bono</span> <span class='ocrx_word' id='word_1_245' title='bbox 699 3597 936 3679; x_wconf 84' lang='lat' dir='ltr'>quinquaginta</span> <span class='ocrx_word' id='word_1_246' title='bbox 951 3615 1078 3660; x_wconf 84' lang='lat' dir='ltr'>mareas</span> <span class='ocrx_word' id='word_1_247' title='bbox 1088 3595 1295 3659; x_wconf 88' lang='lat' dir='ltr'>denariorum</span> <span class='ocrx_word' id='word_1_248' title='bbox 1305 3593 1419 3658; x_wconf 84' lang='lat' dir='ltr'>vienen-</span> 
     </span>
     <span class='ocr_line' id='line_1_30' title="bbox 305 3699 1421 3786; baseline -0.004 -21"><span class='ocrx_word' id='word_1_249' title='bbox 305 3702 388 3765; x_wconf 91' lang='lat' dir='ltr'>sium</span> <span class='ocrx_word' id='word_1_250' title='bbox 404 3700 545 3784; x_wconf 89' lang='lat' dir='ltr'>deponet</span> <span class='ocrx_word' id='word_1_251' title='bbox 560 3703 627 3767; x_wconf 89' lang='lat' dir='ltr'>sine</span> <span class='ocrx_word' id='word_1_252' title='bbox 643 3709 737 3786; x_wconf 84' lang='lat' dir='ltr'>parte</span> <span class='ocrx_word' id='word_1_253' title='bbox 753 3702 869 3768; x_wconf 77' lang='lat' dir='ltr'>iudicis</span> <span class='ocrx_word' id='word_1_254' title='bbox 899 3708 976 3768; x_wconf 87' lang='lat' dir='ltr'>ante</span> <span class='ocrx_word' id='word_1_255' title='bbox 992 3703 1058 3767; x_wconf 88' lang='lat' dir='ltr'>litis</span> <span class='ocrx_word' id='word_1_256' title='bbox 1084 3703 1276 3786; x_wconf 85' lang='lat' dir='ltr'>ingressum.</span> <span class='ocrx_word' id='word_1_257' title='bbox 1307 3699 1421 3764; x_wconf 89' lang='lat' dir='ltr'>Datum</span> 
     </span>
     <span class='ocr_line' id='line_1_31' title="bbox 305 3805 1421 3895; baseline -0.004 -21"><span class='ocrx_word' id='word_1_258' title='bbox 305 3805 417 3890; x_wconf 79' lang='lat' dir='ltr'>Vasio,</span> <span class='ocrx_word' id='word_1_259' title='bbox 433 3807 515 3873; x_wconf 88' lang='lat' dir='ltr'>feria</span> <span class='ocrx_word' id='word_1_260' title='bbox 532 3814 651 3893; x_wconf 88' lang='lat' dir='ltr'>quarta</span> <span class='ocrx_word' id='word_1_261' title='bbox 666 3811 815 3894; x_wconf 82' lang='lat' dir='ltr'>proxima</span> <span class='ocrx_word' id='word_1_262' title='bbox 831 3816 904 3895; x_wconf 89' lang='lat' dir='ltr'>post</span> <span class='ocrx_word' id='word_1_263' title='bbox 926 3809 1045 3875; x_wconf 83' lang='lat' dir='ltr'>festum</span> <span class='ocrx_word' id='word_1_264' title='bbox 1065 3809 1170 3874; x_wconf 86' lang='lat' dir='ltr'>sancti</span> <span class='ocrx_word' id='word_1_265' title='bbox 1194 3807 1362 3873; x_wconf 83' lang='lat' dir='ltr'>Michaelis</span> <span class='ocrx_word' id='word_1_266' title='bbox 1377 3826 1421 3871; x_wconf 86' lang='lat' dir='ltr'>ar-</span> 
     </span>
     <span class='ocr_line' id='line_1_32' title="bbox 305 3915 1170 4002; baseline 0.001 -21"><span class='ocrx_word' id='word_1_267' title='bbox 305 3915 465 3999; x_wconf 84' lang='lat' dir='ltr'>changeli,</span> <span class='ocrx_word' id='word_1_268' title='bbox 482 3939 566 3982; x_wconf 88' lang='lat' dir='ltr'>anno</span> <span class='ocrx_word' id='word_1_269' title='bbox 583 3917 705 3983; x_wconf 88' lang='lat' dir='ltr'>domini</span> <span class='ocrx_word' id='word_1_270' title='bbox 721 3918 774 3983; x_wconf 75' lang='grc' dir='ltr'>Μ0</span> <span class='ocrx_word' id='word_1_271' title='bbox 791 3917 893 3986; x_wconf 84' lang='grc' dir='ltr'>000ο</span> <span class='ocrx_word' id='word_1_272' title='bbox 907 3919 1061 4002; x_wconf 83' lang='lat' dir='ltr'>vigesimo</span> <span class='ocrx_word' id='word_1_273' title='bbox 1077 3939 1170 3983; x_wconf 91' lang='lat' dir='ltr'>nono.</span> 
     </span>
    </p>
   </div>
   <div class='ocr_carea' id='block_1_3' title="bbox 304 4075 1421 4236">
    <p class='ocr_par' dir='ltr' id='par_1_3' title="bbox 304 4075 1421 4236">
     <span class='ocr_line' id='line_1_33' title="bbox 411 4075 1421 4148; baseline -0.005 -18"><span class='ocrx_word' id='word_1_274' title='bbox 411 4080 564 4144; x_wconf 77' lang='lat' dir='ltr'>Httlapjdn</span> <span class='ocrx_word' id='word_1_275' title='bbox 577 4080 669 4145; x_wconf 68' lang='lat' dir='ltr'>poosjt</span> <span class='ocrx_word' id='word_1_276' title='bbox 679 4081 852 4148; x_wconf 78' lang='lat' dir='ltr'>nyomaiva13</span> <span class='ocrx_word' id='word_1_277' title='bbox 866 4082 998 4148; x_wconf 86' lang='lat' dir='ltr'>eredetije</span> <span class='ocrx_word' id='word_1_278' title='bbox 1008 4097 1025 4132; x_wconf 82' lang='lat' dir='ltr'>a</span> <span class='ocrx_word' id='word_1_279' title='bbox 1038 4081 1108 4131; x_wconf 81' lang='lat' dir='ltr'>Tud.</span> <span class='ocrx_word' id='word_1_280' title='bbox 1131 4080 1286 4131; x_wconf 83' lang='lat' dir='ltr'>Akademia</span> <span class='ocrx_word' id='word_1_281' title='bbox 1295 4075 1421 4142; x_wconf 76' lang='lat' dir='ltr'>ktuyvts&#39;·</span> 
     </span>
     <span class='ocr_line' id='line_1_34' title="bbox 304 4169 1252 4236; baseline 0.001 -16"><span class='ocrx_word' id='word_1_282' title='bbox 304 4171 402 4233; x_wconf 71' lang='lat' dir='ltr'>raban,</span> <span class='ocrx_word' id='word_1_283' title='bbox 412 4171 521 4221; x_wconf 71' lang='lat' dir='ltr'>Darsa·</span> <span class='ocrx_word' id='word_1_284' title='bbox 534 4169 618 4235; x_wconf 83' lang='lat' dir='ltr'>Lajos</span> <span class='ocrx_word' id='word_1_285' title='bbox 632 4171 665 4221; x_wconf 82' lang='lat' dir='ltr'>iu·</span> <span class='ocrx_word' id='word_1_286' title='bbox 678 4171 871 4236; x_wconf 73' lang='lat' dir='ltr'>ajendeksool.</span> <span class='ocrx_word' id='word_1_287' title='bbox 886 4173 984 4223; x_wconf 81' lang='lat' dir='ltr'>Kozli:</span> <span class='ocrx_word' id='word_1_288' title='bbox 1005 4171 1114 4223; x_wconf 75' lang='lat' dir='ltr'>Koraos</span> <span class='ocrx_word' id='word_1_289' title='bbox 1128 4172 1252 4222; x_wconf 75' lang='lat' dir='ltr'>Netndor.</span> 
     </span>
    </p>
   </div>
   <div class='ocr_carea' id='block_1_4' title="bbox 0 0 1578 5460">
    <p class='ocr_par' dir='ltr' id='par_1_4' title="bbox 0 0 1578 5460">
     <span class='ocr_line' id='line_1_35' title="bbox 0 0 1578 5460; baseline 0 0"><span class='ocrx_word' id='word_1_290' title='bbox 0 0 1578 5460; x_wconf 95' lang='lat' dir='ltr'> </span> 
     </span>
    </p>
   </div>
  </div>
 </body>
</html>
