3130 5470
351 467 418 528 464
707 477 894 526 uurouxoru
911 468 1127 526 oxulurrtn.

351 644 401 708 uis
417 640 476 706 filii
493 639 586 725 Gyge
603 642 758 726 magister
790 641 1045 706 vexilliferorum
1070 647 1258 706 nostrorum
1283 647 1315 706 et
1330 643 1453 724 magistri

349 751 519 817 Johannes
536 771 574 815 ac
589 749 735 834 Vgrinus
751 747 868 814 fratres
885 749 1027 814 eiusdem
1043 750 1163 814 uteriui
1180 800 1187 814 .
1204 749 1272 814 .'ad
1303 756 1402 814 nostre
1416 771 1452 813 se·

347 861 497 924 renitatis
523 857 713 940 accedentes
729 858 929 940 presenciam
946 864 979 922 et
995 879 1052 923 sue
1068 856 1236 922 fidelitatis
1262 859 1389 923 servicia
1415 878 1453 922 re·

347 989 425 1034 vera
440 968 544 1032 multa
560 965 879 1033 recommenduoione
891 965 989 1048 digna
1004 966 1096 1031 uobis
1109 968 1255 1050 impensa
1264 986 1454 1031 rememoran-

350 1081 400 1140 tes
419 1082 450 1142 et
467 1075 669 1140 declarantes
684 1074 808 1159 premio
826 1074 1055 1140 donativorum
1071 1081 1182 1141 nostre
1198 1076 1306 1159 gracie
1322 1096 1353 1139 se
1363 1074 1456 1157 dignos

348 1185 419 1250 lore
436 1183 588 1266 consequi
604 1183 802 1248 arbitrantes
818 1187 856 1246 ut
871 1183 958 1266 ipsos
975 1189 1008 1247 et
1023 1205 1083 1268 per
1099 1183 1225 1251 eosdem
1243 1183 1417 1267 Philippum
1431 1191 1456 1244 et

348 1291 481 1358 Leukus
496 1290 580 1356 filios
596 1290 621 1356 J
623 1291 715 1356 aoobi
731 1289 843 1356 fratris
860 1292 1045 1357 eorumdem
1060 1293 1179 1358 uteriui
1204 1293 1284 1357 item
1301 1291 1452 1356 Nicolaum

351 1399 456 1466 filium
482 1399 635 1482 Gregorii
652 1404 685 1464 et
699 1398 790 1464 Belre
806 1421 844 1464 ac
859 1398 1036 1466 Nicolaum
1066 1399 1151 1466 filios
1177 1399 1332 1485 Stephani
1356 1398 1454 1464 fratres

351 1531 462 1576 eorum
478 1508 643 1593 patrueles
659 1528 784 1573 necnon
800 1529 859 1592 per
876 1529 933 1575 eos
949 1511 1094 1593 ipsorum
1110 1510 1245 1574 heredes
1261 1508 1456 1589 heredumque

349 1638 480 1684 suorum
496 1636 696 1682 successores
728 1637 765 1680 ac
780 1615 967 1700 iobagiones
984 1606 1171 1682 eorumdem
1197 1616 1334 1682 ubilibet
1356 1617 1386 1680 iu
1401 1613 1456 1696 qui

350 1725 540 1810 buscunque
557 1723 813 1808 possessionibus
839 1722 960 1789 habitis
977 1729 1009 1789 et
1025 1725 1193 1809 acquisitis
1218 1746 1257 1790 ac
1280 1725 1361 1789 iusto
1376 1721 1456 1786 titulo

353 1833 558 1918 acquirendis
575 1834 750 1898 existentes
767 1831 807 1896 de
825 1833 935 1916 gracia
950 1837 1063 1898 nostra
1079 1834 1171 1917 regia
1187 1832 1318 1917 speciali
1334 1831 1372 1896 ab
1386 1828 1458 1894 omui

351 1941 577 2006 iurisdiccione
594 1946 627 2006 et
641 1939 789 2004 iudicatu
806 1940 1014 2024 palatinatus,
1030 1941 1170 2008 banatus
1186 1943 1291 2007 tocius
1301 1937 1458 2016 Solemnis,

353 2051 470 2116 iudicis
487 2050 574 2115 curie
590 2055 710 2132 nostre,
727 2049 882 2114 comitum
907 2049 1144 2133 parochialium
1170 2057 1202 2115 et
1228 2049 1366 2115 iudicum
1380 2046 1456 2112 nobi·

349 2161 432 2225 lium
448 2179 487 2224 ao
502 2158 698 2242 generaliter
710 2158 930 2240 quorumlibet
939 2159 1192 2224 iusticiariorum
1206 2160 1298 2244 regni
1308 2157 1400 2224 nostri
1414 2177 1458 2240 pe·

349 2270 437 2334 nitus
462 2275 494 2333 et
518 2289 577 2352 per
602 2265 893 2350 omnia'perpetuo
925 2267 1065 2332 eximere
1090 2267 1231 2333 liberare
1257 2272 1290 2332 et
1312 2266 1458 2331 absolvere

353 2378 561 2462 dignaremur
585 2382 697 2441 nostro
724 2374 840 2441 exinde
866 2376 999 2440 culmini
1024 2377 1140 2441 humili
1167 2383 1199 2442 et
1214 2377 1329 2442 devota
1344 2391 1458 2458 precum

349 2487 508 2552 instancia
525 2485 716 2550 humotenus
732 2485 897 2568 provoluti
913 2485 1099 2568 supplicare
1116 2489 1320 2568 curaverunt,
1344 2502 1396 2548 nos
1409 2479 1459 2561 igi·

348 2599 403 2658 tur
419 2592 460 2658 ad
476 2594 619 2676 ipsorum
635 2641 642 2656 .
660 2642 666 2656 .
683 2590 841 2656 nobilium
853 2592 1028 2675 peticiones
1048 2593 1304 2677 supplicaciones
1315 2597 1346 2655 et
1360 2610 1459 2674 propo·

349 2703 412 2766 sita
434 2701 558 2766 vultum
576 2706 609 2765 et
624 2701 780 2764 intuitum
796 2705 906 2765 nostre
922 2702 1012 2784 regie
1022 2701 1295 2766 consideracionis
1311 2699 1459 2764 sublerou·

352 2815 400 2876 tes
417 2808 592 2876 fidelitates
608 2807 817 2892 fideliumque
835 2810 1044 2874 serviciorum
1076 2811 1180 2876 multa
1194 2810 1292 2876 laude
1308 2809 1460 2891 dignorum

351 2917 469 2982 merita
493 2918 637 3000 ipsorum
663 2916 905 2982 considerantes
930 2939 993 3001 que
1019 2940 1091 2983 cum
1117 2918 1230 2983 sedula
1261 2913 1461 2983 sollicitudine

349 3046 562 3110 personarum
578 3047 709 3090 suarum
740 3025 773 3089 in
800 3026 948 3090 omuibus
974 3027 1179 3110 processibus
1210 3031 1243 3090 et
1268 3025 1421 3111 prosperis
1435 3029 1461 3084 et

349 3133 492 3198 adversis
517 3138 550 3197 et
575 3131 836 3216 expediciouibus
862 3133 983 3198 uostris
1010 3139 1043 3198 et
1067 3135 1161 3218 regni
1186 3134 1290 3199 nostri
1306 3139 1370 3198 tam
1384 3132 1461 3196 intra

350 3238 489 3306 confinia
505 3240 648 3306 eiusdem
663 3241 756 3323 regni
772 3241 876 3306 nostri
907 3261 1006 3324 quam
1021 3243 1055 3305 in
1080 3243 1154 3307 aliis
1179 3241 1342 3326 plerisque
1366 3238 1461 3322 reguis

350 3347 473 3413 habitis
489 3346 659 3431 magnifice
674 3348 880 3431 procedendo
907 3355 940 3413 et
956 3355 1089 3416 strenua
1113 3339 1273 3415 fidelitate
1297 3345 1462 3415 laborando

348 3454 494 3522 fortuitis
526 3461 558 3519 et
574 3456 749 3539 inopinatis
768 3457 896 3521 casibus
912 3463 1045 3522 eventus
1061 3479 1095 3522 se
1112 3458 1198 3540 ipsos
1216 3455 1406 3543 exponendo,
1429 3475 1462 3516 ex

353 3564 470 3646 quibus
487 3564 634 3628 nonnulli
665 3571 776 3648 preter
802 3563 929 3637 infinita
960 3565 1080 3631 damna
1110 3587 1220 3631 rerum
1250 3563 1462 3650 impenderunt

348 3671 531 3756 fratresque
548 3677 704 3756 cognatos
720 3677 753 3736 et
768 3674 967 3757 propinquos
978 3696 1103 3740 necnon
1113 3675 1278 3740 ministros
1295 3671 1462 3740 eorumdem

348 3779 523 3845 familiares
539 3802 579 3845 ac
595 3782 777 3844 universam
794 3779 1012 3848 substanciam
1029 3783 1214 3848 eorumdem
1226 3804 1328 3867 usque
1343 3779 1383 3846 ad
1398 3777 1462 3842 ulti·

348 3910 434 3953 mam
459 3889 713 3954 exinauicionem
729 3889 886 3955 invasioni
902 3889 1083 3972 perdicioni
1109 3896 1142 3956 et
1169 3889 1383 3956 destruccioui
1398 3883 1460 3950 inli-

349 3995 470 4064 delium
486 4000 670 4062 nostrorum
687 3997 909 4081 relinquendo,
928 4019 966 4062 ex
982 3997 1099 4081 quibus
1115 3999 1263 4063 nonnulli
1279 4002 1386 4082 preter
1402 3991 1462 4058 inli-

348 4104 421 4169 nita
437 4102 556 4169 damna
572 4125 680 4169 rerum
697 4111 842 4189 tempore
858 4104 1002 4170 filiorum
1017 4105 1150 4171 Hernici
1166 4127 1225 4190 per
1241 4105 1369 4172 eosdem
1378 4102 1464 4168 certis

349 4210 532 4276 carceribus
549 4211 665 4276 inclusi
681 4212 851 4276 tormentis
868 4211 981 4277 afflicti
991 4213 1145 4279 membris
1161 4214 1320 4279 atrociter
1335 4208 1465 4276 mutilati

347 4319 482 4383 verbera
499 4323 531 4382 et
547 4317 689 4384 ludibria
705 4321 830 4404 experti
847 4322 994 4386 nonnulli
1011 4323 1112 4388 eciam
1130 4345 1169 4387 ex
1185 4321 1308 4387 eisdem
1323 4341 1379 4410 pro
1398 4316 1466 4382 fide·

348 4425 497 4492 litatibus
513 4431 764 4492 memoratorum
781 4429 1012 4511 magistrorum
1028 4429 1205 4496 Laurencii
1231 4429 1350 4512 Vgrini
1366 4433 1398 4493 et
1412 4426 1465 4492 Jo-

313 4531 316 4540 “
348 4535 462 4599 hannis
478 4531 594 4617 quibus
610 4533 703 4600 nobis
720 4535 848 4601 assidue
858 4539 1048 4604 nitebantur
1063 4541 1265 4623 complacere
1277 4534 1465 4603 detestabili·

347 4648 398 4708 ter
414 4640 527 4705 ferreis
543 4643 679 4708 nexibus
695 4645 821 4708 astricti
837 4667 897 4729 per
912 4645 973 4712 sori
990 4648 1134 4731 plateam
1150 4647 1276 4714 extensi
1292 4646 1349 4712 alii
1366 4647 1398 4711 in
1414 4663 1463 4709 ore
