3112 5466
534 451 627 513 1326.
644 469 738 513 rasa.
757 453 807 513 23.
1170 452 1232 513 237

105 629 306 694 amissionem
324 629 427 694 tocius
443 629 605 712 porcionis
619 629 829 713 possessionis
846 651 902 694 sue
918 631 1024 715 ipsum
1040 631 1073 694 in
1089 629 1234 714 Palagar

106 738 319 821 cont-ingentis
335 737 399 802 rite
416 743 449 801 et
464 737 609 820 legitime
634 736 756 802 tactam
782 743 815 801 et
840 737 882 802 ad
909 738 1083 822 capitalem
1108 745 1234 804 senten·

107 847 182 910 ciam
200 845 390 929 devenisset,
422 845 548 910 nullum
564 849 638 928 post
654 845 748 910 deum
765 851 875 930 preter
899 845 1081 912 Martinam
1098 847 1233 912 fratrem

106 975 193 1018 suum
209 954 376 1018 uterinum
393 953 560 1018 habuisset
575 953 765 1035 adiutorem,
782 955 829 1018 ita
854 960 889 1018 ut
906 954 993 1019 idem
1008 954 1175 1021 Martinus
1190 955 1232 1020 ad

106 1061 320 1127 rehabendam
336 1063 441 1145 ipsam
456 1062 692 1145 possessionem
707 1082 800 1126 suam
815 1062 930 1144 viginti
947 1063 1090 1146 quinque
1105 1084 1232 1128 marcas

109 1168 164 1234 sibi
195 1169 436 1234 accomodasset
461 1169 656 1253 demumque
690 1169 733 1234 ad
758 1169 997 1252 suppletionem
1022 1191 1154 1236 suorum
1179 1170 1233 1235 de-

106 1275 243 1342 fectuum
258 1279 377 1342 iterum
394 1276 504 1343 decem
521 1298 647 1342 marcas
663 1277 724 1342 sibi
749 1281 864 1341 mutuo
890 1279 1099 1343 concessisset
1116 1285 1148 1342 et
1163 1279 1232 1361 ipse

107 1392 237 1468 propter
252 1407 344 1450 suam
359 1386 502 1468 inopiam
518 1408 584 1451 non
608 1384 745 1450 haberet
763 1385 849 1450 unde
874 1385 937 1450 sibi
961 1385 1096 1452 reddere
1112 1386 1233 1470 potuis-

99 1499 157 1575 set,
174 1497 280 1558 totam
296 1493 483 1576 porcionem
499 1493 708 1576 possessionis
737 1515 793 1558 sue
808 1494 841 1558 in
857 1492 1002 1576 Palagar
1028 1493 1134 1576 ipsum
1160 1513 1234 1558 con-

107 1602 282 1684 tingentem
313 1624 385 1667 eum
417 1603 566 1668 omnibus
591 1603 790 1668 utilitatibus
815 1604 881 1667 suis
906 1624 966 1687 pro
992 1604 1070 1687 ipsis
1097 1603 1234 1686 triginta

107 1709 247 1793 quinque
271 1713 389 1776 marcis
420 1710 547 1794 prefato
573 1709 719 1775 Martino
746 1710 841 1775 fratri
868 1733 926 1776 suo
943 1760 949 1775 .
967 1761 974 1775 .
990 1711 1187 1776 vendidisset
1203 1759 1234 1774 ..

106 1815 227 1882 Datum
243 1819 277 1884 in
294 1821 436 1885 crastino
453 1820 517 1885 diei
534 1818 697 1903 Oinerum,
714 1840 799 1884 anno
816 1818 938 1884 domini
954 1817 1008 1883 Μο
1025 1816 1126 1886 0000
1141 1817 1234 1883 XX⁰

106 1931 202 1991 sexto.

208 2090 234 2138 A
247 2090 370 2141 bosanisi
384 2091 517 2157 kaiptalan
533 2097 608 2144 1377.
622 2092 695 2156 april
711 2091 796 2141 ro-iki
816 2091 974 2156 atiratdhtl‚
998 2089 1127 2155 melynelr
1143 2089 1235 2140 erede·

106 2170 153 2240 liije
165 2192 283 2244 megvsn
296 2195 329 2230 aa
342 2195 411 2231 orsz.
425 2182 481 2232 ltdr
494 2182 595 2232 kincst.
614 2185 680 2232 oszt.
704 2183 738 2232 N.
751 2183 784 2232 R.
798 2183 832 2232 A.
851 2185 927 2231 1542.
941 2184 966 2230 5.
980 2181 1047 2244 dipl.
1061 2182 1132 2231 ltar:
1156 2185 1234 2230 2351.

106 2267 200 2319 Kozli:
220 2271 323 2321 Vincze
343 2271 444 2322 Gabar.

543 2723 545 2726 ·
636 2689 710 2749 217.

111 2847 203 2909 raro.
228 2845 458 2932 rasorpfar.
475 2849 526 2912 aa.
551 2847 659 2934 rrarap
684 2849 789 2912 iscar
813 2828 930 2934 afara
956 2849 1108 2934 seipsas
1134 2847 1234 2913 rsa-03

450 2955 676 3040 crirrnepye‘deu
694 2955 894 3041 creptelepiti.

216 3113 285 3180 Nos
310 3114 484 3199 Philippus
508 3117 673 3199 palatinus
707 3115 804 3180 iudex
831 3137 1040 3181 comanorum
1065 3137 1170 3182 comes
1196 3115 1236 3180 de

111 3218 230 3303 Scepus
256 3231 287 3287 et
314 3222 354 3288 de
379 3221 507 3308 Wynar
523 3273 554 3288 ..
580 3223 797 3306 significamus
814 3275 844 3290 ..
871 3224 958 3307 quod
989 3245 1046 3288 nos
1072 3224 1237 3308 quandam

111 3331 341 3410 possessionem
357 3338 502 3396 nostram
518 3329 655 3416 Wyiolu
676 3338 823 3396 vocatam
839 3333 873 3396 in
890 3332 1041 3397 districtu
1065 3333 1238 3397 comitatus

111 3439 211 3501 castri
225 3435 327 3504 Saros
342 3441 531 3506 existentem
558 3441 643 3504 inter
668 3441 749 3505 alias
774 3441 990 3524 possessiones
1015 3447 1143 3506 nostras
1169 3439 1239 3503 dili-

111 3547 240 3626 gencius
255 3548 450 3631 populorum
475 3548 686 3613 multitudine
713 3549 866 3614 decorare
892 3550 1035 3614 volentes
1060 3548 1240 3632 hospitibus

110 3674 165 3717 seu
181 3653 365 3720 hominihus
380 3655 414 3720 in
431 3655 543 3720 eadem
570 3656 846 3721 commorantibus
872 3663 904 3720 et
930 3657 1103 3721 successive
1129 3655 1240 3738 quovis

112 3767 254 3848 tempore
284 3766 500 3851 undecunque
541 3767 841 3852 supervenientibus
873 3787 971 3830 causa
1011 3759 1240 3842 commorandi,

110 3869 195 3937 hanc
211 3876 353 3956 graciam
378 3877 551 3960 specialem
576 3875 726 3941 duximus
752 3875 973 3958 ordinandam,
990 3873 1077 3958 quod
1102 3869 1241 3936 universi

110 3979 296 4064 iohagiones
312 3985 415 4050 nostri
432 3986 464 4050 in
483 3984 594 4050 eadem
610 3991 845 4050 commorantes
872 3983 911 4048 de
929 4005 993 4048 una
1008 3983 1137 4064 integra
1153 3979 1242 4044 curia

112 4109 167 4154 seu
183 4093 321 4158 sessione
347 4093 479 4176 singulis
506 4095 598 4158 annis
623 4094 768 4176 quinque
792 4092 934 4158 fertones
959 4091 1115 4173 magistro
1140 4088 1241 4153 Petro

111 4219 198 4262 nunc
217 4197 345 4266 officiali
362 4208 472 4266 nostro
489 4202 529 4266 de
545 4201 658 4265 eadem
683 4203 716 4265 in
742 4201 845 4265 tribus
863 4198 1008 4262 terminis
1024 4195 1240 4277 infrascriptis

111 4306 236 4370 solvere
250 4313 430 4393 teneantur,
450 4309 600 4374 videlicet
625 4309 667 4373 ad
693 4308 811 4373 festum
836 4306 1029 4372 Natiuitatis
1054 4303 1156 4369 sancti
1182 4301 1241 4368 Jo-

110 4413 230 4478 hannis
245 4413 394 4500 Baptista
420 4439 517 4484 unam
549 4422 682 4500 partem,
715 4415 757 4480 ad
789 4415 907 4480 festum
934 4413 1037 4478 sancti
1068 4409 1241 4476 Michaelis

110 4521 296 4604 archangeli
322 4525 420 4589 aliam
454 4531 580 4609 partem
606 4531 638 4588 et
664 4524 706 4588 ad
732 4523 851 4588 festum
876 4520 1120 4588 Purificacionis
1145 4518 1240 4584 beate

108 4631 243 4714 virginis
272 4633 431 4701 residuam
464 4635 598 4700 terciam
625 4639 751 4718 partem
777 4633 912 4717 pecunie
937 4636 1107 4715 prenotate
1133 4649 1240 4695 conse-
