3132 5470
551 389 644 452 1327*
662 409 748 452 sarr.
767 391 795 452 1.

661 790 734 852 283.

132 950 224 1012 1327.
250 949 421 1035 Visepro'cl,
439 961 516 1034 sept.
537 951 562 1013 1.
582 952 609 1013 Ι.
629 951 756 1034 Kriroly
772 949 884 1036 tir-alp
915 950 1003 1014 Taua
1029 951 1120 1014 Perat
1137 910 1260 1034 (lx-efflui

295 1059 453 1143 lociptolcn
470 1058 554 1122 altat
570 1059 690 1122 Prilo'cz
707 1059 877 1123 til-rolatoa
894 1059 1108 1144 beiktcllotjo.

234 1217 382 1285 Karolus
397 1270 404 1284 .
422 1269 429 1284 .
446 1241 503 1284 rex
519 1269 525 1283 .
543 1270 549 1284 .
567 1221 710 1304 capitulo
745 1219 879 1286 ecclesie
894 1219 1065 1304 Agricnsis
1082 1270 1088 1284 .
1106 1269 1113 1286 .
1131 1218 1254 1284 noveri-

131 1327 171 1390 tis
187 1328 277 1409 quod
293 1331 448 1412 magister
463 1331 567 1394 Peteu
585 1331 690 1394 dictus
707 1329 799 1395 Tuus
816 1380 823 1393 .
841 1381 847 1394 .
865 1329 1013 1394 exhibuit
1037 1328 1131 1394 nobis
1147 1335 1259 1412 paten-

130 1441 177 1501 tes
207 1437 338 1503 litteras
363 1445 493 1504 nostras
525 1461 622 1523 super
653 1439 831 1504 collacione
870 1441 1079 1522 possessionis
1109 1437 1258 1503 Palouch

132 1551 243 1610 rocate
260 1568 318 1630 per
334 1570 392 1613 nos
423 1547 484 1612 sibi
500 1547 588 1612 facta
604 1547 663 1612 sub
680 1549 779 1630 priori
805 1555 838 1612 et
863 1549 998 1632 antiquo
1025 1549 1133 1631 sigillo
1150 1554 1260 1612 nostro

132 1653 295 1720 confectas
322 1655 437 1738 quibus
462 1654 682 1720 mediantibus
707 1655 829 1720 dictam
854 1657 1087 1742 possessionem
1112 1655 1260 1720 Palouch

131 1763 260 1826 nomine
276 1768 363 1826 terre
380 1765 481 1828 castri
496 1765 599 1828 nostri
616 1763 677 1829 sibi
689 1770 721 1829 et
731 1762 826 1830 fratri
836 1787 893 1830 suo
911 1764 1047 1829 Matheo
1064 1764 1260 1829 contulimus

132 1877 288 1954 perpetuo
305 1871 540 1955 possidendam,
558 1893 655 1956 super
671 1893 734 1954 qno
767 1870 921 1938 fidelitati
936 1880 1042 1938 vestre
1066 1871 1261 1957 precipimus

131 2000 188 2061 per
203 1985 374 2063 presentes
393 1987 553 2063 quatenus
569 1980 708 2045 mittatis
723 1980 887 2044 hominem
903 1989 1045 2045 uestrum
1062 1978 1260 2064 fidedignunr

129 2109 187 2169 pro
206 2089 390 2154 testimonio
408 2110 516 2154 coram
534 2111 597 2172 quo
614 2087 639 2154 J
640 2089 785 2154 ohannes
801 2087 924 2153 Kunch
950 2089 1056 2154 dictus
1087 2087 1138 2152 vel
1163 2085 1261 2151 Ladi-

132 2196 223 2261 rlaus
249 2195 469 2262 filiusJacobi
486 2199 593 2264 altero
619 2198 754 2264 absente
780 2197 876 2262 homo
902 2203 1012 2262 noster
1029 2197 1213 2263 convocatis
1230 2245 1260 2260 ..

128 2305 241 2370 ricinis
258 2305 345 2370 dicte
371 2307 607 2390 possessionis.
625 2357 632 2370 .
647 2304 882 2370 reambulando
908 2307 935 2370 si
960 2311 1071 2370 nostre
1088 2303 1260 2370 collacioni

130 2416 295 2496 pertinere
312 2420 345 2478 et
361 2421 484 2480 terram
500 2415 599 2480 castri
616 2416 718 2480 nostri
733 2415 891 2480 invenerit
907 2414 969 2497 ipsi
985 2415 1141 2498 magistro
1151 2412 1257 2476 Peteu

130 2543 230 2587 noras
258 2529 383 2588 metas.
401 2573 408 2587 .
426 2523 579 2606 erigendo
606 2573 636 2588 ..
654 2528 780 2590 statuat
804 2529 962 2608 perpetuo
987 2519 1261 2608 possidendam..

132 2631 262 2696 Datum
294 2633 327 2696 iu
343 2630 530 2714 Wisegrad,
547 2631 629 2696 feria
660 2633 762 2696 tercia
778 2633 927 2716 proxima
955 2631 1105 2696 videlicet
1130 2629 1263 2694 infesto

128 2739 217 2804 beati
235 2739 347 2822 Egidii
365 2739 566 2822 confessoris,
583 2761 669 2804 anno
686 2739 807 2804 domini
823 2739 878 2804 M⁰
893 2735 1096 2804 ΟΟΟθΧΧ0
1112 2739 1259 2822 septimo.

237 2904 280 2952 ΑΖ
303 2903 360 2966 egri
386 2903 573 2966 kaptalannak
596 2917 721 2966 ugyanez
743 2902 787 2956 cvi
811 2908 880 2966 sept.
904 2901 983 2952 ΜΠ
998 2899 1255 2966 keltjelenttsebdl‚

128 2996 200 3057 mely
232 2993 336 3043 ezerint
363 3009 380 3042 a
408 2993 539 3057 kaptalan
568 2993 697 3043 Benadck
725 2993 813 3056 unghi
852 2993 1002 3057 foespcrest
1033 2991 1193 3050 kikuldvsn,
1229 3005 1258 3040 ez

129 3099 202 3134 suna
232 3099 297 3134 curn
328 3083 456 3133 Johanne
482 3085 515 3134 de
540 3084 656 3134 Kunch«
683 3084 726 3134 »in
753 3084 893 3134 dominica
924 3084 1050 3147 proxima
1084 3087 1148 3132 anta
1180 3082 1258 3145 quin·

127 3175 214 3224 denas
240 3175 404 3224 Natiuitatis
435 3176 514 3224 beate
548 3175 665 3239 virginis
700 3175 877 3226 accessissent
899 3175 933 3224 ad
955 3175 1055 3224 faciem
1077 3173 1256 3238 possessionis

126 3265 255 3316 Palouch
269 3269 297 3314 ct
319 3263 433 3313 eandem
452 3265 625 3327 presentibus
649 3263 782 3329 Gregorio
805 3265 863 3314 fluo
877 3264 1011 3327 othmari,
1036 3263 1184 3314 Wauchulr
1197 3262 1256 3310 filio

126 3355 249 3416 Nicolai,
264 3355 341 3404 Bano
364 3353 421 3402 filio
443 3354 530 3415 Pook,
549 3355 633 3404 Petro
656 3355 714 3404 filio
738 3354 857 3403 Simonis
870 3359 899 3403 st
913 3353 1054 3417 Stephano
1067 3353 1125 3402 filio
1139 3351 1264 3415 Philippi

127 3443 331 3495 commetancis
345 3481 350 3494 .
366 3479 372 3492 .
385 3443 522 3508 magistro
534 3447 616 3494 Petro
630 3449 765 3509 perpetuo
779 3444 966 3494 statuissent«
991 3443 1031 3492 Aa
1046 3445 1104 3506 egri
1116 3443 1263 3506 kaptalan·

124 3539 182 3586 nak
215 3553 230 3586 e
259 3534 392 3600 jerentese
418 3535 549 3586 attratott
561 3537 582 3587 Ι.
596 3537 702 3600 Karoly
716 3535 806 3599 kirtly
831 3539 908 3585 1327.
923 3549 988 3585 nov.
1009 3536 1091 3583 ao-sn
1111 3533 1259 3582 keltokle-

126 3625 245 3676 veldben
257 3645 264 3692 3
278 3628 296 3677 l.
311 3626 403 3675 alabb.

619 3773 635 3782 a·
646 3771 775 3780 ...n-m...—

665 3935 739 3997 284.

124 4099 228 4164 1327.
252 4097 419 4182 Viseprrid,
436 4107 512 4182 sept.
533 4098 561 4161 1.
594 4097 621 4162 I.
649 4097 775 4184 Karoly
800 4096 910 4182 lcirdlp
936 4120 974 4161 cz
1000 4098 1069 4182 apri
1085 4097 1265 4181 lcdptalaat

122 4208 276 4288 rikardi,
291 4208 374 4292 kopp
389 4207 512 4270 Filza‘ri
528 4207 670 4293 Milalyr
687 4205 791 4270 Kalaa
806 4215 890 4271 neoti
916 4203 1064 4270 braccata
1082 4205 1208 4269 ilctasso
1225 4205 1267 4270 dc.

239 4365 412 4432 Karalus.
429 4389 511 4432 .rex
537 4417 544 4430 .
562 4417 569 4432 .
596 4367 741 4452 capitulo
770 4366 904 4432 ecclesie
929 4363 1100 4449 Agricnsis
1118 4414 1125 4428 .
1141 4413 1147 4427 .
1165 4362 1267 4428 fideli-

123 4479 190 4543 tati
208 4483 320 4542 rcstre
336 4525 343 4540 .
361 4527 367 4540 .
383 4476 575 4542 mandamus
601 4482 761 4559 quatenus
787 4481 930 4542 vestrum
945 4476 1086 4542 mittatis
1101 4473 1264 4538 hominem

120 4610 185 4674 pro
204 4585 397 4650 testimonio
413 4584 614 4668 fidedignum
630 4605 739 4648 coram
766 4607 830 4666 quo
847 4584 991 4649 Miclrael
1018 4581 1057 4646 de
1074 4581 1200 4646 Ramra
1215 4581 1266 4646 vel

188 4721 349 4758 carcosam
366 4708 530 4757 osulsrrls
546 4721 576 4758 rr.
594 4709 654 4758 κὸτ.
1119 4695 1159 4756 21
