3112 5466
539 483 632 548 1325.
653 441 729 546 suc.
757 484 808 547 21.
1178 481 1241 548 909

216 662 370 726 Hirtlapjan
384 663 468 712 kerek
482 661 575 726 pecstt
588 665 764 728 nyomaival3
784 663 918 727 ereneuje
938 679 970 714 aa
990 679 1059 716 orsz.
1074 665 1128 714 ltar
1141 667 1241 716 kinost.

117 755 173 800 oszt
197 751 231 801 N.
253 753 284 802 a.
305 752 337 802 A.
360 755 437 802 1746.
458 757 501 802 45.
520 753 586 816 dipl.
607 755 677 804 ltsir:
693 757 771 804 2316.
791 754 889 804 Kozli:
910 755 1012 804 Vincze
1032 755 1132 806 eebor.

602 952 756 960 -——-—·-.

642 1151 714 1212 191.

115 1329 203 1392 1325.
221 1353 295 1416 nup.
313 1332 365 1394 21.
385 1329 411 1394 Ι.
430 1331 555 1416 Kciroip
580 1331 693 1418 kirtly
709 1333 749 1416 cij
765 1331 1021 1415 adomcinyleoele
1040 1329 1136 1395 Arad
1161 1342 1242 1398 66611

174 1437 269 1522 Unplr
284 1441 467 1526 vdrrneppei
482 1439 649 1520 1161616661,
662 1437 810 1505 Coit-arcini
830 1439 1031 1524 Kcirolpfiui
1046 1442 1176 1504 rc'szdre.

213 1611 352 1681 Carolus
372 1666 379 1680 .
405 1665 412 1680 .
438 1637 496 1680 rex
512 1665 519 1680 .
536 1665 543 1680 .
560 1616 603 1681 ad
627 1617 850 1682 universorum
875 1618 1030 1682 noticiam
1047 1667 1054 1682 .
1070 1667 1077 1682 .
1093 1619 1241 1683 volumus

113 1725 281 1806 pervenire,
306 1724 394 1808 quod
428 1747 500 1790 cum
525 1723 724 1790 Benedictus
749 1725 911 1808 Kopouch
937 1733 969 1790 et
994 1726 1167 1790 Ladislaus
1184 1725 1243 1790 filii

113 1829 224 1896 Karoli
257 1832 296 1896 de
328 1831 486 1917 Ohytwan
518 1831 629 1898 fideles
667 1834 769 1898 nostri
801 1833 844 1898 ad
874 1838 1019 1898 nostram
1050 1833 1240 1898 accedentes

114 1942 305 2021 presenciam
315 1947 424 2006 nostre
438 1941 598 2007 maiestati
611 1942 777 2006 humiliter
794 1942 1005 2024 supplicando
1022 1941 1242 2008 declarassent

112 2049 323 2114 instrumenta
357 2049 479 2114 domini
504 2049 652 2114 Ladislai
679 2049 840 2132 quondam
868 2049 1005 2113 illustris
1033 2050 1118 2132 regis
1146 2048 1241 2114 Hun-

114 2157 195 2238 garie
210 2155 321 2221 fratris
342 2164 374 2221 et
389 2158 626 2241 predecessoris
653 2159 755 2222 nostri
781 2158 937 2221 carissimi
962 2157 1065 2222 felicis
1088 2159 1241 2222 memorie

112 2284 201 2346 super·
216 2265 417 2347 possessione
437 2267 578 2348 ipsorum
595 2265 800 2348 acquisiticia
824 2263 919 2328 Arad
945 2273 1060 2329 vocata
1086 2265 1117 2328 in
1144 2266 1240 2330 comi-

114 2379 178 2436 tatu
189 2372 227 2436 de
243 2371 347 2455 Hung
357 2374 515 2440 existente
525 2374 638 2439 habita
655 2380 688 2437 61
704 2372 853 2438 coniecta
869 2373 1043 2437 casualiter
1060 2374 1177 2437 amissa
1188 2395 1239 2436 ex-

114 2481 210 2544 titisse
225 2487 374 2564 petentes
389 2503 447 2546 nos
463 2503 558 2566 prece
576 2482 755 2546 subiectira
771 2488 808 2545 ut
820 2503 860 2545 66
878 2482 1032 2564 temporis
1043 2481 1076 2545 in
1087 2501 1238 2563 processu

114 2588 234 2652 amissio
266 2589 475 2654 accidentalis
506 2589 666 2654 dictorum
698 2591 987 2654 instrumentorum
1018 2590 1162 2671 ipsorum
1191 2588 1237 2651 eis

114 2695 235 2761 obstare
255 2697 363 2762 valeat
379 2703 412 2764 et
429 2698 568 2781 obviare,
591 2696 733 2762 remedio
758 2718 927 2762 occurrere
952 2717 1050 2780 super
1075 2696 1137 2760 hoc
1162 2697 1239 2780 ipsis

115 2802 312 2884 dignaremur
328 2811 520 2889 opportune,
536 2827 659 2887 nosque
677 2804 851 2869 eorundem
865 2807 958 2868 iustis
983 2803 1132 2886 precibus
1148 2804 1237 2868 incli-

115 2913 177 2976 uati
192 2911 339 2978 fidelibus
356 2915 476 2978 nostris
496 2914 639 2996 capitulo
659 2911 812 2995 Agriensi
839 2919 876 2977 ut
900 2912 960 2977 sub
987 2915 1130 2997 ipsorum
1149 2914 1238 2976 testi-

115 3021 213 3084 monio
229 3021 371 3086 Thomas
396 3021 483 3086 filius
499 3020 644 3086 Lorandi
660 3022 711 3085 sel
728 3021 896 3086 ι1611616666
922 3021 1007 3085 filius
1032 3019 1107 3104 Vyd
1133 3020 1237 3084 altero

115 3127 237 3194 absente
262 3131 358 3196 homo
384 3138 494 3195 noster
523 3152 621 3214 super
645 3130 704 3194 hec
729 3130 848 3194 sciret.
867 3181 873 3194 .
891 3130 1059 3194 veritatem
1080 3129 1236 3212 nobisque

116 3233 186 3299 iacti
208 3239 321 3302 seriem
338 3239 563 3320 rescriberent,
580 3237 797 3303 mediantibus
816 3238 935 3302 litteris
952 3239 1070 3302 uostris
1089 3237 1237 3302 orandas-

116 3363 219 3427 semus,
245 3345 374 3410 tandem
398 3345 484 3409 idem
511 3346 689 3428 capitulum
705 3343 817 3408 fideles
838 3347 940 3409 nostri
957 3345 1048 3409 nobis
1065 3345 1235 3427 rescripse-

117 3457 185 3516 runt
212 3453 245 3516 in
275 3453 336 3521 hec
367 3453 483 3518 verba:
508 3453 792 3517 Excellentissimo
827 3453 957 3516 domino
983 3475 1040 3516 suo
1067 3450 1185 3518 Oarolo
1204 3501 1233 3516 ..

117 3560 221 3641 regi..
238 3563 416 3645 capitulum
450 3561 584 3626 ecclesie
610 3559 801 3644 Agrieusis3
826 3561 956 3625 litteras
991 3566 1095 3625 vestre
1120 3561 1237 3624 sereni-

117 3667 186 3730 tatis
204 3669 381 3752 recepimus
397 3668 483 3734 hunc
506 3675 650 3734 tenorem
675 3670 894 3734 continentes:
919 3667 1066 3733 Karolus
1083 3718 1090 3734 .
1107 3718 1113 3733 .
1131 3691 1188 3732 rex
1205 3719 1212 3734 .
1230 3719 1237 3734 .

118 3777 248 3859 capitulo
269 3779 403 3842 ecclesie
422 3775 610 3861 Agriensis3
630 3776 1237 3860 (116661661116Β66611616611666661

118 3891 146 3946 et
160 3883 325 3950 Ladislaus
335 3885 392 3949 filii
403 3883 513 3950 Caroli
530 3885 570 3950 de
587 3883 744 3971 Ohytwan
761 3936 767 3950 .
784 3935 791 3950 .
809 3883 841 3969 *)
852 3885 978 3950 Datum
994 3887 1086 3950 iuxta
1102 3883 1235 3949 flurium

117 3988 275 4058 Kulrulleu
305 4015 406 4077 prope
437 3993 546 4057 villam
578 3992 788 4078 Zeepmezeu,
819 3993 853 4056 in
884 3991 967 4057 festo
995 3991 1085 4056 beati
1116 3992 1236 4056 Jacobi

118 4102 252 4184 apostoli,
283 4123 368 4168 arrno
403 4101 526 4166 domini
559 4100 736 4166 Millesimo
772 4098 872 4164 000⁰
896 4099 988 4164 ΧΧο
1013 4106 1139 4182 quarto.
1164 4099 1235 4164 Nos

118 4206 227 4290 igitur.
243 4260 250 4274 .
266 4209 410 4274 misimus
435 4209 596 4274 hominem
613 4217 759 4274 nostrum
780 4211 883 4274 virum
909 4209 1060 4274 idoneum
1085 4207 1236 4272 videlicet

118 4311 241 4382 Petrum
249 4317 450 4382 sacerdotem
461 4317 501 4382 de
513 4313 608 4402 Opog
619 4318 674 4400 qui
684 4339 823 4382 unacum
840 4315 985 4401 predicto
996 4316 1021 4381 J
1022 4316 1149 4382 ohanne
1166 4315 1236 4380 filio

213 4553 237 4614 ¹¹)
261 4554 433 4604 Koretkezik
466 4571 483 4604 a
516 4554 705 4619 meglrereses,
737 4556 810 4606 nriut
842 4555 956 4604 11161666
990 4554 1163 4603 kivonatban
1196 4553 1235 4602 ol-

119 4640 228 4694 16611616,

156 4761 299 4798 assessori
316 4749 480 4811 ormisrriu
498 4764 525 4798 rr.
544 4752 604 4801 ultr.
1079 4737 1118 4798 14
