3132 5470
528 536 532 544 ,
586 462 838 558 lancaistre.
1216 466 1278 527 359

144 662 204 725 per
220 663 282 711 nos
298 640 340 706 ad
356 641 418 706 hoc
445 643 579 724 rogatus
595 643 629 706 et
645 637 807 724 Georgius
833 642 872 707 de
897 645 1000 712 Wata
1024 648 1121 715 homo
1137 645 1280 712 iudicum

142 750 305 815 nobilium
321 770 360 814 ac
375 747 535 814 Nicolaus
552 748 658 814 dictus
675 745 777 816 Orras
801 752 897 820 homo
915 756 1041 821 comitis
1071 755 1278 821 Posoniensis

143 859 297 923 similiter
328 856 370 922 ad
400 856 464 922 hoc
490 857 642 923 destinati
667 857 760 922 nobis
792 863 995 928 concorditer
1010 865 1201 946 retulerunt,
1218 863 1276 930 ubi

140 968 245 1032 eciam
271 966 483 1030 commetanei
509 965 651 1031 eiusdem
676 969 886 1050 possessionis
911 971 1005 1038 Patra
1031 973 1182 1038 uidelicet
1208 993 1274 1035 ma·

141 1077 245 1158 gister
260 1074 353 1138 Foko
385 1081 418 1138 et
434 1070 567 1138 Andioh
584 1072 643 1138 filii
668 1076 818 1157 magistri
844 1077 936 1144 Petri
962 1081 1002 1145 de
1027 1078 1121 1167 Ogya
1137 1085 1170 1146 et
1185 1079 1277 1145 Beke

140 1183 229 1248 filius
259 1181 353 1245 Petri
379 1181 573 1266 ac-Blasius
598 1181 685 1246 filius
718 1180 854 1268 Georgii
879 1190 1095 1271 personaliter
1111 1187 1277 1256 affuerunt

139 1293 286 1375 ipsisque
304 1289 581 1356 consencientibus
598 1292 725 1357 nouiter
741 1299 848 1360 erecte
864 1294 927 1363 hoc
944 1297 1057 1362 ordine
1074 1297 1275 1379 distinguun-

141 1409 215 1465 tur:
231 1400 347 1483 incipit
363 1399 448 1462 enim
464 1399 569 1484 prima
585 1405 672 1463 meta
688 1421 708 1464 a
724 1407 817 1484 parte
845 1405 1103 1488 septemtrionali
1128 1405 1184 1470 ubi
1200 1411 1278 1470 sunt

143 1508 208 1573 duc
226 1529 307 1574 noue
323 1511 407 1571 mete
423 1529 562 1590 quarum
578 1529 643 1572 una
659 1507 829 1592 distinguit
846 1510 967 1577 dictam
977 1514 1174 1597 particulam
1191 1518 1277 1580 terre

139 1623 173 1681 et
190 1616 333 1681 secunda
348 1621 468 1680 temam
485 1615 644 1681 dictorum
662 1614 765 1682 Sebus
783 1624 813 1683 et
824 1617 924 1704 Petri,
942 1620 1059 1686 abhinc
1070 1621 1277 1706 progreditur

140 1746 254 1790 uersus
270 1723 437 1788 meridiem
454 1727 486 1787 et
502 1723 638 1789 ulterius
648 1725 754 1791 eundo
771 1733 846 1792 sunt
857 1729 1004 1794 similiter
1021 1729 1083 1796 dua
1100 1751 1180 1796 noue
1190 1735 1276 1795 mete

140 1835 377 1916 distinguentes
387 1837 553 1915 tamquam
570 1833 680 1918 prime,
692 1834 806 1900 deinde
821 1837 911 1902 uadit
927 1837 1039 1903 eodem
1055 1839 1150 1904 modo
1167 1859 1277 1904 uersus

141 1942 314 2008 meridiem
325 1947 358 2005 et
367 1941 412 2005 sio
423 1939 527 2005 eundo
542 1941 609 2005 itur
618 1942 711 2006 iuxta
727 1949 847 2008 terram
858 1944 948 2010 Belre
958 1944 1016 2011 filii
1027 1946 1120 2012 Petri
1130 1947 1185 2012 ubi
1202 1953 1279 2012 sunt

133 2052 209 2117 ‘due
226 2071 307 2116 noue
322 2055 406 2113 mete
433 2049 561 2114 omnino
587 2054 743 2134 tanquam
768 2053 872 2135 prime
898 2053 1139 2138 distinguentes,
1156 2041 1277 2120 abhinc

138 2159 231 2223 uadit
247 2179 358 2222 uersus
374 2155 571 2222 occidentem
588 2163 620 2221 et
635 2158 771 2225 ulterius
788 2159 893 2226 eundo
910 2169 986 2228 sunt
1018 2162 1080 2228 due
1104 2168 1190 2228 mete
1207 2185 1274 2228 una

138 2293 226 2336 noua
243 2275 276 2332 et
292 2267 433 2332 secunda
448 2269 583 2350 ant-iqua
600 2291 738 2352 quarum
753 2273 858 2354 prima
875 2272 1046 2356 distinguit
1062 2279 1276 2340 memoratam

138 2377 340 2462 particulam
356 2381 442 2440 terre
459 2376 599 2440 secunda
625 2382 748 2442 terram
773 2377 863 2444 Belre
888 2380 1034 2464 predicti,
1061 2380 1178 2446 deinde
1193 2381 1277 2448 ulte·

139 2487 212 2552 rius
230 2483 434 2569 procedendo
451 2489 527 2548 sunt
558 2483 620 2549 due
635 2491 720 2550 mete
736 2489 902 2570 tamquam
919 2489 1022 2571 prime
1042 2490 1103 2554 site
1121 2495 1154 2553 et
1169 2489 1276 2554 locate

139 2594 240 2660 niodo
257 2592 421 2657 riutedioto
439 2591 682 2676 distinguentes,
699 2593 817 2658 abhinc
842 2593 1022 2660 reflectitur
1046 2617 1155 2660 uersus
1179 2597 1274 2660 meri-

140 2704 229 2768 diem
247 2708 279 2766 et
296 2701 432 2765 ulterius
448 2699 551 2764 eundo
568 2700 759 2784 adiungitur
785 2703 882 2766 terris
899 2704 1110 2768 castrensium
1127 2703 1166 2768 de
1182 2703 1277 2770 Paka

139 2812 199 2876 ubi
215 2815 292 2874 sunt
311 2814 449 2892 quatuor
465 2813 549 2873 mete
576 2829 714 2892 quarum
745 2832 810 2874 una
841 2831 924 2876 noua
955 2811 1079 2876 scilicet
1110 2810 1278 2896 distinguit

138 2921 247 3003 ipsam
264 2917 458 3002 particulam
476 2917 617 2982 secunda
633 2919 779 3002 magistri
805 2917 909 3006 Selius
934 2921 1037 2984 tercia
1063 2920 1276 2986 castrensium

138 3032 397 3092 memoratorum
413 3031 445 3088 et
462 3031 579 3108 quarta
594 3025 698 3089 Blasii
714 3024 773 3090 filii
790 3023 934 3110 Georgii,
966 3027 1081 3091 deinde
1105 3027 1192 3094 redit
1207 3048 1275 3092 uer·

139 3159 197 3201 ens
214 3133 415 3201 occidentem
432 3139 464 3197 ct
489 3134 626 3198 ulterius
652 3133 756 3224 cundo
782 3139 857 3198 suut
883 3141 949 3200 tres
975 3136 1107 3218 antique
1133 3141 1218 3200 mete
1244 3142 1278 3200 et

139 3267 209 3309 una
225 3264 308 3308 noua
324 3263 462 3326 quarum
489 3263 554 3306 una
576 3263 660 3306 noua
676 3241 826 3305 uidelicet
858 3241 1025 3327 distinguit
1041 3243 1146 3327 ipsam
1170 3245 1271 3327 parti-

138 3353 251 3419 culam
268 3358 352 3415 terre
368 3349 515 3415 Lorandi
532 3349 671 3414 acetruda
688 3351 820 3416 ecclesie
837 3349 949 3417 Sancti
975 3349 1155 3417 Salvatoris
1172 3353 1275 3418 tercia

139 3461 249 3526 Sebus
267 3464 299 3522 et
315 3457 407 3522 Petri
439 3479 477 3522 ac
503 3463 621 3540 quarta
645 3456 750 3522 Blasii
776 3455 836 3522 filii
862 3455 1006 3542 Georgii,
1022 3457 1141 3523 abhinc
1158 3459 1275 3524 transit

137 3589 253 3636 uersus
269 3566 529 3649 septemtrionem
547 3571 579 3638 a
595 3564 731 3630 ulterius
748 3564 852 3630 eundo
864 3571 940 3630 sunt
956 3565 1019 3632 due
1035 3571 1120 3630 mete
1137 3588 1275 3650 quarum

139 3697 209 3742 una
228 3671 340 3758 (noua)
366 3672 534 3754 distinguit
560 3671 680 3736 dictam
706 3671 903 3756 particulam
928 3678 1012 3738 terre
1038 3672 1179 3738 secunda
1200 3695 1275 3739 uero

138 3785 280 3867 antiqua
297 3781 465 3862 distinguit
481 3786 601 3844 terram
617 3780 720 3864 Foko,
739 3780 853 3845 deiude
869 3781 959 3846 vadit
975 3781 1125 3860 similiter
1142 3786 1176 3846 et
1191 3778 1275 3866 (iun-

131 3871 242 3978 gitur)
259 3892 378 3954 iterato
395 3889 490 3954 terris
507 3889 638 3954 ecclesie
650 3886 764 3954 Sancti
781 3886 959 3955 Salvatoris
975 3889 1031 3954 ubi
1049 3894 1098 3954 est
1114 3885 1277 3956 una'noua

137 4007 231 4067 meta
248 4019 311 4084 que
328 4005 460 4083 separat
475 3998 656 4082 predictam
673 3998 868 4082 particulam
893 4004 980 4063 terre
1005 4004 1037 4063 et
1063 3999 1205 4078 secunda
1221 3993 1277 4063 an'-

137 4111 235 4194 tiqua
250 4115 373 4173 terram
388 4107 489 4189 ipsius
506 4106 638 4171 ecclesie
654 4104 766 4172 Sancti
794 4103 983 4187 Salvatoris,¹
1016 4105 1131 4171 deinde
1146 4090 1277 4190 proten-

138 4221 233 4284 ditur
258 4236 368 4281 uersus
385 4215 543 4280 orientem
569 4221 601 4279 et
627 4215 764 4278 ulterius
790 4212 895 4278 eundo
922 4217 1061 4278 estana
1085 4234 1168 4278 noua
1184 4219 1273 4279 meta

136 4345 244 4410 prope
271 4322 428 4387 fossatum
453 4321 528 4387 ville
551 4321 645 4387 Foko
671 4343 734 4406 que
759 4320 928 4404 distinguit
952 4321 1056 4405 ipsam
1076 4321 1274 4406 particulam

136 4439 228 4497 terre
245 4454 267 4496 a
282 4430 376 4496 terris
391 4429 494 4514 Folo,
510 4430 628 4497 abhinc
644 4431 780 4496 ulterius
794 4429 899 4495 eundo
927 4435 975 4496 est
1001 4451 1067 4494 una
1091 4450 1174 4494 noua
1190 4435 1278 4495 meta

138 4563 203 4624 que
221 4539 390 4622 distinguit
405 4539 509 4623 ipsam
526 4543 646 4604 terram
665 4543 697 4602 et
713 4537 854 4602 secunda
869 4537 1006 4620 antiqua
1025 4559 1086 4620 quc
1108 4536 1277 4620 distinguit

139 4659 268 4714 terram
284 4645 387 4730 Folo,
404 4646 519 4711 deinde
536 4647 626 4712 uadit
643 4646 779 4712 ulterius
797 4652 830 4710 et
847 4651 922 4711 sunt
940 4639 1002 4710 due
1018 4650 1102 4710 mete
1133 4666 1214 4711 noue
1231 4645 1278 4711 di-
