3132 5470
593 476 687 536 1327.
704 489 774 537 JUN.
793 476 844 536 30.
1216 485 1282 546 309

147 657 179 721 in
205 657 287 722 villa
312 656 447 740 Dyenus
472 658 587 720 vocata
610 654 644 718 in
671 649 854 718 Ghollokuz
891 655 1042 720 existenti
1082 659 1116 724 in
1148 657 1282 726 decimis

148 764 273 830 nullum
298 765 348 830 ius
372 764 500 846 habere,
526 762 639 828 eodem
665 760 759 827 modo
786 768 818 826 et
842 784 900 828 nos
925 762 1116 848 profitemur
1144 767 1178 831 in
1195 767 1281 832 villis

148 873 292 938 eiusdem
309 872 430 937 domini
445 867 588 936 Abbatis
613 870 718 935 sancti
745 868 883 935 Martini
899 877 932 936 et
955 873 1140 956 specialiter
1155 875 1188 940 in
1204 876 1283 942 villa

148 1004 247 1066 quam
264 981 364 1046 habet
378 981 410 1044 in
429 977 608 1044 Ghollokuz
624 977 759 1063 Dyenus
775 985 891 1044 vocata
918 979 1044 1044 nullum
1059 981 1110 1045 ius
1126 989 1281 1065 pretextu

148 1089 347 1155 decimarum
362 1088 482 1153 habere
498 1135 505 1152 .
522 1136 529 1151 .
545 1085 670 1152 Datum
687 1084 846 1170 Strigonii
862 1088 896 1152 in
912 1086 996 1152 festo
1012 1087 1101 1154 beati
1117 1087 1280 1157 dohannis

89 1218 99 1238 ·
149 1198 312 1282 Baptiste²
333 1195 393 1261 sub
410 1217 494 1262 anno
510 1195 747 1259 incarnacionis
773 1194 893 1259 domini
917 1195 1093 1262 Millesimo
1120 1204 1278 1265 trecente-

147 1307 228 1371 simo
243 1305 395 1370 vicesimo
412 1303 535 1386 quinto.
551 1300 621 1368 Nos
637 1302 738 1385 igitur
747 1303 842 1367 iustis
853 1307 886 1368 et
896 1305 1048 1387 gratuitis
1063 1306 1280 1390 peticionibus

147 1437 184 1480 ao
201 1412 500 1498 supplicacionibus
531 1411 649 1498 prefati
665 1411 775 1476 fratris
800 1409 959 1478 Vithelmi
984 1413 1018 1477 in
1043 1433 1182 1496 persona
1198 1417 1280 1481 eius·

152 1523 226 1592 dem
243 1522 352 1586 domni
368 1520 497 1586 abbatis
512 1520 608 1585 factis
619 1520 764 1604 graciose
774 1519 921 1585 inclinati
931 1527 1076 1586 tenorem
1093 1524 1280 1590 earumdem

153 1631 364 1696 litterarum.
381 1679 387 1694 .
403 1627 608 1713 presentibus
622 1629 724 1693 inseri
740 1627 875 1694 fecimus
891 1634 1037 1694 nostrum
1054 1631 1175 1696 eisdem
1192 1633 1279 1716 sigil-

148 1739 217 1804 lum
242 1737 445 1803 autenticum
470 1737 587 1821 apponi
612 1735 770 1801 iaciendo.
797 1735 922 1802 Datum
947 1737 981 1801 iu
1004 1737 1088 1804 festo
1104 1738 1275 1805 beatorum

149 1847 242 1912 Petri
259 1853 292 1912 et
307 1846 406 1911 Pauli
430 1846 657 1930 apostolorum,
683 1867 769 1910 anno
794 1844 916 1910 domini
941 1845 1126 1931 Millesimo,
1152 1855 1278 1914 trecen-

150 1955 267 2020 tesimo
282 1954 434 2019 vicesimo
460 1953 606 2038 septimo,
630 1953 794 2036 magistris
820 1950 950 2018 Mathia
974 1953 1105 2038 lectore,
1131 1953 1275 2040 Georgio

146 2067 291 2147 cantore,
315 2061 443 2128 Jacobo
468 2061 603 2128 custode
628 2062 809 2146 ceterisque
834 2060 989 2127 fratribus
1015 2069 1049 2127 et
1065 2063 1202 2130 dominis
1228 2085 1278 2129 ec·

146 2172 242 2238 olesie
257 2177 368 2238 nostre
384 2169 602 2238 existentibus

254 2335 389 2385 Kek-zold
402 2337 504 2398 selyern
517 2335 647 2399 szalagou
658 2333 743 2398 idggd
763 2331 855 2397 peccet
866 2335 1128 2399 maradvduyaiva13
1149 2335 1280 2401 credetije

146 2426 376 2492 apaunonhalmi
388 2425 533 2490 sdapatsag
545 2427 633 2476 ltban.
648 2423 736 2488 Capsa
750 2429 791 2474 41.
806 2425 838 2476 N.
863 2425 962 2474 szli:
985 2425 1146 2476 Stachovics
1169 2425 1277 2489 Remig.

636 2623 794 2632 ...μ-...υ

146 2990 244 3053 1327.
253 2991 332 3074 jun.
356 2989 408 3051 30.
426 2984 456 3050 A
471 2988 564 3051 vciczi
578 2989 740 3072 loriptodaa
756 2988 828 3052 etta
844 2985 952 3052 Szc‘csi
979 2987 1100 3052 Miletos
1116 2987 1169 3070 fio
1186 2987 1281 3051 Pc'ter

145 3098 283 3184 qura'd
305 3102 472 3182 vdrmopyc
480 3095 660 3182 fdiopciaja
676 3096 752 3160 Bait
772 3095 865 3160 Mibd
889 3095 1033 3160 comesset
1052 3118 1091 3159 oz
1108 3095 1206 3159 carnelo
1221 3095 1275 3178 fia

300 3203 409 3266 Locbk
426 3203 509 3267 ditat
528 3203 686 3267 citaverat
702 3203 876 3267 koirtc'iolek
894 3203 983 3266 irciot
998 3203 1133 3288 kicppez.

254 3363 325 3430 Nos
341 3363 521 3449 capitulum
531 3363 664 3428 ecclesie
680 3362 886 3428 Wachiensis
903 3363 1017 3430 damus
1033 3385 1092 3448 pro
1108 3365 1277 3446 memoria,

144 3474 235 3561 quod
249 3474 405 3558 magister
420 3471 539 3538 Petrus
565 3470 651 3536 filius
667 3471 799 3538 Nicolai
815 3471 855 3537 de
880 3471 971 3538 Zech
996 3494 1103 3539 comes
1129 3472 1279 3558 Neugra-

147 3583 268 3650 diensis
286 3603 326 3646 ex
341 3603 407 3647 una
421 3584 525 3666 parte,
543 3599 583 3645 ex
599 3581 703 3646 altera
718 3603 794 3647 vero
812 3603 918 3648 comes
934 3580 1027 3647 Miluo
1044 3580 1130 3647 filius
1147 3581 1273 3646 Thome

144 3692 185 3757 de
200 3691 266 3758 Bel
291 3711 399 3755 coram
423 3689 515 3758 nobis
539 3689 755 3774 personaliter
781 3690 949 3755 constituti
973 3689 1059 3755 idem
1084 3689 1176 3754 Miko
1203 3711 1277 3755 oum

144 3799 265 3865 litteris
291 3798 525 3882 procuratoriis
551 3796 750 3862 honorabilis
776 3797 912 3879 capituli
936 3794 1108 3881 Agriensis
1133 3819 1192 3881 pro
1210 3795 1279 3862 filio

145 3930 204 3975 suo
221 3905 368 3990 Lochak,
384 3905 534 3971 concordi
550 3926 627 3971 vocs
644 3904 795 3970 dixerunt
805 3909 838 3969 et
848 3910 923 3970 suut
940 3905 1093 3988 confessi,
1104 3925 1200 3988 super
1212 3905 1280 3970 uni·

144 4018 247 4082 versis
263 4015 391 4080 iniuriis
422 4020 454 4080 et
480 4013 605 4080 damnis
621 4013 817 4098 pecuniariis
843 4035 901 4097 per
926 4015 1064 4080 eundern
1089 4013 1205 4079 Lochk
1220 4014 1281 4098 ipsi

144 4126 305 4209 magistro
322 4123 423 4189 Petro
440 4129 473 4189 et
490 4123 554 4188 suis
579 4121 737 4187 fratribus
762 4122 930 4206 hucusque
955 4123 1055 4189 illatis
1081 4123 1192 4187 taliter
1208 4144 1281 4188 con-

146 4233 340 4299 cordassent
355 4237 388 4296 et
413 4231 689 4298 concordaverunt
706 4253 814 4296 coram
839 4231 932 4297 nobis
959 4232 1055 4297 salvis
1080 4230 1193 4296 litibus
1209 4253 1281 4315 pos-

144 4343 326 4410 sessionum
342 4343 427 4408 inter
443 4343 531 4426 ipsos
557 4341 722 4405 ventilatis
747 4345 781 4404 et
806 4340 1000 4406 ventilandis
1026 4339 1177 4406 videlicet
1193 4338 1281 4424 quod

143 4454 212 4537 ipse
229 4449 348 4516 Lochk
364 4451 397 4514 in
422 4449 568 4514 terminis
594 4447 810 4532 infrascriptis
836 4449 992 4532 magistro
1016 4447 1118 4514 Petro
1134 4447 1280 4532 predicto

140 4561 247 4624 solvet
264 4559 434 4642 sexaginta
451 4559 595 4642 quinque
612 4577 737 4622 marcas
755 4576 864 4621 coram
879 4555 973 4622 nobis
991 4556 1169 4621 secundum
1186 4557 1278 4639 regui

144 4665 410 4735 consuetudinem
445 4671 571 4750 partem
606 4666 638 4729 iu
675 4663 817 4729 denariis
848 4671 974 4749 partem
1005 4666 1040 4730 in
1072 4665 1280 4731 estimacionc
