<?xml version="1.0" encoding="UTF-8"?>
<!DOCTYPE html PUBLIC "-//W3C//DTD XHTML 1.0 Transitional//EN"
    "http://www.w3.org/TR/xhtml1/DTD/xhtml1-transitional.dtd">
<html xmlns="http://www.w3.org/1999/xhtml" xml:lang="en" lang="en">
 <head>
  <title>
</title>
<meta http-equiv="Content-Type" content="text/html;charset=utf-8" />
  <meta name='ocr-system' content='tesseract 3.04.00' />
  <meta name='ocr-capabilities' content='ocr_page ocr_carea ocr_par ocr_line ocrx_word'/>
</head>
<body>
  <div class='ocr_page' id='page_1' title='image "./codexdiplomatic01nagygoog_0634.png"; bbox 0 0 3152 5472; ppageno 0'>
   <div class='ocr_carea' id='block_1_1' title="bbox 565 483 1232 546">
    <p class='ocr_par' dir='ltr' id='par_1_1' title="bbox 565 483 1232 546">
     <span class='ocr_line' id='line_1_1' title="bbox 565 483 1232 546; baseline 0.003 -3"><span class='ocrx_word' id='word_1_1' title='bbox 565 483 659 544; x_wconf 79' lang='lat'>1332.</span> <span class='ocrx_word' id='word_1_2' title='bbox 687 493 762 543; x_wconf 75' lang='lat' dir='ltr'><strong>aba.</strong></span> <span class='ocrx_word' id='word_1_3' title='bbox 783 483 810 542; x_wconf 94' lang='lat' dir='ltr'><strong>l.</strong></span> <span class='ocrx_word' id='word_1_4' title='bbox 1169 485 1232 546; x_wconf 81' lang='lat'><strong>617</strong></span> 
     </span>
    </p>
   </div>
   <div class='ocr_carea' id='block_1_2' title="bbox 106 660 1235 836">
    <p class='ocr_par' dir='ltr' id='par_1_2' title="bbox 106 660 1235 836">
     <span class='ocr_line' id='line_1_2' title="bbox 106 660 1235 746; baseline -0.002 -18"><span class='ocrx_word' id='word_1_5' title='bbox 106 685 174 728; x_wconf 90' lang='lat' dir='ltr'><strong>mus</strong></span> <span class='ocrx_word' id='word_1_6' title='bbox 192 713 223 729; x_wconf 90' lang='lat'><strong>..</strong></span> <span class='ocrx_word' id='word_1_7' title='bbox 258 662 384 729; x_wconf 90' lang='lat' dir='ltr'><strong>Datum</strong></span> <span class='ocrx_word' id='word_1_8' title='bbox 411 663 447 726; x_wconf 92' lang='lat' dir='ltr'><strong>in</strong></span> <span class='ocrx_word' id='word_1_9' title='bbox 476 660 648 746; x_wconf 83' lang='lat' dir='ltr'><strong>Vysegrad</strong></span> <span class='ocrx_word' id='word_1_10' title='bbox 679 661 712 725; x_wconf 92' lang='lat' dir='ltr'><strong>in</strong></span> <span class='ocrx_word' id='word_1_11' title='bbox 744 660 867 726; x_wconf 85' lang='lat' dir='ltr'><strong>octavis</strong></span> <span class='ocrx_word' id='word_1_12' title='bbox 898 660 1118 745; x_wconf 89' lang='lat' dir='ltr'><strong>Pentecostes,</strong></span> <span class='ocrx_word' id='word_1_13' title='bbox 1150 683 1235 728; x_wconf 87' lang='lat' dir='ltr'><strong>anno</strong></span> 
     </span>
     <span class='ocr_line' id='line_1_3' title="bbox 106 765 850 836; baseline -0.003 0"><span class='ocrx_word' id='word_1_14' title='bbox 106 770 226 836; x_wconf 89' lang='lat' dir='ltr'><strong>domini</strong></span> <span class='ocrx_word' id='word_1_15' title='bbox 241 769 418 836; x_wconf 89' lang='lat' dir='ltr'><strong>Millesimo</strong></span> <span class='ocrx_word' id='word_1_16' title='bbox 438 768 538 836; x_wconf 79' lang='lat'>000⁰</span> <span class='ocrx_word' id='word_1_17' title='bbox 554 765 685 834; x_wconf 76' lang='grc' dir='ltr'><strong>ΧΧΧ0</strong></span> <span class='ocrx_word' id='word_1_18' title='bbox 700 767 850 835; x_wconf 87' lang='lat' dir='ltr'><strong>secundo.</strong></span> 
     </span>
    </p>
   </div>
   <div class='ocr_carea' id='block_1_3' title="bbox 106 931 1235 1259">
    <p class='ocr_par' dir='ltr' id='par_1_3' title="bbox 106 931 1235 1259">
     <span class='ocr_line' id='line_1_4' title="bbox 210 931 1234 1000; baseline 0 -16"><span class='ocrx_word' id='word_1_19' title='bbox 210 935 366 1000; x_wconf 74' lang='lat' dir='ltr'><strong>Hatlapjan</strong></span> <span class='ocrx_word' id='word_1_20' title='bbox 385 949 402 985; x_wconf 84' lang='lat' dir='ltr'><strong>a</strong></span> <span class='ocrx_word' id='word_1_21' title='bbox 424 948 499 1000; x_wconf 83' lang='lat' dir='ltr'><strong>nagy</strong></span> <span class='ocrx_word' id='word_1_22' title='bbox 522 932 625 997; x_wconf 70' lang='lat' dir='ltr'><strong>kirtlyi</strong></span> <span class='ocrx_word' id='word_1_23' title='bbox 647 932 740 998; x_wconf 80' lang='lat' dir='ltr'><strong>peestt</strong></span> <span class='ocrx_word' id='word_1_24' title='bbox 762 931 940 1000; x_wconf 83' lang='lat' dir='ltr'><strong>nyomaiva13</strong></span> <span class='ocrx_word' id='word_1_25' title='bbox 959 933 1091 998; x_wconf 85' lang='lat' dir='ltr'><strong>eredotije</strong></span> <span class='ocrx_word' id='word_1_26' title='bbox 1119 949 1151 984; x_wconf 86' lang='lat' dir='ltr'><strong>az</strong></span> <span class='ocrx_word' id='word_1_27' title='bbox 1165 949 1234 984; x_wconf 81' lang='lat' dir='ltr'><strong>orsa.</strong></span> 
     </span>
     <span class='ocr_line' id='line_1_5' title="bbox 106 1022 1235 1090; baseline -0.002 -14"><span class='ocrx_word' id='word_1_28' title='bbox 106 1025 158 1076; x_wconf 72' lang='lat' dir='ltr'><strong>ltar</strong></span> <span class='ocrx_word' id='word_1_29' title='bbox 170 1025 271 1076; x_wconf 85' lang='lat' dir='ltr'><strong>kinost.</strong></span> <span class='ocrx_word' id='word_1_30' title='bbox 298 1023 583 1076; x_wconf 63' lang='lat' dir='ltr'><strong>eutulanum.</strong></span> <span class='ocrx_word' id='word_1_31' title='bbox 600 1027 640 1074; x_wconf 89' lang='lat'><strong>18.</strong></span> <span class='ocrx_word' id='word_1_32' title='bbox 666 1022 735 1088; x_wconf 81' lang='lat' dir='ltr'><strong>dipl.</strong></span> <span class='ocrx_word' id='word_1_33' title='bbox 761 1023 832 1074; x_wconf 76' lang='lat' dir='ltr'><strong>aar:</strong></span> <span class='ocrx_word' id='word_1_34' title='bbox 848 1028 926 1075; x_wconf 77' lang='lat'>2730.</span> <span class='ocrx_word' id='word_1_35' title='bbox 952 1024 1097 1088; x_wconf 80' lang='lat' dir='ltr'><strong>Ugyanott</strong></span> <span class='ocrx_word' id='word_1_36' title='bbox 1115 1039 1235 1090; x_wconf 86' lang='lat' dir='ltr'><strong>megvan</strong></span> 
     </span>
     <span class='ocr_line' id='line_1_6' title="bbox 106 1114 1234 1182; baseline 0.001 -17"><span class='ocrx_word' id='word_1_37' title='bbox 106 1118 127 1165; x_wconf 90' lang='lat' dir='ltr'><strong>I.</strong></span> <span class='ocrx_word' id='word_1_38' title='bbox 140 1117 248 1182; x_wconf 72' lang='lat' dir='ltr'><strong>Karoly</strong></span> <span class='ocrx_word' id='word_1_39' title='bbox 261 1116 353 1181; x_wconf 73' lang='lat' dir='ltr'><strong>kirtly</strong></span> <span class='ocrx_word' id='word_1_40' title='bbox 369 1116 479 1165; x_wconf 75' lang='lat' dir='ltr'><strong>last-ki</strong></span> <span class='ocrx_word' id='word_1_41' title='bbox 500 1115 666 1180; x_wconf 77' lang='lat' dir='ltr'><strong>megerbslto</strong></span> <span class='ocrx_word' id='word_1_42' title='bbox 679 1114 839 1165; x_wconf 77' lang='lat' dir='ltr'><strong>atinattban</strong></span> <span class='ocrx_word' id='word_1_43' title='bbox 850 1115 884 1179; x_wconf 86' lang='lat' dir='ltr'><strong>is,</strong></span> <span class='ocrx_word' id='word_1_44' title='bbox 897 1115 930 1166; x_wconf 87' lang='lat' dir='ltr'><strong>N.</strong></span> <span class='ocrx_word' id='word_1_45' title='bbox 944 1116 976 1165; x_wconf 83' lang='lat' dir='ltr'><strong>R.</strong></span> <span class='ocrx_word' id='word_1_46' title='bbox 990 1115 1023 1166; x_wconf 87' lang='lat' dir='ltr'><strong>A.</strong></span> <span class='ocrx_word' id='word_1_47' title='bbox 1039 1119 1099 1167; x_wconf 81' lang='lat'><strong>399.</strong></span> <span class='ocrx_word' id='word_1_48' title='bbox 1116 1120 1139 1166; x_wconf 93' lang='lat'><strong>1.</strong></span> <span class='ocrx_word' id='word_1_49' title='bbox 1167 1115 1234 1180; x_wconf 80' lang='lat' dir='ltr'><strong>dipl.</strong></span> 
     </span>
     <span class='ocr_line' id='line_1_7' title="bbox 106 1205 550 1259; baseline -0.002 -2"><span class='ocrx_word' id='word_1_50' title='bbox 106 1208 176 1258; x_wconf 64' lang='lat' dir='ltr'><strong>lter:</strong></span> <span class='ocrx_word' id='word_1_51' title='bbox 191 1211 269 1259; x_wconf 79' lang='lat'>2673.</span> <span class='ocrx_word' id='word_1_52' title='bbox 282 1207 380 1258; x_wconf 77' lang='lat' dir='ltr'><strong>Kozli:</strong></span> <span class='ocrx_word' id='word_1_53' title='bbox 395 1205 503 1258; x_wconf 73' lang='lat' dir='ltr'><strong>Kovtcs</strong></span> <span class='ocrx_word' id='word_1_54' title='bbox 516 1205 550 1257; x_wconf 83' lang='lat' dir='ltr'><strong>N.</strong></span> 
     </span>
    </p>
   </div>
   <div class='ocr_carea' id='block_1_4' title="bbox 638 1641 711 1703">
    <p class='ocr_par' dir='ltr' id='par_1_4' title="bbox 638 1641 711 1703">
     <span class='ocr_line' id='line_1_8' title="bbox 638 1641 711 1703; baseline -0.014 0"><span class='ocrx_word' id='word_1_55' title='bbox 638 1641 711 1703; x_wconf 81' lang='lat'><strong>526.</strong></span> 
     </span>
    </p>
   </div>
   <div class='ocr_carea' id='block_1_5' title="bbox 107 1801 1235 2108">
    <p class='ocr_par' dir='ltr' id='par_1_5' title="bbox 107 1801 1235 2108">
     <span class='ocr_line' id='line_1_9' title="bbox 109 1801 1235 1890; baseline -0.001 -22"><span class='ocrx_word' id='word_1_56' title='bbox 109 1806 203 1868; x_wconf 77' lang='lat'><em>1332.</em></span> <span class='ocrx_word' id='word_1_57' title='bbox 222 1805 332 1886; x_wconf 77' lang='lat' dir='ltr'><strong>Katlo,</strong></span> <span class='ocrx_word' id='word_1_58' title='bbox 355 1808 371 1890; x_wconf 69' lang='grc' dir='ltr'><strong>φ’</strong></span> <span class='ocrx_word' id='word_1_59' title='bbox 394 1803 415 1868; x_wconf 79' lang='lat' dir='ltr'><strong>l.</strong></span> <span class='ocrx_word' id='word_1_60' title='bbox 435 1803 486 1866; x_wconf 89' lang='grc'><strong>18.</strong></span> <span class='ocrx_word' id='word_1_61' title='bbox 503 1803 618 1868; x_wconf 77' lang='lat' dir='ltr'><strong>Ietodo</strong></span> <span class='ocrx_word' id='word_1_62' title='bbox 644 1801 796 1868; x_wconf 79' lang='lat' dir='ltr'><strong>Szobolca</strong></span> <span class='ocrx_word' id='word_1_63' title='bbox 820 1808 990 1889; x_wconf 72' lang='lat' dir='ltr'><strong>odrmcpyo</strong></span> <span class='ocrx_word' id='word_1_64' title='bbox 1006 1803 1178 1887; x_wconf 79' lang='lat' dir='ltr'><strong>olispctajo</strong></span> <span class='ocrx_word' id='word_1_65' title='bbox 1202 1805 1235 1867; x_wconf 84' lang='lat' dir='ltr'><strong>c‘s</strong></span> 
     </span>
     <span class='ocr_line' id='line_1_10' title="bbox 107 1910 1235 1998; baseline 0 -22"><span class='ocrx_word' id='word_1_66' title='bbox 107 1913 287 1978; x_wconf 74' lang='lat' dir='ltr'><strong>biroto&#39;rsaa&#39;</strong></span> <span class='ocrx_word' id='word_1_67' title='bbox 302 1913 376 1978; x_wconf 75' lang='lat' dir='ltr'><strong>elota</strong></span> <span class='ocrx_word' id='word_1_68' title='bbox 392 1912 533 1998; x_wconf 70' lang='lat' dir='ltr'><strong>Leuyyel</strong></span> <span class='ocrx_word' id='word_1_69' title='bbox 557 1911 642 1977; x_wconf 77' lang='lat' dir='ltr'><strong>Ioda</strong></span> <span class='ocrx_word' id='word_1_70' title='bbox 667 1913 699 1976; x_wconf 72' lang='lat'><strong>6⁸</strong></span> <span class='ocrx_word' id='word_1_71' title='bbox 725 1916 817 1976; x_wconf 78' lang='lat' dir='ltr'><strong>to&#39;rsa</strong></span> <span class='ocrx_word' id='word_1_72' title='bbox 841 1911 910 1998; x_wconf 79' lang='lat' dir='ltr'><strong>Bys</strong></span> <span class='ocrx_word' id='word_1_73' title='bbox 936 1921 1018 1977; x_wconf 76' lang='lat' dir='ltr'><strong>aeuo</strong></span> <span class='ocrx_word' id='word_1_74' title='bbox 1043 1910 1235 1977; x_wconf 78' lang='lat' dir='ltr'><strong>birtobciook</strong></span> 
     </span>
     <span class='ocr_line' id='line_1_11' title="bbox 347 2019 1005 2108; baseline -0.003 -23"><span class='ocrx_word' id='word_1_75' title='bbox 347 2019 586 2108; x_wconf 74' lang='lat' dir='ltr'><strong>elfoplaldso&#39;tol</strong></span> <span class='ocrx_word' id='word_1_76' title='bbox 603 2044 641 2085; x_wconf 83' lang='lat' dir='ltr'><strong>az</strong></span> <span class='ocrx_word' id='word_1_77' title='bbox 657 2020 797 2086; x_wconf 68' lang='lat' dir='ltr'><strong>illatura</strong></span> <span class='ocrx_word' id='word_1_78' title='bbox 812 2020 1005 2086; x_wconf 81' lang='lat' dir='ltr'><strong>tilalmazzo.</strong></span> 
     </span>
    </p>
   </div>
   <div class='ocr_carea' id='block_1_6' title="bbox 106 2178 1236 2376">
    <p class='ocr_par' dir='ltr' id='par_1_6' title="bbox 106 2178 1236 2376">
     <span class='ocr_line' id='line_1_12' title="bbox 212 2178 1236 2266; baseline -0.002 -18"><span class='ocrx_word' id='word_1_79' title='bbox 212 2180 284 2248; x_wconf 86' lang='lat' dir='ltr'><strong>Nos</strong></span> <span class='ocrx_word' id='word_1_80' title='bbox 299 2182 454 2265; x_wconf 84' lang='lat' dir='ltr'><strong>magister</strong></span> <span class='ocrx_word' id='word_1_81' title='bbox 469 2178 652 2266; x_wconf 81' lang='lat' dir='ltr'><strong>Stephanus</strong></span> <span class='ocrx_word' id='word_1_82' title='bbox 667 2181 737 2248; x_wconf 85' lang='lat' dir='ltr'><strong>uice</strong></span> <span class='ocrx_word' id='word_1_83' title='bbox 752 2181 900 2264; x_wconf 82' lang='lat' dir='ltr'><strong>magistri</strong></span> <span class='ocrx_word' id='word_1_84' title='bbox 916 2178 1053 2249; x_wconf 83' lang='lat' dir='ltr'><strong>Oliverii</strong></span> <span class='ocrx_word' id='word_1_85' title='bbox 1075 2202 1180 2246; x_wconf 87' lang='lat' dir='ltr'><strong>comes</strong></span> <span class='ocrx_word' id='word_1_86' title='bbox 1196 2181 1236 2247; x_wconf 88' lang='lat' dir='ltr'><strong>do</strong></span> 
     </span>
     <span class='ocr_line' id='line_1_13' title="bbox 106 2289 1235 2376; baseline -0.003 -17"><span class='ocrx_word' id='word_1_87' title='bbox 106 2293 253 2359; x_wconf 87' lang='lat' dir='ltr'><strong>Zobolch</strong></span> <span class='ocrx_word' id='word_1_88' title='bbox 269 2298 301 2357; x_wconf 89' lang='lat' dir='ltr'><strong>et</strong></span> <span class='ocrx_word' id='word_1_89' title='bbox 316 2290 440 2357; x_wconf 85' lang='lat' dir='ltr'><strong>iudicas</strong></span> <span class='ocrx_word' id='word_1_90' title='bbox 465 2291 621 2358; x_wconf 86' lang='lat' dir='ltr'><strong>nobilium</strong></span> <span class='ocrx_word' id='word_1_91' title='bbox 647 2292 687 2356; x_wconf 86' lang='lat' dir='ltr'><strong>de</strong></span> <span class='ocrx_word' id='word_1_92' title='bbox 714 2291 825 2358; x_wconf 86' lang='lat' dir='ltr'><strong>eodem</strong></span> <span class='ocrx_word' id='word_1_93' title='bbox 851 2289 965 2356; x_wconf 85' lang='lat' dir='ltr'><strong>damus</strong></span> <span class='ocrx_word' id='word_1_94' title='bbox 989 2313 1049 2376; x_wconf 91' lang='lat' dir='ltr'><strong>pro</strong></span> <span class='ocrx_word' id='word_1_95' title='bbox 1073 2293 1235 2376; x_wconf 87' lang='lat' dir='ltr'><strong>memoria,</strong></span> 
     </span>
    </p>
   </div>
   <div class='ocr_carea' id='block_1_7' title="bbox 106 2397 1369 2486">
    <p class='ocr_par' dir='ltr' id='par_1_7' title="bbox 106 2397 1369 2486">
     <span class='ocr_line' id='line_1_14' title="bbox 106 2397 1369 2486; baseline -0.002 -18"><span class='ocrx_word' id='word_1_96' title='bbox 106 2403 192 2486; x_wconf 90' lang='lat' dir='ltr'><strong>quod</strong></span> <span class='ocrx_word' id='word_1_97' title='bbox 216 2401 373 2485; x_wconf 81' lang='lat' dir='ltr'><strong>magister</strong></span> <span class='ocrx_word' id='word_1_98' title='bbox 388 2399 509 2466; x_wconf 88' lang='lat' dir='ltr'><strong>Ihones</strong></span> <span class='ocrx_word' id='word_1_99' title='bbox 534 2400 639 2466; x_wconf 85' lang='lat' dir='ltr'><strong>dietus</strong></span> <span class='ocrx_word' id='word_1_100' title='bbox 654 2399 790 2482; x_wconf 83' lang='lat' dir='ltr'><strong>Langen</strong></span> <span class='ocrx_word' id='word_1_101' title='bbox 815 2421 887 2465; x_wconf 89' lang='lat' dir='ltr'><strong>eum</strong></span> <span class='ocrx_word' id='word_1_102' title='bbox 903 2397 1003 2466; x_wconf 89' lang='lat' dir='ltr'><strong>Petro</strong></span> <span class='ocrx_word' id='word_1_103' title='bbox 1019 2399 1086 2465; x_wconf 88' lang='lat' dir='ltr'><strong>filio</strong></span> <span class='ocrx_word' id='word_1_104' title='bbox 1111 2400 1236 2466; x_wconf 79' lang='lat' dir='ltr'><strong>Thome</strong></span> <span class='ocrx_word' id='word_1_105' title='bbox 1367 2413 1369 2418; x_wconf 86' lang='grc'><strong>’</strong></span> 
     </span>
    </p>
   </div>
   <div class='ocr_carea' id='block_1_8' title="bbox 104 2508 1236 2919">
    <p class='ocr_par' dir='ltr' id='par_1_8' title="bbox 104 2508 1236 2919">
     <span class='ocr_line' id='line_1_15' title="bbox 104 2508 1235 2577; baseline -0.003 0"><span class='ocrx_word' id='word_1_106' title='bbox 104 2511 213 2577; x_wconf 82' lang='lat' dir='ltr'><strong>nobile</strong></span> <span class='ocrx_word' id='word_1_107' title='bbox 230 2510 270 2575; x_wconf 86' lang='lat' dir='ltr'><strong>do</strong></span> <span class='ocrx_word' id='word_1_108' title='bbox 285 2508 359 2575; x_wconf 83' lang='lat' dir='ltr'><strong>Imo</strong></span> <span class='ocrx_word' id='word_1_109' title='bbox 375 2508 505 2574; x_wconf 88' lang='lat' dir='ltr'><strong>homino</strong></span> <span class='ocrx_word' id='word_1_110' title='bbox 525 2513 636 2576; x_wconf 90' lang='lat' dir='ltr'><strong>nostro</strong></span> <span class='ocrx_word' id='word_1_111' title='bbox 662 2530 771 2576; x_wconf 91' lang='lat' dir='ltr'><strong>omnes</strong></span> <span class='ocrx_word' id='word_1_112' title='bbox 795 2509 915 2575; x_wconf 81' lang='lat' dir='ltr'><strong>ricinos</strong></span> <span class='ocrx_word' id='word_1_113' title='bbox 942 2515 974 2574; x_wconf 89' lang='lat' dir='ltr'><strong>et</strong></span> <span class='ocrx_word' id='word_1_114' title='bbox 999 2514 1235 2576; x_wconf 86' lang='lat' dir='ltr'><strong>commetaneos</strong></span> 
     </span>
     <span class='ocr_line' id='line_1_16' title="bbox 107 2616 1235 2703; baseline -0.002 -17"><span class='ocrx_word' id='word_1_115' title='bbox 107 2641 179 2686; x_wconf 90' lang='lat' dir='ltr'><strong>suos</strong></span> <span class='ocrx_word' id='word_1_116' title='bbox 195 2640 217 2685; x_wconf 84' lang='lat' dir='ltr'><strong>a</strong></span> <span class='ocrx_word' id='word_1_117' title='bbox 236 2616 489 2703; x_wconf 77' lang='lat' dir='ltr'><strong>percipientibus</strong></span> <span class='ocrx_word' id='word_1_118' title='bbox 505 2640 567 2684; x_wconf 90' lang='lat' dir='ltr'><strong>usu</strong></span> <span class='ocrx_word' id='word_1_119' title='bbox 592 2622 625 2684; x_wconf 87' lang='lat' dir='ltr'><strong>et</strong></span> <span class='ocrx_word' id='word_1_120' title='bbox 649 2618 802 2684; x_wconf 74' lang='lat' dir='ltr'><strong>utilitatis</strong></span> <span class='ocrx_word' id='word_1_121' title='bbox 826 2624 912 2684; x_wconf 88' lang='lat' dir='ltr'><strong>terre</strong></span> <span class='ocrx_word' id='word_1_122' title='bbox 938 2639 995 2684; x_wconf 88' lang='lat' dir='ltr'><strong>sue</strong></span> <span class='ocrx_word' id='word_1_123' title='bbox 1024 2618 1092 2702; x_wconf 84' lang='lat' dir='ltr'><strong>Bys</strong></span> <span class='ocrx_word' id='word_1_124' title='bbox 1122 2624 1235 2684; x_wconf 80' lang='lat' dir='ltr'><strong>vocate</strong></span> 
     </span>
     <span class='ocr_line' id='line_1_17' title="bbox 105 2725 1236 2813; baseline 0 -20"><span class='ocrx_word' id='word_1_125' title='bbox 105 2726 275 2813; x_wconf 84' lang='lat' dir='ltr'><strong>impedivit</strong></span> <span class='ocrx_word' id='word_1_126' title='bbox 305 2726 458 2811; x_wconf 82' lang='lat' dir='ltr'><strong>precipue</strong></span> <span class='ocrx_word' id='word_1_127' title='bbox 483 2727 674 2810; x_wconf 84' lang='lat' dir='ltr'><strong>magistrum</strong></span> <span class='ocrx_word' id='word_1_128' title='bbox 698 2725 895 2792; x_wconf 89' lang='lat' dir='ltr'><strong>Michaelem</strong></span> <span class='ocrx_word' id='word_1_129' title='bbox 919 2725 1109 2792; x_wconf 80' lang='lat' dir='ltr'><strong>ladislaum</strong></span> <span class='ocrx_word' id='word_1_130' title='bbox 1133 2727 1236 2793; x_wconf 92' lang='lat' dir='ltr'><strong>filium</strong></span> 
     </span>
     <span class='ocr_line' id='line_1_18' title="bbox 104 2834 1233 2919; baseline -0.002 -17"><span class='ocrx_word' id='word_1_131' title='bbox 104 2836 218 2902; x_wconf 89' lang='lat' dir='ltr'><strong>Micha</strong></span> <span class='ocrx_word' id='word_1_132' title='bbox 234 2836 268 2899; x_wconf 93' lang='lat' dir='ltr'><strong>in</strong></span> <span class='ocrx_word' id='word_1_133' title='bbox 284 2836 356 2919; x_wconf 88' lang='lat' dir='ltr'><strong>ipsa</strong></span> <span class='ocrx_word' id='word_1_134' title='bbox 370 2839 458 2900; x_wconf 88' lang='lat' dir='ltr'><strong>terra</strong></span> <span class='ocrx_word' id='word_1_135' title='bbox 473 2835 579 2918; x_wconf 84' lang='lat' dir='ltr'><strong>ipsum</strong></span> <span class='ocrx_word' id='word_1_136' title='bbox 595 2835 771 2917; x_wconf 85' lang='lat' dir='ltr'><strong>attingenti</strong></span> <span class='ocrx_word' id='word_1_137' title='bbox 787 2834 909 2899; x_wconf 89' lang='lat' dir='ltr'><strong>nemini</strong></span> <span class='ocrx_word' id='word_1_138' title='bbox 925 2834 1047 2901; x_wconf 88' lang='lat' dir='ltr'><strong>donare</strong></span> <span class='ocrx_word' id='word_1_139' title='bbox 1072 2857 1128 2901; x_wconf 87' lang='lat' dir='ltr'><strong>seu</strong></span> <span class='ocrx_word' id='word_1_140' title='bbox 1154 2836 1233 2901; x_wconf 86' lang='lat' dir='ltr'><strong>dara</strong></span> 
     </span>
    </p>
   </div>
   <div class='ocr_carea' id='block_1_9' title="bbox 105 2942 1238 3135">
    <p class='ocr_par' dir='ltr' id='par_1_9' title="bbox 105 2942 1238 3135">
     <span class='ocr_line' id='line_1_19' title="bbox 107 2942 1238 3029; baseline 0 -19"><span class='ocrx_word' id='word_1_141' title='bbox 107 2943 263 3029; x_wconf 88' lang='lat' dir='ltr'><strong>proibuit</strong></span> <span class='ocrx_word' id='word_1_142' title='bbox 288 2942 413 3008; x_wconf 90' lang='lat' dir='ltr'><strong>Datum</strong></span> <span class='ocrx_word' id='word_1_143' title='bbox 428 2944 461 3008; x_wconf 92' lang='lat' dir='ltr'><strong>in</strong></span> <span class='ocrx_word' id='word_1_144' title='bbox 471 2943 583 3028; x_wconf 79' lang='lat' dir='ltr'><strong>Rullo,</strong></span> <span class='ocrx_word' id='word_1_145' title='bbox 602 2943 738 3010; x_wconf 84' lang='lat' dir='ltr'><strong>sabbato</strong></span> <span class='ocrx_word' id='word_1_146' title='bbox 754 2943 902 3028; x_wconf 86' lang='lat' dir='ltr'><strong>proximo</strong></span> <span class='ocrx_word' id='word_1_147' title='bbox 911 2949 987 3029; x_wconf 91' lang='lat' dir='ltr'><strong>post</strong></span> <span class='ocrx_word' id='word_1_148' title='bbox 1002 2943 1097 3010; x_wconf 87' lang='lat' dir='ltr'><strong>beate</strong></span> <span class='ocrx_word' id='word_1_149' title='bbox 1106 2943 1238 3029; x_wconf 87' lang='lat' dir='ltr'><strong>Marga-</strong></span> 
     </span>
     <span class='ocr_line' id='line_1_20' title="bbox 105 3048 1067 3135; baseline 0 -17"><span class='ocrx_word' id='word_1_150' title='bbox 105 3056 174 3119; x_wconf 89' lang='lat' dir='ltr'><strong>rete</strong></span> <span class='ocrx_word' id='word_1_151' title='bbox 192 3049 335 3135; x_wconf 84' lang='lat' dir='ltr'><strong>virginis,</strong></span> <span class='ocrx_word' id='word_1_152' title='bbox 351 3072 436 3117; x_wconf 91' lang='lat' dir='ltr'><strong>anno</strong></span> <span class='ocrx_word' id='word_1_153' title='bbox 453 3051 574 3122; x_wconf 87' lang='lat' dir='ltr'><strong>domini</strong></span> <span class='ocrx_word' id='word_1_154' title='bbox 590 3051 644 3117; x_wconf 86' lang='grc' dir='ltr'><strong>Μ0</strong></span> <span class='ocrx_word' id='word_1_155' title='bbox 655 3048 755 3120; x_wconf 85' lang='grc'><strong>0000</strong></span> <span class='ocrx_word' id='word_1_156' title='bbox 771 3048 902 3117; x_wconf 90' lang='lat' dir='ltr'><strong>XXX⁰</strong></span> <span class='ocrx_word' id='word_1_157' title='bbox 919 3051 1067 3120; x_wconf 88' lang='lat' dir='ltr'><strong>secundo.</strong></span> 
     </span>
    </p>
   </div>
   <div class='ocr_carea' id='block_1_10' title="bbox 104 3214 1235 3356">
    <p class='ocr_par' dir='ltr' id='par_1_10' title="bbox 104 3214 1235 3356">
     <span class='ocr_line' id='line_1_21' title="bbox 214 3214 1235 3285; baseline -0.002 -18"><span class='ocrx_word' id='word_1_158' title='bbox 214 3217 344 3269; x_wconf 68' lang='lat' dir='ltr'><strong>Zorlatan</strong></span> <span class='ocrx_word' id='word_1_159' title='bbox 357 3214 451 3282; x_wconf 78' lang='lat' dir='ltr'><strong>peostt</strong></span> <span class='ocrx_word' id='word_1_160' title='bbox 473 3216 651 3282; x_wconf 78' lang='lat' dir='ltr'><strong>nyomaiva15</strong></span> <span class='ocrx_word' id='word_1_161' title='bbox 673 3216 805 3284; x_wconf 76' lang='lat' dir='ltr'><strong>credetije</strong></span> <span class='ocrx_word' id='word_1_162' title='bbox 818 3217 881 3282; x_wconf 60' lang='lat' dir='ltr'><strong>aa.</strong></span> <span class='ocrx_word' id='word_1_163' title='bbox 894 3216 1089 3285; x_wconf 85' lang='lat' dir='ltr'><strong>aneumban,</strong></span> <span class='ocrx_word' id='word_1_164' title='bbox 1103 3231 1119 3267; x_wconf 83' lang='lat' dir='ltr'><strong>a</strong></span> <span class='ocrx_word' id='word_1_165' title='bbox 1132 3217 1235 3281; x_wconf 79' lang='lat' dir='ltr'><strong>Kallay</strong></span> 
     </span>
     <span class='ocr_line' id='line_1_22' title="bbox 104 3306 235 3356; baseline 0 0"><span class='ocrx_word' id='word_1_166' title='bbox 104 3322 142 3356; x_wconf 72' lang='lat' dir='ltr'><strong>rs.</strong></span> <span class='ocrx_word' id='word_1_167' title='bbox 155 3306 235 3356; x_wconf 90' lang='lat' dir='ltr'><strong>lban.</strong></span> 
     </span>
    </p>
   </div>
   <div class='ocr_carea' id='block_1_11' title="bbox 590 3467 751 3478">
    <p class='ocr_par' dir='ltr' id='par_1_11' title="bbox 590 3467 751 3478">
     <span class='ocr_line' id='line_1_23' title="bbox 590 3467 751 3478; baseline 0.012 -2"><span class='ocrx_word' id='word_1_168' title='bbox 590 3467 751 3478; x_wconf 66' lang='lat'><strong>—..—».—..</strong></span> 
     </span>
    </p>
   </div>
   <div class='ocr_carea' id='block_1_12' title="bbox 638 3709 711 3770">
    <p class='ocr_par' dir='ltr' id='par_1_12' title="bbox 638 3709 711 3770">
     <span class='ocr_line' id='line_1_24' title="bbox 638 3709 711 3770; baseline 0 0"><span class='ocrx_word' id='word_1_169' title='bbox 638 3709 711 3770; x_wconf 82' lang='lat'><strong>527.</strong></span> 
     </span>
    </p>
   </div>
   <div class='ocr_carea' id='block_1_13' title="bbox 102 3867 1233 3958">
    <p class='ocr_par' dir='ltr' id='par_1_13' title="bbox 102 3867 1233 3958">
     <span class='ocr_line' id='line_1_25' title="bbox 102 3867 1233 3958; baseline 0.001 -23"><span class='ocrx_word' id='word_1_170' title='bbox 102 3873 202 3937; x_wconf 86' lang='lat'><strong><em>1332.</em></strong></span> <span class='ocrx_word' id='word_1_171' title='bbox 219 3893 293 3958; x_wconf 73' lang='lat' dir='ltr'><strong>cup.</strong></span> <span class='ocrx_word' id='word_1_172' title='bbox 311 3871 339 3934; x_wconf 83' lang='lat' dir='ltr'><strong>l.</strong></span> <span class='ocrx_word' id='word_1_173' title='bbox 356 3867 404 3935; x_wconf 83' lang='lat' dir='ltr'><strong>Aa</strong></span> <span class='ocrx_word' id='word_1_174' title='bbox 420 3867 544 3957; x_wconf 73' lang='lat' dir='ltr'><strong>erdayi</strong></span> <span class='ocrx_word' id='word_1_175' title='bbox 568 3869 728 3954; x_wconf 79' lang='lat' dir='ltr'><strong>lco&#39;ptolon</strong></span> <span class='ocrx_word' id='word_1_176' title='bbox 754 3870 826 3935; x_wconf 76' lang='lat' dir='ltr'><strong>elta</strong></span> <span class='ocrx_word' id='word_1_177' title='bbox 850 3869 1010 3937; x_wconf 80' lang='lat' dir='ltr'><strong>Polatlcai</strong></span> <span class='ocrx_word' id='word_1_178' title='bbox 1034 3871 1148 3938; x_wconf 82' lang='lat' dir='ltr'><strong>Jooba</strong></span> <span class='ocrx_word' id='word_1_179' title='bbox 1173 3871 1233 3936; x_wconf 83' lang='lat' dir='ltr'><strong>clb&#39;-</strong></span> 
     </span>
    </p>
   </div>
   <div class='ocr_carea' id='block_1_14' title="bbox 101 3977 1235 4175">
    <p class='ocr_par' dir='ltr' id='par_1_14' title="bbox 101 3977 1235 4175">
     <span class='ocr_line' id='line_1_26' title="bbox 101 3977 1235 4067; baseline 0.002 -23"><span class='ocrx_word' id='word_1_180' title='bbox 101 3981 256 4067; x_wconf 76' lang='lat' dir='ltr'><strong>terjesati,</strong></span> <span class='ocrx_word' id='word_1_181' title='bbox 281 3981 364 4066; x_wconf 76' lang='lat' dir='ltr'><strong>boqy</strong></span> <span class='ocrx_word' id='word_1_182' title='bbox 389 3979 432 4044; x_wconf 82' lang='lat' dir='ltr'><strong>bu</strong></span> <span class='ocrx_word' id='word_1_183' title='bbox 462 3977 596 4067; x_wconf 74' lang='lat' dir='ltr'><strong>Lepyao</strong></span> <span class='ocrx_word' id='word_1_184' title='bbox 612 3988 692 4044; x_wconf 78' lang='lat' dir='ltr'><strong>acolt</strong></span> <span class='ocrx_word' id='word_1_185' title='bbox 708 3979 834 4044; x_wconf 76' lang='lat' dir='ltr'><strong>birtoko</strong></span> <span class='ocrx_word' id='word_1_186' title='bbox 850 3979 942 4044; x_wconf 78' lang='lat' dir='ltr'><strong>irctot</strong></span> <span class='ocrx_word' id='word_1_187' title='bbox 957 3980 1117 4067; x_wconf 68' lang='lat' dir='ltr'><strong>calametis</strong></span> <span class='ocrx_word' id='word_1_188' title='bbox 1134 3981 1235 4046; x_wconf 81' lang='lat' dir='ltr'><strong>bavol-</strong></span> 
     </span>
     <span class='ocr_line' id='line_1_27' title="bbox 307 4087 1031 4175; baseline 0 -25"><span class='ocrx_word' id='word_1_189' title='bbox 307 4087 373 4151; x_wconf 80' lang='lat' dir='ltr'><strong>lotot</strong></span> <span class='ocrx_word' id='word_1_190' title='bbox 388 4097 491 4169; x_wconf 80' lang='lat' dir='ltr'><strong>teano,</strong></span> <span class='ocrx_word' id='word_1_191' title='bbox 506 4112 545 4153; x_wconf 80' lang='lat' dir='ltr'><strong>aa</strong></span> <span class='ocrx_word' id='word_1_192' title='bbox 561 4089 820 4175; x_wconf 67' lang='lat' dir='ltr'><strong>trotoyteleaoek</strong></span> <span class='ocrx_word' id='word_1_193' title='bbox 835 4089 1031 4154; x_wconf 72' lang='lat' dir='ltr'><strong>tekiatesstk.</strong></span> 
     </span>
    </p>
   </div>
   <div class='ocr_carea' id='block_1_15' title="bbox 97 4243 1233 4767">
    <p class='ocr_par' dir='ltr' id='par_1_15' title="bbox 97 4243 1233 4767">
     <span class='ocr_line' id='line_1_28' title="bbox 211 4243 1233 4336; baseline 0.004 -24"><span class='ocrx_word' id='word_1_194' title='bbox 211 4243 283 4313; x_wconf 87' lang='lat' dir='ltr'><strong>Nos</strong></span> <span class='ocrx_word' id='word_1_195' title='bbox 299 4247 479 4332; x_wconf 84' lang='lat' dir='ltr'><strong>capitulum</strong></span> <span class='ocrx_word' id='word_1_196' title='bbox 498 4245 889 4336; x_wconf 60' lang='lat' dir='ltr'><strong>ecclesie&#39;fflranssilvanie</strong></span> <span class='ocrx_word' id='word_1_197' title='bbox 905 4248 1019 4315; x_wconf 86' lang='lat' dir='ltr'><strong>damus</strong></span> <span class='ocrx_word' id='word_1_198' title='bbox 1037 4271 1097 4333; x_wconf 90' lang='lat' dir='ltr'><strong>pro</strong></span> <span class='ocrx_word' id='word_1_199' title='bbox 1116 4271 1233 4316; x_wconf 86' lang='lat' dir='ltr'><strong>memo-</strong></span> 
     </span>
     <span class='ocr_line' id='line_1_29' title="bbox 98 4353 1233 4442; baseline 0 -20"><span class='ocrx_word' id='word_1_200' title='bbox 98 4358 159 4439; x_wconf 88' lang='lat' dir='ltr'><strong>ria,</strong></span> <span class='ocrx_word' id='word_1_201' title='bbox 177 4355 266 4440; x_wconf 90' lang='lat' dir='ltr'><strong>quod</strong></span> <span class='ocrx_word' id='word_1_202' title='bbox 281 4353 438 4422; x_wconf 84' lang='lat' dir='ltr'><strong>accedens</strong></span> <span class='ocrx_word' id='word_1_203' title='bbox 454 4356 497 4422; x_wconf 88' lang='lat' dir='ltr'><strong>ad</strong></span> <span class='ocrx_word' id='word_1_204' title='bbox 511 4361 657 4423; x_wconf 90' lang='lat' dir='ltr'><strong>nostram</strong></span> <span class='ocrx_word' id='word_1_205' title='bbox 672 4357 871 4442; x_wconf 87' lang='lat' dir='ltr'><strong>presenciam</strong></span> <span class='ocrx_word' id='word_1_206' title='bbox 897 4356 923 4422; x_wconf 87' lang='lat' dir='ltr'><strong>J</strong></span> <span class='ocrx_word' id='word_1_207' title='bbox 924 4357 1009 4422; x_wconf 87' lang='lat' dir='ltr'><strong>anka</strong></span> <span class='ocrx_word' id='word_1_208' title='bbox 1031 4357 1119 4423; x_wconf 85' lang='lat' dir='ltr'><strong>filius</strong></span> <span class='ocrx_word' id='word_1_209' title='bbox 1151 4355 1233 4424; x_wconf 83' lang='lat' dir='ltr'><strong>Gre-</strong></span> 
     </span>
     <span class='ocr_line' id='line_1_30' title="bbox 98 4462 1232 4549; baseline -0.001 -18"><span class='ocrx_word' id='word_1_210' title='bbox 98 4465 173 4548; x_wconf 84' lang='lat' dir='ltr'><strong>gori</strong></span> <span class='ocrx_word' id='word_1_211' title='bbox 190 4462 308 4529; x_wconf 90' lang='lat' dir='ltr'><strong>nobilis</strong></span> <span class='ocrx_word' id='word_1_212' title='bbox 325 4463 364 4530; x_wconf 88' lang='lat' dir='ltr'><strong>de</strong></span> <span class='ocrx_word' id='word_1_213' title='bbox 380 4463 522 4531; x_wconf 78' lang='lat' dir='ltr'><strong>Palatlra</strong></span> <span class='ocrx_word' id='word_1_214' title='bbox 537 4512 568 4530; x_wconf 91' lang='lat'><strong>..</strong></span> <span class='ocrx_word' id='word_1_215' title='bbox 593 4467 793 4548; x_wconf 86' lang='lat' dir='ltr'><strong>protestatus</strong></span> <span class='ocrx_word' id='word_1_216' title='bbox 809 4467 866 4549; x_wconf 85' lang='lat' dir='ltr'><strong>ast,</strong></span> <span class='ocrx_word' id='word_1_217' title='bbox 892 4465 980 4549; x_wconf 82' lang='lat' dir='ltr'><strong>qnod</strong></span> <span class='ocrx_word' id='word_1_218' title='bbox 994 4465 1072 4549; x_wconf 87' lang='lat' dir='ltr'><strong>quia</strong></span> <span class='ocrx_word' id='word_1_219' title='bbox 1091 4467 1160 4549; x_wconf 91' lang='lat' dir='ltr'><strong>ipse</strong></span> <span class='ocrx_word' id='word_1_220' title='bbox 1184 4465 1232 4530; x_wconf 91' lang='lat' dir='ltr'><strong>iu-</strong></span> 
     </span>
     <span class='ocr_line' id='line_1_31' title="bbox 97 4571 1232 4657; baseline -0.001 -19"><span class='ocrx_word' id='word_1_221' title='bbox 97 4573 230 4638; x_wconf 87' lang='lat' dir='ltr'><strong>sticiam</strong></span> <span class='ocrx_word' id='word_1_222' title='bbox 260 4571 468 4656; x_wconf 83' lang='lat' dir='ltr'><strong>superfacto</strong></span> <span class='ocrx_word' id='word_1_223' title='bbox 502 4571 711 4656; x_wconf 86' lang='lat' dir='ltr'><strong>possessionis</strong></span> <span class='ocrx_word' id='word_1_224' title='bbox 736 4593 792 4638; x_wconf 91' lang='lat' dir='ltr'><strong>sne</strong></span> <span class='ocrx_word' id='word_1_225' title='bbox 808 4571 944 4657; x_wconf 79' lang='lat' dir='ltr'><strong>Legyun</strong></span> <span class='ocrx_word' id='word_1_226' title='bbox 974 4578 1086 4640; x_wconf 86' lang='lat' dir='ltr'><strong>vocate</strong></span> <span class='ocrx_word' id='word_1_227' title='bbox 1118 4576 1232 4639; x_wconf 85' lang='lat' dir='ltr'><strong>contra</strong></span> 
     </span>
     <span class='ocr_line' id='line_1_32' title="bbox 97 4678 1232 4767; baseline 0.004 -21"><span class='ocrx_word' id='word_1_228' title='bbox 97 4678 123 4746; x_wconf 84' lang='lat' dir='ltr'><strong>J</strong></span> <span class='ocrx_word' id='word_1_229' title='bbox 125 4680 290 4748; x_wconf 88' lang='lat' dir='ltr'><strong>ohannem</strong></span> <span class='ocrx_word' id='word_1_230' title='bbox 306 4678 408 4746; x_wconf 90' lang='lat' dir='ltr'><strong>filium</strong></span> <span class='ocrx_word' id='word_1_231' title='bbox 422 4679 515 4746; x_wconf 88' lang='lat' dir='ltr'><strong>Petri</strong></span> <span class='ocrx_word' id='word_1_232' title='bbox 532 4685 565 4747; x_wconf 87' lang='lat' dir='ltr'><strong>et</strong></span> <span class='ocrx_word' id='word_1_233' title='bbox 583 4679 757 4748; x_wconf 88' lang='lat' dir='ltr'><strong>Nicolaum</strong></span> <span class='ocrx_word' id='word_1_234' title='bbox 782 4681 903 4747; x_wconf 88' lang='lat' dir='ltr'><strong>dictum</strong></span> <span class='ocrx_word' id='word_1_235' title='bbox 929 4680 1059 4767; x_wconf 82' lang='lat' dir='ltr'><strong>Zabary</strong></span> <span class='ocrx_word' id='word_1_236' title='bbox 1085 4681 1232 4750; x_wconf 84' lang='lat' dir='ltr'><strong>castolla·</strong></span> 
     </span>
    </p>
   </div>
   <div class='ocr_carea' id='block_1_16' title="bbox 0 0 1580 5472">
    <p class='ocr_par' dir='ltr' id='par_1_16' title="bbox 0 0 1580 5472">
     <span class='ocr_line' id='line_1_33' title="bbox 0 0 1580 5472; baseline 0 2"><span class='ocrx_word' id='word_1_237' title='bbox 0 0 1580 5472; x_wconf 95' lang='lat' dir='ltr'><strong> </strong></span> 
     </span>
    </p>
   </div>
  </div>
 </body>
</html>
