<?xml version="1.0" encoding="UTF-8"?>
<!DOCTYPE html PUBLIC "-//W3C//DTD XHTML 1.0 Transitional//EN"
    "http://www.w3.org/TR/xhtml1/DTD/xhtml1-transitional.dtd">
<html xmlns="http://www.w3.org/1999/xhtml" xml:lang="en" lang="en">
 <head>
  <title>
</title>
<meta http-equiv="Content-Type" content="text/html;charset=utf-8" />
  <meta name='ocr-system' content='tesseract 3.04.00' />
  <meta name='ocr-capabilities' content='ocr_page ocr_carea ocr_par ocr_line ocrx_word'/>
</head>
<body>
  <div class='ocr_page' id='page_1' title='image "./codexdiplomatic01nagygoog_0280.png"; bbox 0 0 3112 5466; ppageno 0'>
   <div class='ocr_carea' id='block_1_1' title="bbox 574 438 1278 538">
    <p class='ocr_par' dir='ltr' id='par_1_1' title="bbox 574 438 1278 538">
     <span class='ocr_line' id='line_1_1' title="bbox 574 438 1278 538; baseline 0.004 -39"><span class='ocrx_word' id='word_1_1' title='bbox 574 438 667 499; x_wconf 79' lang='lat'>1326.</span> <span class='ocrx_word' id='word_1_2' title='bbox 694 455 769 500; x_wconf 84' lang='lat' dir='ltr'>uov.</span> <span class='ocrx_word' id='word_1_3' title='bbox 787 439 839 500; x_wconf 80' lang='lat'>23.</span> <span class='ocrx_word' id='word_1_4' title='bbox 1214 442 1278 538; x_wconf 67' lang='lat'>263</span> 
     </span>
    </p>
   </div>
   <div class='ocr_carea' id='block_1_2' title="bbox 137 615 1276 2439">
    <p class='ocr_par' dir='ltr' id='par_1_2' title="bbox 137 615 1276 2439">
     <span class='ocr_line' id='line_1_2' title="bbox 146 615 1275 699; baseline 0.002 -17"><span class='ocrx_word' id='word_1_5' title='bbox 146 619 292 683; x_wconf 86' lang='lat' dir='ltr'>universe</span> <span class='ocrx_word' id='word_1_6' title='bbox 317 637 412 682; x_wconf 88' lang='lat' dir='ltr'>cause</span> <span class='ocrx_word' id='word_1_7' title='bbox 438 615 623 682; x_wconf 88' lang='lat' dir='ltr'>testimonio</span> <span class='ocrx_word' id='word_1_8' title='bbox 650 615 859 699; x_wconf 88' lang='lat' dir='ltr'>comprobate</span> <span class='ocrx_word' id='word_1_9' title='bbox 885 639 949 681; x_wconf 89' lang='lat' dir='ltr'>uno</span> <span class='ocrx_word' id='word_1_10' title='bbox 974 617 1111 683; x_wconf 90' lang='lat' dir='ltr'>istorum</span> <span class='ocrx_word' id='word_1_11' title='bbox 1136 616 1275 684; x_wconf 90' lang='lat' dir='ltr'>duorum</span> 
     </span>
     <span class='ocr_line' id='line_1_3' title="bbox 146 724 1276 808; baseline 0 -15"><span class='ocrx_word' id='word_1_12' title='bbox 146 727 357 793; x_wconf 84' lang='lat' dir='ltr'>articulorum</span> <span class='ocrx_word' id='word_1_13' title='bbox 372 725 469 790; x_wconf 91' lang='lat' dir='ltr'>finem</span> <span class='ocrx_word' id='word_1_14' title='bbox 485 725 593 792; x_wconf 85' lang='lat' dir='ltr'>sortiri</span> <span class='ocrx_word' id='word_1_15' title='bbox 618 725 758 790; x_wconf 88' lang='lat' dir='ltr'>debeant</span> <span class='ocrx_word' id='word_1_16' title='bbox 783 724 936 808; x_wconf 87' lang='lat' dir='ltr'>debitum,</span> <span class='ocrx_word' id='word_1_17' title='bbox 953 727 1051 792; x_wconf 88' lang='lat' dir='ltr'>semel</span> <span class='ocrx_word' id='word_1_18' title='bbox 1076 729 1216 793; x_wconf 88' lang='lat' dir='ltr'>secundo</span> <span class='ocrx_word' id='word_1_19' title='bbox 1242 735 1276 794; x_wconf 91' lang='lat' dir='ltr'>et</span> 
     </span>
     <span class='ocr_line' id='line_1_4' title="bbox 147 831 1276 919; baseline 0.003 -19"><span class='ocrx_word' id='word_1_20' title='bbox 147 837 246 901; x_wconf 90' lang='lat' dir='ltr'>tercio</span> <span class='ocrx_word' id='word_1_21' title='bbox 263 836 518 919; x_wconf 80' lang='lat' dir='ltr'>quesivissemus,</span> <span class='ocrx_word' id='word_1_22' title='bbox 546 834 631 899; x_wconf 91' lang='lat' dir='ltr'>idem</span> <span class='ocrx_word' id='word_1_23' title='bbox 655 831 808 898; x_wconf 82' lang='lat' dir='ltr'><strong>Andreas</strong></span> <span class='ocrx_word' id='word_1_24' title='bbox 832 835 867 898; x_wconf 92' lang='lat' dir='ltr'>in</span> <span class='ocrx_word' id='word_1_25' title='bbox 892 835 1038 918; x_wconf 85' lang='lat' dir='ltr'>pugilum</span> <span class='ocrx_word' id='word_1_26' title='bbox 1064 835 1276 903; x_wconf 89' lang='lat' dir='ltr'>dimicacione</span> 
     </span>
     <span class='ocr_line' id='line_1_5' title="bbox 146 942 1276 1030; baseline 0.002 -21"><span class='ocrx_word' id='word_1_27' title='bbox 146 945 248 1009; x_wconf 79' lang='lat' dir='ltr'>voluit</span> <span class='ocrx_word' id='word_1_28' title='bbox 264 943 399 1010; x_wconf 87' lang='lat' dir='ltr'>diffiniri</span> <span class='ocrx_word' id='word_1_29' title='bbox 416 965 546 1009; x_wconf 89' lang='lat' dir='ltr'>causam</span> <span class='ocrx_word' id='word_1_30' title='bbox 569 942 807 1026; x_wconf 82' lang='lat' dir='ltr'>supradictam3</span> <span class='ocrx_word' id='word_1_31' title='bbox 831 943 991 1008; x_wconf 89' lang='lat' dir='ltr'>undenos</span> <span class='ocrx_word' id='word_1_32' title='bbox 1014 943 1135 1010; x_wconf 89' lang='lat' dir='ltr'>auditis</span> <span class='ocrx_word' id='word_1_33' title='bbox 1160 967 1276 1030; x_wconf 93' lang='lat' dir='ltr'>propo-</span> 
     </span>
     <span class='ocr_line' id='line_1_6' title="bbox 145 1049 1275 1138; baseline 0.002 -21"><span class='ocrx_word' id='word_1_34' title='bbox 145 1054 318 1119; x_wconf 91' lang='lat' dir='ltr'>siciouibus</span> <span class='ocrx_word' id='word_1_35' title='bbox 343 1053 563 1138; x_wconf 77' lang='lat' dir='ltr'>procuratoris</span> <span class='ocrx_word' id='word_1_36' title='bbox 588 1053 688 1136; x_wconf 90' lang='lat' dir='ltr'>ipsius</span> <span class='ocrx_word' id='word_1_37' title='bbox 714 1049 874 1136; x_wconf 80' lang='lat' dir='ltr'>Stephani</span> <span class='ocrx_word' id='word_1_38' title='bbox 909 1057 941 1117; x_wconf 91' lang='lat' dir='ltr'>et</span> <span class='ocrx_word' id='word_1_39' title='bbox 965 1053 1041 1117; x_wconf 82' lang='lat' dir='ltr'>risis</span> <span class='ocrx_word' id='word_1_40' title='bbox 1067 1053 1275 1119; x_wconf 88' lang='lat' dir='ltr'>continenciis</span> 
     </span>
     <span class='ocr_line' id='line_1_7' title="bbox 144 1159 1275 1245; baseline 0.001 -20"><span class='ocrx_word' id='word_1_41' title='bbox 144 1163 286 1244; x_wconf 90' lang='lat' dir='ltr'>ipsarum</span> <span class='ocrx_word' id='word_1_42' title='bbox 302 1161 486 1226; x_wconf 88' lang='lat' dir='ltr'>litterarum</span> <span class='ocrx_word' id='word_1_43' title='bbox 503 1181 600 1245; x_wconf 89' lang='lat' dir='ltr'>super</span> <span class='ocrx_word' id='word_1_44' title='bbox 616 1160 694 1225; x_wconf 92' lang='lat' dir='ltr'>dicti</span> <span class='ocrx_word' id='word_1_45' title='bbox 721 1160 898 1224; x_wconf 87' lang='lat' dir='ltr'>testimonii</span> <span class='ocrx_word' id='word_1_46' title='bbox 923 1159 1140 1244; x_wconf 90' lang='lat' dir='ltr'>producoione</span> <span class='ocrx_word' id='word_1_47' title='bbox 1169 1160 1275 1226; x_wconf 85' lang='lat' dir='ltr'>conle-</span> 
     </span>
     <span class='ocr_line' id='line_1_8' title="bbox 145 1267 1273 1351; baseline -0.001 -17"><span class='ocrx_word' id='word_1_48' title='bbox 145 1277 270 1334; x_wconf 86' lang='lat' dir='ltr'>ctarum</span> <span class='ocrx_word' id='word_1_49' title='bbox 302 1291 441 1334; x_wconf 86' lang='lat' dir='ltr'>unacum</span> <span class='ocrx_word' id='word_1_50' title='bbox 471 1268 647 1335; x_wconf 81' lang='lat' dir='ltr'>baronibus</span> <span class='ocrx_word' id='word_1_51' title='bbox 673 1274 706 1332; x_wconf 92' lang='lat' dir='ltr'>et</span> <span class='ocrx_word' id='word_1_52' title='bbox 730 1267 891 1334; x_wconf 87' lang='lat' dir='ltr'>nobilibus</span> <span class='ocrx_word' id='word_1_53' title='bbox 923 1269 1013 1351; x_wconf 87' lang='lat' dir='ltr'>regni</span> <span class='ocrx_word' id='word_1_54' title='bbox 1045 1267 1213 1334; x_wconf 89' lang='lat' dir='ltr'>nobiscum</span> <span class='ocrx_word' id='word_1_55' title='bbox 1238 1270 1273 1333; x_wconf 87' lang='lat' dir='ltr'>in</span> 
     </span>
     <span class='ocr_line' id='line_1_9' title="bbox 144 1376 1273 1462; baseline 0 -20"><span class='ocrx_word' id='word_1_56' title='bbox 144 1377 264 1443; x_wconf 90' lang='lat' dir='ltr'>iudicio</span> <span class='ocrx_word' id='word_1_57' title='bbox 296 1377 480 1443; x_wconf 81' lang='lat' dir='ltr'>sedentibus</span> <span class='ocrx_word' id='word_1_58' title='bbox 512 1377 710 1442; x_wconf 81' lang='lat' dir='ltr'>decrevimus</span> <span class='ocrx_word' id='word_1_59' title='bbox 740 1377 922 1460; x_wconf 82' lang='lat' dir='ltr'>iudicando,</span> <span class='ocrx_word' id='word_1_60' title='bbox 957 1376 1044 1462; x_wconf 91' lang='lat' dir='ltr'>quod</span> <span class='ocrx_word' id='word_1_61' title='bbox 1073 1377 1273 1461; x_wconf 83' lang='lat' dir='ltr'>proscriptus</span> 
     </span>
     <span class='ocr_line' id='line_1_10' title="bbox 145 1483 1273 1570; baseline -0.001 -19"><span class='ocrx_word' id='word_1_62' title='bbox 145 1487 299 1570; x_wconf 87' lang='lat' dir='ltr'>magister</span> <span class='ocrx_word' id='word_1_63' title='bbox 315 1485 434 1550; x_wconf 90' lang='lat' dir='ltr'>Petrus</span> <span class='ocrx_word' id='word_1_64' title='bbox 451 1507 547 1570; x_wconf 85' lang='lat' dir='ltr'>super</span> <span class='ocrx_word' id='word_1_65' title='bbox 564 1508 600 1550; x_wconf 89' lang='lat' dir='ltr'>eo</span> <span class='ocrx_word' id='word_1_66' title='bbox 621 1491 657 1550; x_wconf 88' lang='lat' dir='ltr'>ut</span> <span class='ocrx_word' id='word_1_67' title='bbox 673 1485 706 1549; x_wconf 92' lang='lat' dir='ltr'>in</span> <span class='ocrx_word' id='word_1_68' title='bbox 724 1485 887 1568; x_wconf 90' lang='lat' dir='ltr'>premissis</span> <span class='ocrx_word' id='word_1_69' title='bbox 903 1485 969 1550; x_wconf 91' lang='lat' dir='ltr'>suis</span> <span class='ocrx_word' id='word_1_70' title='bbox 985 1483 1170 1550; x_wconf 77' lang='lat' dir='ltr'>accionibus</span> <span class='ocrx_word' id='word_1_71' title='bbox 1186 1485 1273 1550; x_wconf 88' lang='lat' dir='ltr'>testi-</span> 
     </span>
     <span class='ocr_line' id='line_1_11' title="bbox 145 1591 1272 1679; baseline -0.001 -19"><span class='ocrx_word' id='word_1_72' title='bbox 145 1597 252 1662; x_wconf 91' lang='lat' dir='ltr'>monio</span> <span class='ocrx_word' id='word_1_73' title='bbox 270 1595 487 1679; x_wconf 87' lang='lat' dir='ltr'>comprobatis</span> <span class='ocrx_word' id='word_1_74' title='bbox 504 1595 589 1660; x_wconf 91' lang='lat' dir='ltr'>idem</span> <span class='ocrx_word' id='word_1_75' title='bbox 606 1593 791 1679; x_wconf 81' lang='lat' dir='ltr'>Stephanus</span> <span class='ocrx_word' id='word_1_76' title='bbox 817 1592 902 1659; x_wconf 91' lang='lat' dir='ltr'>filius</span> <span class='ocrx_word' id='word_1_77' title='bbox 927 1591 1057 1659; x_wconf 90' lang='lat' dir='ltr'>Nicolai</span> <span class='ocrx_word' id='word_1_78' title='bbox 1082 1595 1214 1659; x_wconf 88' lang='lat' dir='ltr'>nocivus</span> <span class='ocrx_word' id='word_1_79' title='bbox 1240 1601 1272 1659; x_wconf 90' lang='lat' dir='ltr'>et</span> 
     </span>
     <span class='ocr_line' id='line_1_12' title="bbox 145 1699 1271 1792; baseline -0.001 -24"><span class='ocrx_word' id='word_1_80' title='bbox 145 1704 315 1788; x_wconf 88' lang='lat' dir='ltr'>culpabilis</span> <span class='ocrx_word' id='word_1_81' title='bbox 349 1704 469 1768; x_wconf 86' lang='lat' dir='ltr'>existat</span> <span class='ocrx_word' id='word_1_82' title='bbox 490 1707 635 1791; x_wconf 62' lang='lat' dir='ltr'>papium</span> <span class='ocrx_word' id='word_1_83' title='bbox 661 1727 871 1792; x_wconf 67' lang='lat' dir='ltr'>script-eseam,</span> <span class='ocrx_word' id='word_1_84' title='bbox 896 1703 1042 1787; x_wconf 88' lang='lat' dir='ltr'>prefatus</span> <span class='ocrx_word' id='word_1_85' title='bbox 1067 1707 1176 1766; x_wconf 90' lang='lat' dir='ltr'>autem</span> <span class='ocrx_word' id='word_1_86' title='bbox 1199 1699 1271 1768; x_wconf 88' lang='lat' dir='ltr'>Ste-</span> 
     </span>
     <span class='ocr_line' id='line_1_13' title="bbox 147 1811 1272 1896; baseline -0.001 -21"><span class='ocrx_word' id='word_1_87' title='bbox 147 1811 274 1896; x_wconf 90' lang='lat' dir='ltr'>phanus</span> <span class='ocrx_word' id='word_1_88' title='bbox 290 1833 386 1896; x_wconf 91' lang='lat' dir='ltr'>super</span> <span class='ocrx_word' id='word_1_89' title='bbox 412 1833 449 1877; x_wconf 90' lang='lat' dir='ltr'>eo</span> <span class='ocrx_word' id='word_1_90' title='bbox 475 1815 511 1875; x_wconf 87' lang='lat' dir='ltr'>ut</span> <span class='ocrx_word' id='word_1_91' title='bbox 536 1812 568 1876; x_wconf 90' lang='lat' dir='ltr'>in</span> <span class='ocrx_word' id='word_1_92' title='bbox 585 1811 720 1895; x_wconf 85' lang='lat' dir='ltr'>singulis</span> <span class='ocrx_word' id='word_1_93' title='bbox 744 1813 971 1896; x_wconf 88' lang='lat' dir='ltr'>premissorum</span> <span class='ocrx_word' id='word_1_94' title='bbox 995 1812 1148 1875; x_wconf 86' lang='lat' dir='ltr'>innocens</span> <span class='ocrx_word' id='word_1_95' title='bbox 1173 1811 1215 1875; x_wconf 90' lang='lat' dir='ltr'>sit</span> <span class='ocrx_word' id='word_1_96' title='bbox 1239 1816 1272 1874; x_wconf 91' lang='lat' dir='ltr'>et</span> 
     </span>
     <span class='ocr_line' id='line_1_14' title="bbox 145 1919 1272 2008; baseline -0.002 -24"><span class='ocrx_word' id='word_1_97' title='bbox 145 1921 295 1985; x_wconf 90' lang='lat' dir='ltr'>immunis</span> <span class='ocrx_word' id='word_1_98' title='bbox 316 1923 461 2008; x_wconf 76' lang='lat' dir='ltr'>pupilem</span> <span class='ocrx_word' id='word_1_99' title='bbox 487 1919 727 2005; x_wconf 75' lang='lat' dir='ltr'>iacoupressam</span> <span class='ocrx_word' id='word_1_100' title='bbox 753 1940 834 2002; x_wconf 90' lang='lat' dir='ltr'>quos</span> <span class='ocrx_word' id='word_1_101' title='bbox 859 1919 1005 1983; x_wconf 87' lang='lat' dir='ltr'>meliores</span> <span class='ocrx_word' id='word_1_102' title='bbox 1025 1919 1167 1983; x_wconf 89' lang='lat' dir='ltr'>invenire</span> <span class='ocrx_word' id='word_1_103' title='bbox 1183 1924 1272 2001; x_wconf 90' lang='lat' dir='ltr'>pote-</span> 
     </span>
     <span class='ocr_line' id='line_1_15' title="bbox 141 2024 1269 2112; baseline -0.001 -21"><span class='ocrx_word' id='word_1_104' title='bbox 141 2034 217 2092; x_wconf 92' lang='lat' dir='ltr'>runt</span> <span class='ocrx_word' id='word_1_105' title='bbox 243 2049 338 2112; x_wconf 90' lang='lat' dir='ltr'>super</span> <span class='ocrx_word' id='word_1_106' title='bbox 354 2029 444 2112; x_wconf 89' lang='lat' dir='ltr'>equis</span> <span class='ocrx_word' id='word_1_107' title='bbox 460 2035 492 2093; x_wconf 91' lang='lat' dir='ltr'>et</span> <span class='ocrx_word' id='word_1_108' title='bbox 508 2028 542 2092; x_wconf 88' lang='lat' dir='ltr'>in</span> <span class='ocrx_word' id='word_1_109' title='bbox 558 2027 656 2092; x_wconf 87' lang='lat' dir='ltr'>armis</span> <span class='ocrx_word' id='word_1_110' title='bbox 666 2025 861 2090; x_wconf 86' lang='lat' dir='ltr'>militaribus</span> <span class='ocrx_word' id='word_1_111' title='bbox 871 2024 1011 2091; x_wconf 85' lang='lat' dir='ltr'>secundo</span> <span class='ocrx_word' id='word_1_112' title='bbox 1022 2025 1074 2090; x_wconf 92' lang='lat' dir='ltr'>die</span> <span class='ocrx_word' id='word_1_113' title='bbox 1083 2025 1269 2090; x_wconf 77' lang='lat' dir='ltr'>festivitatis</span> 
     </span>
     <span class='ocr_line' id='line_1_16' title="bbox 138 2133 1267 2219; baseline 0.001 -20"><span class='ocrx_word' id='word_1_114' title='bbox 138 2135 308 2200; x_wconf 85' lang='lat' dir='ltr'>beatorum</span> <span class='ocrx_word' id='word_1_115' title='bbox 324 2134 464 2200; x_wconf 83' lang='lat' dir='ltr'>Fabiani</span> <span class='ocrx_word' id='word_1_116' title='bbox 481 2140 513 2199; x_wconf 92' lang='lat' dir='ltr'>et</span> <span class='ocrx_word' id='word_1_117' title='bbox 529 2133 713 2201; x_wconf 81' lang='lat' dir='ltr'>Sebastiam</span> <span class='ocrx_word' id='word_1_118' title='bbox 739 2134 909 2199; x_wconf 89' lang='lat' dir='ltr'>martirum</span> <span class='ocrx_word' id='word_1_119' title='bbox 930 2139 1043 2199; x_wconf 85' lang='lat' dir='ltr'>contra</span> <span class='ocrx_word' id='word_1_120' title='bbox 1060 2157 1128 2200; x_wconf 89' lang='lat' dir='ltr'>sese</span> <span class='ocrx_word' id='word_1_121' title='bbox 1145 2157 1267 2219; x_wconf 85' lang='lat' dir='ltr'>pugua-</span> 
     </span>
     <span class='ocr_line' id='line_1_17' title="bbox 138 2244 1268 2328; baseline 0.004 -22"><span class='ocrx_word' id='word_1_122' title='bbox 138 2247 230 2309; x_wconf 90' lang='lat' dir='ltr'>turos</span> <span class='ocrx_word' id='word_1_123' title='bbox 247 2247 390 2308; x_wconf 87' lang='lat' dir='ltr'>statuere</span> <span class='ocrx_word' id='word_1_124' title='bbox 407 2249 578 2308; x_wconf 85' lang='lat' dir='ltr'>teneantur</span> <span class='ocrx_word' id='word_1_125' title='bbox 594 2244 627 2308; x_wconf 88' lang='lat' dir='ltr'>in</span> <span class='ocrx_word' id='word_1_126' title='bbox 643 2245 812 2328; x_wconf 84' lang='lat' dir='ltr'>presencia</span> <span class='ocrx_word' id='word_1_127' title='bbox 827 2245 913 2328; x_wconf 81' lang='lat' dir='ltr'>regie</span> <span class='ocrx_word' id='word_1_128' title='bbox 930 2245 1118 2309; x_wconf 88' lang='lat' dir='ltr'>maiestatis.</span> <span class='ocrx_word' id='word_1_129' title='bbox 1142 2244 1268 2310; x_wconf 88' lang='lat' dir='ltr'>Datum</span> 
     </span>
     <span class='ocr_line' id='line_1_18' title="bbox 137 2347 1266 2439; baseline 0.004 -25"><span class='ocrx_word' id='word_1_130' title='bbox 137 2351 170 2414; x_wconf 91' lang='lat' dir='ltr'>in</span> <span class='ocrx_word' id='word_1_131' title='bbox 185 2347 270 2415; x_wconf 83' lang='lat' dir='ltr'>Alto</span> <span class='ocrx_word' id='word_1_132' title='bbox 288 2349 414 2434; x_wconf 76' lang='lat' dir='ltr'>Castro,</span> <span class='ocrx_word' id='word_1_133' title='bbox 431 2351 599 2418; x_wconf 89' lang='lat' dir='ltr'>undecimo</span> <span class='ocrx_word' id='word_1_134' title='bbox 616 2349 813 2439; x_wconf 54' lang='lat' dir='ltr'>diejtermini</span> <span class='ocrx_word' id='word_1_135' title='bbox 837 2352 1009 2436; x_wconf 86' lang='lat' dir='ltr'>prenotati,</span> <span class='ocrx_word' id='word_1_136' title='bbox 1034 2374 1119 2418; x_wconf 88' lang='lat' dir='ltr'>anuo</span> <span class='ocrx_word' id='word_1_137' title='bbox 1146 2352 1266 2419; x_wconf 89' lang='lat' dir='ltr'>domiui</span> 
     </span>
    </p>
   </div>
   <div class='ocr_carea' id='block_1_3' title="bbox 136 2457 529 2528">
    <p class='ocr_par' dir='ltr' id='par_1_3' title="bbox 136 2457 529 2528">
     <span class='ocr_line' id='line_1_19' title="bbox 136 2457 529 2528; baseline 0.005 -4"><span class='ocrx_word' id='word_1_138' title='bbox 136 2459 189 2524; x_wconf 77' lang='grc' dir='ltr'>Μ0</span> <span class='ocrx_word' id='word_1_139' title='bbox 205 2457 308 2528; x_wconf 85' lang='grc'>0000</span> <span class='ocrx_word' id='word_1_140' title='bbox 322 2459 415 2524; x_wconf 86' lang='lat' dir='ltr'>XX⁰</span> <span class='ocrx_word' id='word_1_141' title='bbox 431 2465 529 2527; x_wconf 85' lang='lat' dir='ltr'>sexte.</span> 
     </span>
    </p>
   </div>
   <div class='ocr_carea' id='block_1_4' title="bbox 133 2623 1263 2788">
    <p class='ocr_par' dir='ltr' id='par_1_4' title="bbox 133 2623 1263 2788">
     <span class='ocr_line' id='line_1_20' title="bbox 243 2623 1263 2690; baseline 0.002 -19"><span class='ocrx_word' id='word_1_142' title='bbox 243 2623 376 2673; x_wconf 73' lang='lat' dir='ltr'>Zairlattn</span> <span class='ocrx_word' id='word_1_143' title='bbox 389 2624 481 2686; x_wconf 80' lang='lat' dir='ltr'>pecstt</span> <span class='ocrx_word' id='word_1_144' title='bbox 493 2625 668 2690; x_wconf 73' lang='lat' dir='ltr'>nyomrtiva15</span> <span class='ocrx_word' id='word_1_145' title='bbox 688 2625 818 2690; x_wconf 84' lang='lat' dir='ltr'>credetije</span> <span class='ocrx_word' id='word_1_146' title='bbox 830 2641 862 2674; x_wconf 85' lang='lat' dir='ltr'>az</span> <span class='ocrx_word' id='word_1_147' title='bbox 875 2639 944 2675; x_wconf 76' lang='lat' dir='ltr'>orsa</span> <span class='ocrx_word' id='word_1_148' title='bbox 958 2624 1013 2674; x_wconf 76' lang='lat' dir='ltr'>rur</span> <span class='ocrx_word' id='word_1_149' title='bbox 1025 2623 1124 2675; x_wconf 84' lang='lat' dir='ltr'>hincst.</span> <span class='ocrx_word' id='word_1_150' title='bbox 1139 2629 1206 2674; x_wconf 90' lang='lat' dir='ltr'>oszt.</span> <span class='ocrx_word' id='word_1_151' title='bbox 1230 2623 1263 2673; x_wconf 90' lang='lat' dir='ltr'>N.</span> 
     </span>
     <span class='ocr_line' id='line_1_21' title="bbox 133 2713 1010 2788; baseline 0.003 -26"><span class='ocrx_word' id='word_1_152' title='bbox 133 2713 165 2762; x_wconf 86' lang='lat' dir='ltr'>R.</span> <span class='ocrx_word' id='word_1_153' title='bbox 179 2713 210 2762; x_wconf 79' lang='lat' dir='ltr'>A.</span> <span class='ocrx_word' id='word_1_154' title='bbox 228 2715 306 2764; x_wconf 78' lang='lat'>1507.</span> <span class='ocrx_word' id='word_1_155' title='bbox 324 2719 363 2764; x_wconf 90' lang='lat'>15.</span> <span class='ocrx_word' id='word_1_156' title='bbox 377 2715 443 2779; x_wconf 87' lang='lat' dir='ltr'>dipl.</span> <span class='ocrx_word' id='word_1_157' title='bbox 457 2714 487 2766; x_wconf 91' lang='lat' dir='ltr'>lt.</span> <span class='ocrx_word' id='word_1_158' title='bbox 502 2719 579 2767; x_wconf 82' lang='lat'>2380.</span> <span class='ocrx_word' id='word_1_159' title='bbox 593 2715 690 2766; x_wconf 80' lang='lat' dir='ltr'>szli:</span> <span class='ocrx_word' id='word_1_160' title='bbox 704 2716 808 2767; x_wconf 86' lang='lat' dir='ltr'>Vincze</span> <span class='ocrx_word' id='word_1_161' title='bbox 822 2715 925 2767; x_wconf 68' lang='lat' dir='ltr'>aecor:</span> <span class='ocrx_word' id='word_1_162' title='bbox 1006 2780 1010 2788; x_wconf 34' lang='grc'>1</span> 
     </span>
    </p>
   </div>
   <div class='ocr_carea' id='block_1_5' title="bbox 590 2914 801 2925">
    <p class='ocr_par' dir='ltr' id='par_1_5' title="bbox 590 2914 801 2925">
     <span class='ocr_line' id='line_1_22' title="bbox 590 2914 801 2925; baseline -0.014 0"><span class='ocrx_word' id='word_1_163' title='bbox 590 2914 801 2925; x_wconf 82' lang='grc'>..-----</span> 
     </span>
    </p>
   </div>
   <div class='ocr_carea' id='block_1_6' title="bbox 664 3115 739 3178">
    <p class='ocr_par' dir='ltr' id='par_1_6' title="bbox 664 3115 739 3178">
     <span class='ocr_line' id='line_1_23' title="bbox 664 3115 739 3178; baseline 0 0"><span class='ocrx_word' id='word_1_164' title='bbox 664 3115 739 3178; x_wconf 77' lang='lat'>242.</span> 
     </span>
    </p>
   </div>
   <div class='ocr_carea' id='block_1_7' title="bbox 131 3275 1263 3469">
    <p class='ocr_par' dir='ltr' id='par_1_7' title="bbox 131 3275 1263 3469">
     <span class='ocr_line' id='line_1_24' title="bbox 136 3275 1262 3362; baseline 0.001 -25"><span class='ocrx_word' id='word_1_165' title='bbox 136 3276 233 3338; x_wconf 84' lang='lat'>1326.</span> <span class='ocrx_word' id='word_1_166' title='bbox 251 3298 321 3339; x_wconf 83' lang='lat' dir='ltr'>coc.</span> <span class='ocrx_word' id='word_1_167' title='bbox 338 3279 390 3340; x_wconf 84' lang='lat'>23.</span> <span class='ocrx_word' id='word_1_168' title='bbox 417 3276 445 3339; x_wconf 90' lang='lat' dir='ltr'>I.</span> <span class='ocrx_word' id='word_1_169' title='bbox 462 3277 587 3362; x_wconf 70' lang='lat' dir='ltr'>Keiroly</span> <span class='ocrx_word' id='word_1_170' title='bbox 606 3278 716 3362; x_wconf 77' lang='lat' dir='ltr'>lcira&#39;lp</span> <span class='ocrx_word' id='word_1_171' title='bbox 741 3277 892 3341; x_wconf 81' lang='lat' dir='ltr'>Dohrooa</span> <span class='ocrx_word' id='word_1_172' title='bbox 909 3275 1064 3339; x_wconf 80' lang='lat' dir='ltr'>birtolcro‘l</span> <span class='ocrx_word' id='word_1_173' title='bbox 1079 3276 1164 3339; x_wconf 79' lang='lat' dir='ltr'>ezdld</span> <span class='ocrx_word' id='word_1_174' title='bbox 1188 3277 1262 3339; x_wconf 82' lang='lat' dir='ltr'>udo-</span> 
     </span>
     <span class='ocr_line' id='line_1_25' title="bbox 131 3383 1263 3469; baseline 0.002 -25"><span class='ocrx_word' id='word_1_175' title='bbox 131 3383 341 3468; x_wconf 75' lang='lat' dir='ltr'>raciaylcuele&#39;t</span> <span class='ocrx_word' id='word_1_176' title='bbox 357 3383 470 3448; x_wconf 77' lang='lat' dir='ltr'>Prialca‘</span> <span class='ocrx_word' id='word_1_177' title='bbox 489 3383 657 3468; x_wconf 81' lang='lat' dir='ltr'>Pe&#39;terflac&#39;</span> <span class='ocrx_word' id='word_1_178' title='bbox 673 3387 792 3450; x_wconf 68' lang='lat' dir='ltr'>rdazdro</span> <span class='ocrx_word' id='word_1_179' title='bbox 801 3385 883 3469; x_wconf 84' lang='lat' dir='ltr'>jolea</span> <span class='ocrx_word' id='word_1_180' title='bbox 909 3383 1049 3447; x_wconf 80' lang='lat' dir='ltr'>ulakboc</span> <span class='ocrx_word' id='word_1_181' title='bbox 1074 3385 1263 3469; x_wconf 77' lang='lat' dir='ltr'>creperdsitc&#39;.</span> 
     </span>
    </p>
   </div>
   <div class='ocr_carea' id='block_1_8' title="bbox 119 3531 1295 4604">
    <p class='ocr_par' dir='ltr' id='par_1_8' title="bbox 119 3531 1295 4604">
     <span class='ocr_line' id='line_1_26' title="bbox 236 3531 1260 3612; baseline 0.005 -5"><span class='ocrx_word' id='word_1_182' title='bbox 236 3542 386 3609; x_wconf 88' lang='lat' dir='ltr'>Karulus</span> <span class='ocrx_word' id='word_1_183' title='bbox 406 3595 413 3610; x_wconf 92' lang='lat'>.</span> <span class='ocrx_word' id='word_1_184' title='bbox 438 3595 445 3610; x_wconf 91' lang='lat'>.</span> <span class='ocrx_word' id='word_1_185' title='bbox 465 3567 569 3611; x_wconf 88' lang='lat' dir='ltr'>rex..</span> <span class='ocrx_word' id='word_1_186' title='bbox 589 3545 631 3610; x_wconf 89' lang='lat' dir='ltr'>ad</span> <span class='ocrx_word' id='word_1_187' title='bbox 655 3531 876 3612; x_wconf 87' lang='lat' dir='ltr'>universorum</span> <span class='ocrx_word' id='word_1_188' title='bbox 887 3546 1042 3611; x_wconf 89' lang='lat' dir='ltr'>noticiam</span> <span class='ocrx_word' id='word_1_189' title='bbox 1051 3545 1167 3610; x_wconf 90' lang='lat' dir='ltr'>harum</span> <span class='ocrx_word' id='word_1_190' title='bbox 1177 3548 1260 3612; x_wconf 91' lang='lat' dir='ltr'>serie</span> 
     </span>
     <span class='ocr_line' id='line_1_27' title="bbox 125 3653 1260 3738; baseline 0.002 -21"><span class='ocrx_word' id='word_1_191' title='bbox 125 3653 277 3718; x_wconf 84' lang='lat' dir='ltr'>volumus</span> <span class='ocrx_word' id='word_1_192' title='bbox 292 3654 466 3738; x_wconf 81' lang='lat' dir='ltr'>pervenire,</span> <span class='ocrx_word' id='word_1_193' title='bbox 486 3655 574 3738; x_wconf 89' lang='lat' dir='ltr'>quod</span> <span class='ocrx_word' id='word_1_194' title='bbox 591 3675 663 3720; x_wconf 91' lang='lat' dir='ltr'>cum</span> <span class='ocrx_word' id='word_1_195' title='bbox 679 3655 827 3738; x_wconf 87' lang='lat' dir='ltr'>magistri</span> <span class='ocrx_word' id='word_1_196' title='bbox 837 3653 993 3720; x_wconf 89' lang='lat' dir='ltr'>Matheus</span> <span class='ocrx_word' id='word_1_197' title='bbox 1010 3659 1042 3720; x_wconf 90' lang='lat' dir='ltr'>et</span> <span class='ocrx_word' id='word_1_198' title='bbox 1056 3653 1190 3719; x_wconf 91' lang='lat' dir='ltr'>Pethew</span> <span class='ocrx_word' id='word_1_199' title='bbox 1200 3653 1260 3720; x_wconf 90' lang='lat' dir='ltr'>filii</span> 
     </span>
     <span class='ocr_line' id='line_1_28' title="bbox 125 3759 1260 3848; baseline 0.001 -22"><span class='ocrx_word' id='word_1_200' title='bbox 125 3761 220 3826; x_wconf 86' lang='lat' dir='ltr'>Petri</span> <span class='ocrx_word' id='word_1_201' title='bbox 236 3761 277 3826; x_wconf 92' lang='lat' dir='ltr'>de</span> <span class='ocrx_word' id='word_1_202' title='bbox 293 3759 388 3828; x_wconf 79' lang='lat' dir='ltr'>Panlr</span> <span class='ocrx_word' id='word_1_203' title='bbox 404 3812 410 3826; x_wconf 95' lang='lat'>.</span> <span class='ocrx_word' id='word_1_204' title='bbox 427 3811 434 3827; x_wconf 94' lang='lat'>.</span> <span class='ocrx_word' id='word_1_205' title='bbox 452 3763 615 3845; x_wconf 89' lang='lat' dir='ltr'>quandam</span> <span class='ocrx_word' id='word_1_206' title='bbox 638 3764 872 3848; x_wconf 89' lang='lat' dir='ltr'>possessionem</span> <span class='ocrx_word' id='word_1_207' title='bbox 896 3784 953 3828; x_wconf 88' lang='lat' dir='ltr'>seu</span> <span class='ocrx_word' id='word_1_208' title='bbox 977 3769 1097 3828; x_wconf 89' lang='lat' dir='ltr'>terram</span> <span class='ocrx_word' id='word_1_209' title='bbox 1121 3761 1260 3828; x_wconf 90' lang='lat' dir='ltr'>Dobrua</span> 
     </span>
     <span class='ocr_line' id='line_1_29' title="bbox 124 3869 1259 3956; baseline 0.004 -22"><span class='ocrx_word' id='word_1_210' title='bbox 124 3874 275 3935; x_wconf 82' lang='lat' dir='ltr'>vocatam</span> <span class='ocrx_word' id='word_1_211' title='bbox 290 3869 325 3934; x_wconf 94' lang='lat' dir='ltr'>in</span> <span class='ocrx_word' id='word_1_212' title='bbox 342 3871 498 3936; x_wconf 89' lang='lat' dir='ltr'>comitatu</span> <span class='ocrx_word' id='word_1_213' title='bbox 514 3870 554 3936; x_wconf 91' lang='lat' dir='ltr'>de</span> <span class='ocrx_word' id='word_1_214' title='bbox 569 3870 673 3956; x_wconf 86' lang='lat' dir='ltr'>Hung</span> <span class='ocrx_word' id='word_1_215' title='bbox 689 3871 880 3937; x_wconf 82' lang='lat' dir='ltr'>existentem</span> <span class='ocrx_word' id='word_1_216' title='bbox 896 3921 903 3936; x_wconf 94' lang='lat'>.</span> <span class='ocrx_word' id='word_1_217' title='bbox 920 3922 927 3936; x_wconf 91' lang='lat'>.</span> <span class='ocrx_word' id='word_1_218' title='bbox 944 3894 964 3936; x_wconf 89' lang='lat' dir='ltr'>a</span> <span class='ocrx_word' id='word_1_219' title='bbox 979 3871 1070 3937; x_wconf 89' lang='lat' dir='ltr'>uobis</span> <span class='ocrx_word' id='word_1_220' title='bbox 1081 3869 1142 3936; x_wconf 91' lang='lat' dir='ltr'>sibi</span> <span class='ocrx_word' id='word_1_221' title='bbox 1153 3869 1223 3936; x_wconf 89' lang='lat' dir='ltr'>dari</span> <span class='ocrx_word' id='word_1_222' title='bbox 1234 3919 1259 3938; x_wconf 92' lang='lat'>..</span> 
     </span>
     <span class='ocr_line' id='line_1_30' title="bbox 123 3970 1295 4064; baseline 0.002 -22"><span class='ocrx_word' id='word_1_223' title='bbox 123 3977 356 4062; x_wconf 85' lang='lat' dir='ltr'>postulassent,</span> <span class='ocrx_word' id='word_1_224' title='bbox 389 4000 512 4062; x_wconf 89' lang='lat' dir='ltr'>nosque</span> <span class='ocrx_word' id='word_1_225' title='bbox 541 4029 547 4045; x_wconf 93' lang='lat'>.</span> <span class='ocrx_word' id='word_1_226' title='bbox 573 4029 580 4044; x_wconf 91' lang='lat'>.</span> <span class='ocrx_word' id='word_1_227' title='bbox 607 3980 748 4064; x_wconf 90' lang='lat' dir='ltr'>capitulo</span> <span class='ocrx_word' id='word_1_228' title='bbox 774 3979 907 4044; x_wconf 88' lang='lat' dir='ltr'>ecclesie</span> <span class='ocrx_word' id='word_1_229' title='bbox 933 3975 1101 4062; x_wconf 83' lang='lat' dir='ltr'>Agriensis</span> <span class='ocrx_word' id='word_1_230' title='bbox 1135 3985 1173 4044; x_wconf 89' lang='lat' dir='ltr'>ut</span> <span class='ocrx_word' id='word_1_231' title='bbox 1196 3979 1259 4062; x_wconf 87' lang='lat' dir='ltr'>ipsi</span> <span class='ocrx_word' id='word_1_232' title='bbox 1291 3970 1295 3980; x_wconf 74' lang='lat'>&#39;</span> 
     </span>
     <span class='ocr_line' id='line_1_31' title="bbox 122 4085 1257 4170; baseline 0.002 -20"><span class='ocrx_word' id='word_1_233' title='bbox 122 4107 220 4151; x_wconf 87' lang='lat' dir='ltr'>suum</span> <span class='ocrx_word' id='word_1_234' title='bbox 237 4085 405 4152; x_wconf 91' lang='lat' dir='ltr'>mitterent</span> <span class='ocrx_word' id='word_1_235' title='bbox 414 4085 576 4152; x_wconf 89' lang='lat' dir='ltr'>hominem</span> <span class='ocrx_word' id='word_1_236' title='bbox 592 4137 599 4152; x_wconf 92' lang='lat'>.</span> <span class='ocrx_word' id='word_1_237' title='bbox 615 4137 622 4152; x_wconf 91' lang='lat'>.</span> <span class='ocrx_word' id='word_1_238' title='bbox 640 4107 749 4154; x_wconf 87' lang='lat' dir='ltr'>coram</span> <span class='ocrx_word' id='word_1_239' title='bbox 766 4109 830 4170; x_wconf 89' lang='lat' dir='ltr'>quo</span> <span class='ocrx_word' id='word_1_240' title='bbox 855 4085 880 4151; x_wconf 91' lang='lat' dir='ltr'><strong>J</strong></span> <span class='ocrx_word' id='word_1_241' title='bbox 882 4087 1024 4153; x_wconf 87' lang='lat' dir='ltr'>ohannes</span> <span class='ocrx_word' id='word_1_242' title='bbox 1051 4085 1138 4152; x_wconf 91' lang='lat' dir='ltr'>filius</span> <span class='ocrx_word' id='word_1_243' title='bbox 1163 4085 1257 4152; x_wconf 89' lang='lat' dir='ltr'>Petri</span> 
     </span>
     <span class='ocr_line' id='line_1_32' title="bbox 121 4191 1257 4279; baseline 0.004 -22"><span class='ocrx_word' id='word_1_244' title='bbox 121 4193 162 4260; x_wconf 88' lang='lat' dir='ltr'>de</span> <span class='ocrx_word' id='word_1_245' title='bbox 194 4191 337 4260; x_wconf 88' lang='lat' dir='ltr'>Matuch</span> <span class='ocrx_word' id='word_1_246' title='bbox 366 4195 416 4260; x_wconf 89' lang='lat' dir='ltr'>vel</span> <span class='ocrx_word' id='word_1_247' title='bbox 445 4194 564 4260; x_wconf 89' lang='lat' dir='ltr'>Danch</span> <span class='ocrx_word' id='word_1_248' title='bbox 593 4194 679 4261; x_wconf 89' lang='lat' dir='ltr'>filius</span> <span class='ocrx_word' id='word_1_249' title='bbox 709 4193 786 4261; x_wconf 91' lang='lat' dir='ltr'>Bud</span> <span class='ocrx_word' id='word_1_250' title='bbox 815 4195 911 4262; x_wconf 89' lang='lat' dir='ltr'>homo</span> <span class='ocrx_word' id='word_1_251' title='bbox 942 4201 1053 4260; x_wconf 89' lang='lat' dir='ltr'>noster</span> <span class='ocrx_word' id='word_1_252' title='bbox 1078 4195 1257 4279; x_wconf 90' lang='lat' dir='ltr'>predictam</span> 
     </span>
     <span class='ocr_line' id='line_1_33' title="bbox 120 4300 1256 4387; baseline 0.002 -20"><span class='ocrx_word' id='word_1_253' title='bbox 120 4302 358 4386; x_wconf 86' lang='lat' dir='ltr'>possessionem</span> <span class='ocrx_word' id='word_1_254' title='bbox 388 4300 526 4369; x_wconf 87' lang='lat' dir='ltr'>Dobrua</span> <span class='ocrx_word' id='word_1_255' title='bbox 551 4351 558 4369; x_wconf 91' lang='lat'>.</span> <span class='ocrx_word' id='word_1_256' title='bbox 583 4354 590 4369; x_wconf 93' lang='lat'>.</span> <span class='ocrx_word' id='word_1_257' title='bbox 615 4301 835 4369; x_wconf 89' lang='lat' dir='ltr'>reambularet</span> <span class='ocrx_word' id='word_1_258' title='bbox 860 4309 893 4369; x_wconf 88' lang='lat' dir='ltr'>at</span> <span class='ocrx_word' id='word_1_259' title='bbox 917 4307 1077 4369; x_wconf 85' lang='lat' dir='ltr'>statueret</span> <span class='ocrx_word' id='word_1_260' title='bbox 1102 4303 1256 4387; x_wconf 82' lang='lat' dir='ltr'>predictis</span> 
     </span>
     <span class='ocr_line' id='line_1_34' title="bbox 120 4407 1254 4496; baseline 0.002 -20"><span class='ocrx_word' id='word_1_261' title='bbox 120 4407 262 4476; x_wconf 86' lang='lat' dir='ltr'>Matheo</span> <span class='ocrx_word' id='word_1_262' title='bbox 278 4416 310 4475; x_wconf 87' lang='lat' dir='ltr'>et</span> <span class='ocrx_word' id='word_1_263' title='bbox 326 4409 455 4476; x_wconf 90' lang='lat' dir='ltr'>Petheu</span> <span class='ocrx_word' id='word_1_264' title='bbox 470 4460 476 4476; x_wconf 93' lang='lat'>.</span> <span class='ocrx_word' id='word_1_265' title='bbox 493 4461 501 4476; x_wconf 89' lang='lat'>.</span> <span class='ocrx_word' id='word_1_266' title='bbox 517 4413 635 4478; x_wconf 91' lang='lat' dir='ltr'>nostris</span> <span class='ocrx_word' id='word_1_267' title='bbox 660 4412 857 4478; x_wconf 88' lang='lat' dir='ltr'>dedissemus</span> <span class='ocrx_word' id='word_1_268' title='bbox 882 4412 1000 4478; x_wconf 89' lang='lat' dir='ltr'>litteris</span> <span class='ocrx_word' id='word_1_269' title='bbox 1024 4412 1057 4475; x_wconf 91' lang='lat' dir='ltr'>in</span> <span class='ocrx_word' id='word_1_270' title='bbox 1083 4411 1254 4496; x_wconf 89' lang='lat' dir='ltr'>mandatis,</span> 
     </span>
     <span class='ocr_line' id='line_1_35' title="bbox 119 4519 1253 4604; baseline -0.001 -17"><span class='ocrx_word' id='word_1_271' title='bbox 119 4519 257 4587; x_wconf 67' lang='lat' dir='ltr'>mndem</span> <span class='ocrx_word' id='word_1_272' title='bbox 274 4519 394 4585; x_wconf 90' lang='lat' dir='ltr'>iidem.</span> <span class='ocrx_word' id='word_1_273' title='bbox 411 4570 417 4585; x_wconf 92' lang='lat'>.</span> <span class='ocrx_word' id='word_1_274' title='bbox 435 4519 527 4586; x_wconf 88' lang='lat' dir='ltr'>nobis</span> <span class='ocrx_word' id='word_1_275' title='bbox 542 4522 776 4604; x_wconf 88' lang='lat' dir='ltr'>rescripserunt</span> <span class='ocrx_word' id='word_1_276' title='bbox 791 4521 825 4585; x_wconf 89' lang='lat' dir='ltr'>in</span> <span class='ocrx_word' id='word_1_277' title='bbox 835 4521 894 4586; x_wconf 91' lang='lat' dir='ltr'>hec</span> <span class='ocrx_word' id='word_1_278' title='bbox 909 4519 1023 4585; x_wconf 89' lang='lat' dir='ltr'>verba:</span> <span class='ocrx_word' id='word_1_279' title='bbox 1040 4520 1253 4587; x_wconf 85' lang='lat' dir='ltr'>Excellentis-</span> 
     </span>
    </p>
   </div>
   <div class='ocr_carea' id='block_1_9' title="bbox 119 4626 1254 4718">
    <p class='ocr_par' dir='ltr' id='par_1_9' title="bbox 119 4626 1254 4718">
     <span class='ocr_line' id='line_1_36' title="bbox 119 4626 1254 4718; baseline -0.002 -22"><span class='ocrx_word' id='word_1_280' title='bbox 119 4632 203 4698; x_wconf 88' lang='lat' dir='ltr'>simo</span> <span class='ocrx_word' id='word_1_281' title='bbox 222 4629 353 4696; x_wconf 90' lang='lat' dir='ltr'>domino</span> <span class='ocrx_word' id='word_1_282' title='bbox 370 4680 377 4696; x_wconf 91' lang='lat'>.</span> <span class='ocrx_word' id='word_1_283' title='bbox 393 4679 400 4695; x_wconf 97' lang='lat'>.</span> <span class='ocrx_word' id='word_1_284' title='bbox 417 4626 478 4694; x_wconf 87' lang='lat' dir='ltr'>stb.</span> <span class='ocrx_word' id='word_1_285' title='bbox 496 4626 531 4717; x_wconf 86' lang='lat' dir='ltr'>(l.</span> <span class='ocrx_word' id='word_1_286' title='bbox 542 4650 584 4694; x_wconf 90' lang='lat' dir='ltr'>az</span> <span class='ocrx_word' id='word_1_287' title='bbox 601 4630 669 4717; x_wconf 86' lang='lat' dir='ltr'>egri</span> <span class='ocrx_word' id='word_1_288' title='bbox 685 4629 841 4718; x_wconf 77' lang='lat' dir='ltr'>kaptalan</span> <span class='ocrx_word' id='word_1_289' title='bbox 860 4633 955 4697; x_wconf 77' lang='grc'>1326.</span> <span class='ocrx_word' id='word_1_290' title='bbox 974 4633 1036 4698; x_wconf 90' lang='lat' dir='ltr'>oct.</span> <span class='ocrx_word' id='word_1_291' title='bbox 1048 4627 1169 4698; x_wconf 79' lang='lat' dir='ltr'>ao-kan</span> <span class='ocrx_word' id='word_1_292' title='bbox 1185 4629 1254 4701; x_wconf 84' lang='lat' dir='ltr'>kelt</span> 
     </span>
    </p>
   </div>
   <div class='ocr_carea' id='block_1_10' title="bbox 0 0 1560 5466">
    <p class='ocr_par' dir='ltr' id='par_1_10' title="bbox 0 0 1560 5466">
     <span class='ocr_line' id='line_1_37' title="bbox 0 0 1560 5466; baseline 0 5"><span class='ocrx_word' id='word_1_293' title='bbox 0 0 1560 5466; x_wconf 95' lang='lat' dir='ltr'> </span> 
     </span>
    </p>
   </div>
  </div>
 </body>
</html>
