<?xml version="1.0" encoding="UTF-8"?>
<!DOCTYPE html PUBLIC "-//W3C//DTD XHTML 1.0 Transitional//EN"
    "http://www.w3.org/TR/xhtml1/DTD/xhtml1-transitional.dtd">
<html xmlns="http://www.w3.org/1999/xhtml" xml:lang="en" lang="en">
 <head>
  <title>
</title>
<meta http-equiv="Content-Type" content="text/html;charset=utf-8" />
  <meta name='ocr-system' content='tesseract 3.04.00' />
  <meta name='ocr-capabilities' content='ocr_page ocr_carea ocr_par ocr_line ocrx_word'/>
</head>
<body>
  <div class='ocr_page' id='page_1' title='image "./codexdiplomatic01nagygoog_0161.png"; bbox 0 0 3172 5462; ppageno 0'>
   <div class='ocr_carea' id='block_1_1' title="bbox 655 431 1075 500">
    <p class='ocr_par' dir='ltr' id='par_1_1' title="bbox 655 431 1075 500">
     <span class='ocr_line' id='line_1_1' title="bbox 655 431 1075 500; baseline 0 -4"><span class='ocrx_word' id='word_1_1' title='bbox 655 447 843 500; x_wconf 75' lang='lat' dir='ltr'>usronuonr</span> <span class='ocrx_word' id='word_1_2' title='bbox 859 431 1075 498; x_wconf 78' lang='lat' dir='ltr'>onulnrrln.</span> 
     </span>
    </p>
   </div>
   <div class='ocr_carea' id='block_1_2' title="bbox 830 837 902 898">
    <p class='ocr_par' dir='ltr' id='par_1_2' title="bbox 830 837 902 898">
     <span class='ocr_line' id='line_1_2' title="bbox 830 837 902 898; baseline 0 0"><span class='ocrx_word' id='word_1_3' title='bbox 830 837 902 898; x_wconf 86' lang='lat'>130.</span> 
     </span>
    </p>
   </div>
   <div class='ocr_carea' id='block_1_3' title="bbox 301 963 1441 1299">
    <p class='ocr_par' dir='ltr' id='par_1_3' title="bbox 301 963 1441 1299">
     <span class='ocr_line' id='line_1_3' title="bbox 303 963 1441 1085; baseline -0.001 -24"><span class='ocrx_word' id='word_1_4' title='bbox 303 998 397 1062; x_wconf 79' lang='lat'><em>1324.</em></span> <span class='ocrx_word' id='word_1_5' title='bbox 407 998 472 1084; x_wconf 82' lang='lat' dir='ltr'>jol.</span> <span class='ocrx_word' id='word_1_6' title='bbox 488 1000 518 1063; x_wconf 87' lang='grc'>5.</span> <span class='ocrx_word' id='word_1_7' title='bbox 537 997 702 1085; x_wconf 74' lang='lat' dir='ltr'>Veazprdrn</span> <span class='ocrx_word' id='word_1_8' title='bbox 712 1001 882 1083; x_wconf 76' lang='lat' dir='ltr'>vdrmcqye</span> <span class='ocrx_word' id='word_1_9' title='bbox 897 997 1070 1083; x_wconf 82' lang='lat' dir='ltr'>aliapdnjo</span> <span class='ocrx_word' id='word_1_10' title='bbox 1080 999 1113 1062; x_wconf 72' lang='lat' dir='ltr'>ds</span> <span class='ocrx_word' id='word_1_11' title='bbox 1129 963 1310 1063; x_wconf 77' lang='lat' dir='ltr'>hiro&#39;tdraai</span> <span class='ocrx_word' id='word_1_12' title='bbox 1327 995 1441 1083; x_wconf 79' lang='lat' dir='ltr'>Ajlrar&#39;</span> 
     </span>
     <span class='ocr_line' id='line_1_4' title="bbox 301 1105 1439 1192; baseline 0 -22"><span class='ocrx_word' id='word_1_13' title='bbox 301 1107 507 1190; x_wconf 78' lang='lat' dir='ltr'>Pdlflainak</span> <span class='ocrx_word' id='word_1_14' title='bbox 523 1107 727 1172; x_wconf 75' lang='lat' dir='ltr'>birtokrricze&#39;t</span> <span class='ocrx_word' id='word_1_15' title='bbox 743 1106 894 1191; x_wconf 77' lang='lat' dir='ltr'>bizouyos</span> <span class='ocrx_word' id='word_1_16' title='bbox 910 1105 1022 1192; x_wconf 75' lang='lat' dir='ltr'>birsdq</span> <span class='ocrx_word' id='word_1_17' title='bbox 1038 1105 1170 1192; x_wconf 73' lang='lat' dir='ltr'>fejdben</span> <span class='ocrx_word' id='word_1_18' title='bbox 1196 1107 1331 1171; x_wconf 83' lang='lat' dir='ltr'>Lb&#39;rentc</span> <span class='ocrx_word' id='word_1_19' title='bbox 1356 1131 1439 1171; x_wconf 82' lang='lat' dir='ltr'>rnec-</span> 
     </span>
     <span class='ocr_line' id='line_1_5' title="bbox 624 1213 1108 1299; baseline 0.002 -21"><span class='ocrx_word' id='word_1_20' title='bbox 624 1215 731 1278; x_wconf 82' lang='lat' dir='ltr'>teruek</span> <span class='ocrx_word' id='word_1_21' title='bbox 747 1213 914 1277; x_wconf 81' lang='lat' dir='ltr'>birtokdba</span> <span class='ocrx_word' id='word_1_22' title='bbox 934 1213 1108 1299; x_wconf 81' lang='lat' dir='ltr'>bocsdtjdlr.</span> 
     </span>
    </p>
   </div>
   <div class='ocr_carea' id='block_1_4' title="bbox 233 1372 1442 4712">
    <p class='ocr_par' dir='ltr' id='par_1_4' title="bbox 233 1372 1442 4712">
     <span class='ocr_line' id='line_1_6' title="bbox 407 1372 1437 1458; baseline 0 -18"><span class='ocrx_word' id='word_1_23' title='bbox 407 1372 478 1440; x_wconf 89' lang='lat' dir='ltr'>Nos</span> <span class='ocrx_word' id='word_1_24' title='bbox 495 1372 682 1458; x_wconf 83' lang='lat' dir='ltr'><strong>Stephanus</strong></span> <span class='ocrx_word' id='word_1_25' title='bbox 697 1375 872 1441; x_wconf 79' lang='lat' dir='ltr'>vicecomes</span> <span class='ocrx_word' id='word_1_26' title='bbox 888 1373 1038 1458; x_wconf 81' lang='lat' dir='ltr'><strong>magistri</strong></span> <span class='ocrx_word' id='word_1_27' title='bbox 1054 1373 1193 1440; x_wconf 90' lang='lat' dir='ltr'>Martini</span> <span class='ocrx_word' id='word_1_28' title='bbox 1224 1376 1352 1442; x_wconf 90' lang='lat' dir='ltr'>comit-is</span> <span class='ocrx_word' id='word_1_29' title='bbox 1367 1374 1437 1444; x_wconf 83' lang='lat' dir='ltr'>Ve-</span> 
     </span>
     <span class='ocr_line' id='line_1_7' title="bbox 299 1483 1439 1568; baseline -0.002 -18"><span class='ocrx_word' id='word_1_30' title='bbox 299 1484 505 1568; x_wconf 88' lang='lat' dir='ltr'>sprimiensis,</span> <span class='ocrx_word' id='word_1_31' title='bbox 521 1483 679 1550; x_wconf 90' lang='lat' dir='ltr'>Nicolaus</span> <span class='ocrx_word' id='word_1_32' title='bbox 695 1489 728 1550; x_wconf 88' lang='lat' dir='ltr'>et</span> <span class='ocrx_word' id='word_1_33' title='bbox 743 1484 850 1551; x_wconf 90' lang='lat' dir='ltr'>Desee</span> <span class='ocrx_word' id='word_1_34' title='bbox 864 1485 986 1550; x_wconf 91' lang='lat' dir='ltr'>iudices</span> <span class='ocrx_word' id='word_1_35' title='bbox 1006 1483 1160 1550; x_wconf 86' lang='lat' dir='ltr'>nobilium</span> <span class='ocrx_word' id='word_1_36' title='bbox 1177 1484 1321 1550; x_wconf 90' lang='lat' dir='ltr'>eiusdem</span> <span class='ocrx_word' id='word_1_37' title='bbox 1338 1485 1439 1549; x_wconf 89' lang='lat' dir='ltr'>comi-</span> 
     </span>
     <span class='ocr_line' id='line_1_8' title="bbox 300 1591 1439 1678; baseline -0.002 -20"><span class='ocrx_word' id='word_1_38' title='bbox 300 1597 389 1658; x_wconf 89' lang='lat' dir='ltr'>tatus</span> <span class='ocrx_word' id='word_1_39' title='bbox 415 1592 528 1658; x_wconf 91' lang='lat' dir='ltr'>damus</span> <span class='ocrx_word' id='word_1_40' title='bbox 552 1614 611 1676; x_wconf 93' lang='lat' dir='ltr'>pro</span> <span class='ocrx_word' id='word_1_41' title='bbox 636 1593 800 1676; x_wconf 91' lang='lat' dir='ltr'>memoria,</span> <span class='ocrx_word' id='word_1_42' title='bbox 826 1591 914 1678; x_wconf 90' lang='lat' dir='ltr'>quod</span> <span class='ocrx_word' id='word_1_43' title='bbox 939 1592 1055 1678; x_wconf 90' lang='lat' dir='ltr'>quinta</span> <span class='ocrx_word' id='word_1_44' title='bbox 1079 1591 1160 1658; x_wconf 85' lang='lat' dir='ltr'>feria</span> <span class='ocrx_word' id='word_1_45' title='bbox 1184 1593 1335 1678; x_wconf 84' lang='lat' dir='ltr'>proxima</span> <span class='ocrx_word' id='word_1_46' title='bbox 1361 1597 1439 1675; x_wconf 91' lang='lat' dir='ltr'>post</span> 
     </span>
     <span class='ocr_line' id='line_1_9' title="bbox 301 1701 1439 1785; baseline -0.003 -19"><span class='ocrx_word' id='word_1_47' title='bbox 301 1701 482 1785; x_wconf 88' lang='lat' dir='ltr'>quindenas</span> <span class='ocrx_word' id='word_1_48' title='bbox 502 1701 628 1766; x_wconf 91' lang='lat' dir='ltr'>Pasche</span> <span class='ocrx_word' id='word_1_49' title='bbox 650 1701 771 1767; x_wconf 93' lang='lat' dir='ltr'>domini</span> <span class='ocrx_word' id='word_1_50' title='bbox 794 1702 828 1766; x_wconf 94' lang='lat' dir='ltr'>in</span> <span class='ocrx_word' id='word_1_51' title='bbox 853 1701 986 1785; x_wconf 89' lang='lat' dir='ltr'>speciali</span> <span class='ocrx_word' id='word_1_52' title='bbox 1012 1701 1267 1785; x_wconf 81' lang='lat' dir='ltr'>congregacione</span> <span class='ocrx_word' id='word_1_53' title='bbox 1293 1722 1352 1784; x_wconf 91' lang='lat' dir='ltr'>per</span> <span class='ocrx_word' id='word_1_54' title='bbox 1376 1721 1439 1764; x_wconf 84' lang='lat' dir='ltr'>nos</span> 
     </span>
     <span class='ocr_line' id='line_1_10' title="bbox 297 1808 1436 1896; baseline -0.002 -20"><span class='ocrx_word' id='word_1_55' title='bbox 297 1813 492 1896; x_wconf 89' lang='lat' dir='ltr'>generaliter</span> <span class='ocrx_word' id='word_1_56' title='bbox 508 1811 673 1876; x_wconf 89' lang='lat' dir='ltr'>celebrata</span> <span class='ocrx_word' id='word_1_57' title='bbox 705 1811 860 1894; x_wconf 90' lang='lat' dir='ltr'>magister</span> <span class='ocrx_word' id='word_1_58' title='bbox 883 1810 1046 1876; x_wconf 83' lang='lat' dir='ltr'>Laurente</span> <span class='ocrx_word' id='word_1_59' title='bbox 1070 1809 1258 1876; x_wconf 87' lang='lat' dir='ltr'>Johannem</span> <span class='ocrx_word' id='word_1_60' title='bbox 1284 1818 1317 1875; x_wconf 92' lang='lat' dir='ltr'>et</span> <span class='ocrx_word' id='word_1_61' title='bbox 1332 1808 1436 1875; x_wconf 91' lang='lat' dir='ltr'>Nico-</span> 
     </span>
     <span class='ocr_line' id='line_1_11' title="bbox 298 1917 1439 2004; baseline -0.002 -20"><span class='ocrx_word' id='word_1_62' title='bbox 298 1920 388 1984; x_wconf 88' lang='lat' dir='ltr'>laum</span> <span class='ocrx_word' id='word_1_63' title='bbox 404 1919 488 1984; x_wconf 91' lang='lat' dir='ltr'>filios</span> <span class='ocrx_word' id='word_1_64' title='bbox 503 1919 601 1986; x_wconf 92' lang='lat' dir='ltr'>Pauli</span> <span class='ocrx_word' id='word_1_65' title='bbox 618 1920 658 1984; x_wconf 91' lang='lat' dir='ltr'>de</span> <span class='ocrx_word' id='word_1_66' title='bbox 673 1917 772 2004; x_wconf 86' lang='lat' dir='ltr'>Ayka</span> <span class='ocrx_word' id='word_1_67' title='bbox 797 1921 830 1984; x_wconf 92' lang='lat' dir='ltr'>in</span> <span class='ocrx_word' id='word_1_68' title='bbox 847 1940 977 1985; x_wconf 89' lang='lat' dir='ltr'>causam</span> <span class='ocrx_word' id='word_1_69' title='bbox 994 1919 1037 1984; x_wconf 91' lang='lat' dir='ltr'>ad</span> <span class='ocrx_word' id='word_1_70' title='bbox 1062 1921 1166 1986; x_wconf 90' lang='lat' dir='ltr'>nostri</span> <span class='ocrx_word' id='word_1_71' title='bbox 1191 1920 1346 1984; x_wconf 76' lang='lat' dir='ltr'>traxisset</span> <span class='ocrx_word' id='word_1_72' title='bbox 1362 1939 1439 2001; x_wconf 92' lang='lat' dir='ltr'>pre·</span> 
     </span>
     <span class='ocr_line' id='line_1_12' title="bbox 301 2026 1439 2112; baseline 0 -20"><span class='ocrx_word' id='word_1_73' title='bbox 301 2029 443 2093; x_wconf 77' lang='lat' dir='ltr'>conciam</span> <span class='ocrx_word' id='word_1_74' title='bbox 478 2050 574 2112; x_wconf 87' lang='lat' dir='ltr'>super</span> <span class='ocrx_word' id='word_1_75' title='bbox 609 2049 656 2109; x_wconf 89' lang='lat' dir='ltr'>ec,</span> <span class='ocrx_word' id='word_1_76' title='bbox 682 2026 770 2110; x_wconf 91' lang='lat' dir='ltr'>quod</span> <span class='ocrx_word' id='word_1_77' title='bbox 798 2027 929 2092; x_wconf 92' lang='lat' dir='ltr'>domum</span> <span class='ocrx_word' id='word_1_78' title='bbox 969 2049 1060 2093; x_wconf 91' lang='lat' dir='ltr'>suam</span> <span class='ocrx_word' id='word_1_79' title='bbox 1092 2035 1125 2092; x_wconf 91' lang='lat' dir='ltr'>et</span> <span class='ocrx_word' id='word_1_80' title='bbox 1157 2027 1271 2093; x_wconf 92' lang='lat' dir='ltr'>domus</span> <span class='ocrx_word' id='word_1_81' title='bbox 1302 2048 1439 2092; x_wconf 89' lang='lat' dir='ltr'>suorum</span> 
     </span>
     <span class='ocr_line' id='line_1_13' title="bbox 300 2133 1440 2220; baseline -0.002 -20"><span class='ocrx_word' id='word_1_82' title='bbox 300 2133 446 2200; x_wconf 90' lang='lat' dir='ltr'>comburi</span> <span class='ocrx_word' id='word_1_83' title='bbox 456 2134 606 2202; x_wconf 85' lang='lat' dir='ltr'>fecissent</span> <span class='ocrx_word' id='word_1_84' title='bbox 615 2135 760 2201; x_wconf 89' lang='lat' dir='ltr'>valentes</span> <span class='ocrx_word' id='word_1_85' title='bbox 776 2140 905 2200; x_wconf 88' lang='lat' dir='ltr'>centum</span> <span class='ocrx_word' id='word_1_86' title='bbox 922 2157 1056 2218; x_wconf 86' lang='lat' dir='ltr'>marcas,</span> <span class='ocrx_word' id='word_1_87' title='bbox 1067 2135 1123 2220; x_wconf 91' lang='lat' dir='ltr'>qui</span> <span class='ocrx_word' id='word_1_88' title='bbox 1134 2135 1266 2218; x_wconf 91' lang='lat' dir='ltr'>quidem</span> <span class='ocrx_word' id='word_1_89' title='bbox 1276 2133 1440 2200; x_wconf 88' lang='lat' dir='ltr'>Nicolans</span> 
     </span>
     <span class='ocr_line' id='line_1_14' title="bbox 299 2242 1440 2328; baseline 0.001 -21"><span class='ocrx_word' id='word_1_90' title='bbox 299 2263 471 2326; x_wconf 81' lang='lat' dir='ltr'>assurgens</span> <span class='ocrx_word' id='word_1_91' title='bbox 495 2265 554 2328; x_wconf 90' lang='lat' dir='ltr'>pro</span> <span class='ocrx_word' id='word_1_92' title='bbox 570 2249 671 2308; x_wconf 88' lang='lat' dir='ltr'>semet</span> <span class='ocrx_word' id='word_1_93' title='bbox 686 2243 755 2328; x_wconf 91' lang='lat' dir='ltr'>ipso</span> <span class='ocrx_word' id='word_1_94' title='bbox 781 2264 854 2309; x_wconf 93' lang='lat' dir='ltr'>cum</span> <span class='ocrx_word' id='word_1_95' title='bbox 871 2242 896 2308; x_wconf 90' lang='lat' dir='ltr'><strong>J</strong></span> <span class='ocrx_word' id='word_1_96' title='bbox 898 2243 1026 2309; x_wconf 89' lang='lat' dir='ltr'>ohanne</span> <span class='ocrx_word' id='word_1_97' title='bbox 1042 2242 1144 2308; x_wconf 86' lang='lat' dir='ltr'>fratre</span> <span class='ocrx_word' id='word_1_98' title='bbox 1172 2265 1229 2308; x_wconf 89' lang='lat' dir='ltr'>suo</span> <span class='ocrx_word' id='word_1_99' title='bbox 1264 2243 1440 2326; x_wconf 90' lang='lat' dir='ltr'>proposuit</span> 
     </span>
     <span class='ocr_line' id='line_1_15' title="bbox 298 2349 1440 2434; baseline 0 -20"><span class='ocrx_word' id='word_1_100' title='bbox 298 2351 332 2414; x_wconf 93' lang='lat' dir='ltr'>in</span> <span class='ocrx_word' id='word_1_101' title='bbox 347 2349 433 2416; x_wconf 92' lang='lat' dir='ltr'>hunc</span> <span class='ocrx_word' id='word_1_102' title='bbox 449 2350 588 2434; x_wconf 91' lang='lat' dir='ltr'>modum,</span> <span class='ocrx_word' id='word_1_103' title='bbox 620 2350 707 2434; x_wconf 91' lang='lat' dir='ltr'>quod</span> <span class='ocrx_word' id='word_1_104' title='bbox 738 2352 772 2416; x_wconf 92' lang='lat' dir='ltr'>in</span> <span class='ocrx_word' id='word_1_105' title='bbox 804 2350 917 2417; x_wconf 91' lang='lat' dir='ltr'>eodem</span> <span class='ocrx_word' id='word_1_106' title='bbox 939 2351 1026 2418; x_wconf 86' lang='lat' dir='ltr'>facto</span> <span class='ocrx_word' id='word_1_107' title='bbox 1062 2355 1177 2417; x_wconf 89' lang='lat' dir='ltr'>contra</span> <span class='ocrx_word' id='word_1_108' title='bbox 1202 2351 1342 2417; x_wconf 90' lang='lat' dir='ltr'>eundem</span> <span class='ocrx_word' id='word_1_109' title='bbox 1367 2371 1440 2415; x_wconf 88' lang='lat' dir='ltr'>ma-</span> 
     </span>
     <span class='ocr_line' id='line_1_16' title="bbox 233 2457 1439 2543; baseline 0.002 -21"><span class='ocrx_word' id='word_1_110' title='bbox 233 2533 237 2539; x_wconf 33' lang='lat'>,</span> <span class='ocrx_word' id='word_1_111' title='bbox 300 2459 437 2542; x_wconf 84' lang='lat' dir='ltr'>gistrum</span> <span class='ocrx_word' id='word_1_112' title='bbox 453 2457 651 2524; x_wconf 86' lang='lat' dir='ltr'>Leurentem</span> <span class='ocrx_word' id='word_1_113' title='bbox 667 2466 700 2524; x_wconf 89' lang='lat' dir='ltr'>et</span> <span class='ocrx_word' id='word_1_114' title='bbox 716 2457 874 2524; x_wconf 78' lang='lat' dir='ltr'>Thomam</span> <span class='ocrx_word' id='word_1_115' title='bbox 900 2458 1003 2525; x_wconf 92' lang='lat' dir='ltr'>filium</span> <span class='ocrx_word' id='word_1_116' title='bbox 1019 2459 1162 2525; x_wconf 91' lang='lat' dir='ltr'>eiusdem</span> <span class='ocrx_word' id='word_1_117' title='bbox 1187 2461 1221 2524; x_wconf 93' lang='lat' dir='ltr'>in</span> <span class='ocrx_word' id='word_1_118' title='bbox 1245 2457 1439 2543; x_wconf 86' lang='lat' dir='ltr'>Vesprimio</span> 
     </span>
     <span class='ocr_line' id='line_1_17' title="bbox 302 2567 1439 2652; baseline 0 -22"><span class='ocrx_word' id='word_1_119' title='bbox 302 2587 373 2630; x_wconf 89' lang='lat' dir='ltr'>cum</span> <span class='ocrx_word' id='word_1_120' title='bbox 390 2567 629 2652; x_wconf 89' lang='lat' dir='ltr'>quinquaginta</span> <span class='ocrx_word' id='word_1_121' title='bbox 644 2567 789 2652; x_wconf 90' lang='lat' dir='ltr'>personis</span> <span class='ocrx_word' id='word_1_122' title='bbox 815 2567 972 2633; x_wconf 89' lang='lat' dir='ltr'>nobilium</span> <span class='ocrx_word' id='word_1_123' title='bbox 991 2589 1024 2634; x_wconf 91' lang='lat' dir='ltr'>se</span> <span class='ocrx_word' id='word_1_124' title='bbox 1040 2568 1173 2633; x_wconf 90' lang='lat' dir='ltr'>inclusis</span> <span class='ocrx_word' id='word_1_125' title='bbox 1190 2567 1348 2632; x_wconf 88' lang='lat' dir='ltr'>deberent</span> <span class='ocrx_word' id='word_1_126' title='bbox 1363 2587 1439 2650; x_wconf 91' lang='lat' dir='ltr'>pre·</span> 
     </span>
     <span class='ocr_line' id='line_1_18' title="bbox 301 2673 1439 2760; baseline 0 -22"><span class='ocrx_word' id='word_1_127' title='bbox 301 2679 388 2739; x_wconf 90' lang='lat' dir='ltr'>stare</span> <span class='ocrx_word' id='word_1_128' title='bbox 404 2682 650 2760; x_wconf 89' lang='lat' dir='ltr'>sacramentum,</span> <span class='ocrx_word' id='word_1_129' title='bbox 667 2683 700 2742; x_wconf 90' lang='lat' dir='ltr'>et</span> <span class='ocrx_word' id='word_1_130' title='bbox 716 2675 804 2760; x_wconf 92' lang='lat' dir='ltr'>quod</span> <span class='ocrx_word' id='word_1_131' title='bbox 827 2676 889 2742; x_wconf 89' lang='lat' dir='ltr'>hoc</span> <span class='ocrx_word' id='word_1_132' title='bbox 904 2697 1015 2742; x_wconf 87' lang='lat' dir='ltr'>verum</span> <span class='ocrx_word' id='word_1_133' title='bbox 1040 2678 1083 2741; x_wconf 88' lang='lat' dir='ltr'>sit</span> <span class='ocrx_word' id='word_1_134' title='bbox 1107 2676 1281 2759; x_wconf 77' lang='lat' dir='ltr'>assumpsit</span> <span class='ocrx_word' id='word_1_135' title='bbox 1306 2675 1347 2739; x_wconf 93' lang='lat' dir='ltr'>de</span> <span class='ocrx_word' id='word_1_136' title='bbox 1372 2673 1439 2739; x_wconf 92' lang='lat' dir='ltr'>hoc</span> 
     </span>
     <span class='ocr_line' id='line_1_19' title="bbox 305 2780 1441 2866; baseline 0.003 -21"><span class='ocrx_word' id='word_1_137' title='bbox 305 2780 457 2847; x_wconf 85' lang='lat' dir='ltr'>exhibere</span> <span class='ocrx_word' id='word_1_138' title='bbox 474 2805 566 2848; x_wconf 89' lang='lat' dir='ltr'>suum</span> <span class='ocrx_word' id='word_1_139' title='bbox 591 2784 850 2866; x_wconf 81' lang='lat' dir='ltr'>instrumentum,</span> <span class='ocrx_word' id='word_1_140' title='bbox 865 2785 943 2849; x_wconf 92' lang='lat' dir='ltr'>item</span> <span class='ocrx_word' id='word_1_141' title='bbox 968 2783 994 2849; x_wconf 87' lang='lat' dir='ltr'>J</span> <span class='ocrx_word' id='word_1_142' title='bbox 995 2782 1154 2849; x_wconf 89' lang='lat' dir='ltr'>ohannem</span> <span class='ocrx_word' id='word_1_143' title='bbox 1180 2783 1316 2848; x_wconf 81' lang='lat' dir='ltr'>fratrem</span> <span class='ocrx_word' id='word_1_144' title='bbox 1341 2803 1441 2848; x_wconf 88' lang='lat' dir='ltr'>suurn</span> 
     </span>
     <span class='ocr_line' id='line_1_20' title="bbox 303 2887 1442 2976; baseline 0.001 -22"><span class='ocrx_word' id='word_1_145' title='bbox 303 2911 428 2955; x_wconf 91' lang='lat' dir='ltr'>necnon</span> <span class='ocrx_word' id='word_1_146' title='bbox 461 2887 665 2976; x_wconf 84' lang='lat' dir='ltr'>Stephanum</span> <span class='ocrx_word' id='word_1_147' title='bbox 695 2891 798 2957; x_wconf 90' lang='lat' dir='ltr'>filium</span> <span class='ocrx_word' id='word_1_148' title='bbox 821 2890 970 2958; x_wconf 90' lang='lat' dir='ltr'>Oduaros</span> <span class='ocrx_word' id='word_1_149' title='bbox 996 2893 1146 2958; x_wconf 83' lang='lat' dir='ltr'>assumsit</span> <span class='ocrx_word' id='word_1_150' title='bbox 1164 2897 1309 2956; x_wconf 88' lang='lat' dir='ltr'>statuere</span> <span class='ocrx_word' id='word_1_151' title='bbox 1326 2911 1442 2956; x_wconf 87' lang='lat' dir='ltr'>coram</span> 
     </span>
     <span class='ocr_line' id='line_1_21' title="bbox 300 2996 1440 3083; baseline 0 -21"><span class='ocrx_word' id='word_1_152' title='bbox 300 2996 409 3078; x_wconf 88' lang='lat' dir='ltr'>nobis;</span> <span class='ocrx_word' id='word_1_153' title='bbox 425 3019 484 3062; x_wconf 91' lang='lat' dir='ltr'>nos</span> <span class='ocrx_word' id='word_1_154' title='bbox 499 3020 575 3064; x_wconf 91' lang='lat' dir='ltr'>vero</span> <span class='ocrx_word' id='word_1_155' title='bbox 591 2999 711 3065; x_wconf 91' lang='lat' dir='ltr'>eisdem</span> <span class='ocrx_word' id='word_1_156' title='bbox 728 3000 875 3083; x_wconf 89' lang='lat' dir='ltr'>quintam</span> <span class='ocrx_word' id='word_1_157' title='bbox 891 2999 1005 3066; x_wconf 88' lang='lat' dir='ltr'>feriam</span> <span class='ocrx_word' id='word_1_158' title='bbox 1029 2999 1208 3083; x_wconf 85' lang='lat' dir='ltr'>proximam</span> <span class='ocrx_word' id='word_1_159' title='bbox 1225 3003 1299 3082; x_wconf 90' lang='lat' dir='ltr'>post</span> <span class='ocrx_word' id='word_1_160' title='bbox 1313 2997 1440 3063; x_wconf 87' lang='lat' dir='ltr'>festum</span> 
     </span>
     <span class='ocr_line' id='line_1_22' title="bbox 299 3102 1440 3193; baseline 0.001 -24"><span class='ocrx_word' id='word_1_161' title='bbox 299 3104 386 3171; x_wconf 90' lang='lat' dir='ltr'>beati</span> <span class='ocrx_word' id='word_1_162' title='bbox 403 3102 537 3189; x_wconf 84' lang='lat' dir='ltr'>Georgii</span> <span class='ocrx_word' id='word_1_163' title='bbox 556 3109 698 3174; x_wconf 88' lang='lat' dir='ltr'>martiris</span> <span class='ocrx_word' id='word_1_164' title='bbox 723 3129 782 3191; x_wconf 92' lang='lat' dir='ltr'>pro</span> <span class='ocrx_word' id='word_1_165' title='bbox 807 3108 946 3172; x_wconf 87' lang='lat' dir='ltr'>termino</span> <span class='ocrx_word' id='word_1_166' title='bbox 972 3108 1206 3191; x_wconf 85' lang='lat' dir='ltr'>assignavimus</span> <span class='ocrx_word' id='word_1_167' title='bbox 1234 3104 1256 3193; x_wconf 91' lang='lat'>(</span> <span class='ocrx_word' id='word_1_168' title='bbox 1273 3157 1280 3171; x_wconf 94' lang='lat'>.</span> <span class='ocrx_word' id='word_1_169' title='bbox 1297 3157 1304 3172; x_wconf 93' lang='lat'>.</span> <span class='ocrx_word' id='word_1_170' title='bbox 1320 3103 1343 3191; x_wconf 97' lang='lat'>)</span> <span class='ocrx_word' id='word_1_171' title='bbox 1376 3104 1440 3170; x_wconf 86' lang='lat' dir='ltr'>da-</span> 
     </span>
     <span class='ocr_line' id='line_1_23' title="bbox 301 3213 1437 3301; baseline 0 -23"><span class='ocrx_word' id='word_1_172' title='bbox 301 3234 371 3278; x_wconf 91' lang='lat' dir='ltr'>mus</span> <span class='ocrx_word' id='word_1_173' title='bbox 387 3236 445 3297; x_wconf 93' lang='lat' dir='ltr'>pro</span> <span class='ocrx_word' id='word_1_174' title='bbox 462 3215 625 3298; x_wconf 86' lang='lat' dir='ltr'>memoria,</span> <span class='ocrx_word' id='word_1_175' title='bbox 642 3216 729 3300; x_wconf 91' lang='lat' dir='ltr'>qnod</span> <span class='ocrx_word' id='word_1_176' title='bbox 745 3217 860 3299; x_wconf 89' lang='lat' dir='ltr'>quinta</span> <span class='ocrx_word' id='word_1_177' title='bbox 875 3215 960 3282; x_wconf 86' lang='lat' dir='ltr'>feria</span> <span class='ocrx_word' id='word_1_178' title='bbox 969 3217 1117 3301; x_wconf 84' lang='lat' dir='ltr'>proxima</span> <span class='ocrx_word' id='word_1_179' title='bbox 1133 3221 1206 3300; x_wconf 93' lang='lat' dir='ltr'>post</span> <span class='ocrx_word' id='word_1_180' title='bbox 1216 3214 1333 3280; x_wconf 88' lang='lat' dir='ltr'>festum</span> <span class='ocrx_word' id='word_1_181' title='bbox 1342 3213 1437 3280; x_wconf 87' lang='lat' dir='ltr'>beati</span> 
     </span>
     <span class='ocr_line' id='line_1_24' title="bbox 300 3319 1437 3409; baseline 0.001 -22"><span class='ocrx_word' id='word_1_182' title='bbox 300 3319 435 3406; x_wconf 85' lang='lat' dir='ltr'>Georgii</span> <span class='ocrx_word' id='word_1_183' title='bbox 465 3325 608 3389; x_wconf 92' lang='lat' dir='ltr'>martiris</span> <span class='ocrx_word' id='word_1_184' title='bbox 639 3326 795 3409; x_wconf 89' lang='lat' dir='ltr'>magister</span> <span class='ocrx_word' id='word_1_185' title='bbox 826 3323 990 3390; x_wconf 81' lang='lat' dir='ltr'>Laurente</span> <span class='ocrx_word' id='word_1_186' title='bbox 1021 3347 1152 3390; x_wconf 88' lang='lat' dir='ltr'>causam</span> <span class='ocrx_word' id='word_1_187' title='bbox 1183 3345 1282 3408; x_wconf 89' lang='lat' dir='ltr'>quam</span> <span class='ocrx_word' id='word_1_188' title='bbox 1315 3327 1437 3388; x_wconf 85' lang='lat' dir='ltr'>contra</span> 
     </span>
     <span class='ocr_line' id='line_1_25' title="bbox 300 3427 1432 3518; baseline -0.001 -22"><span class='ocrx_word' id='word_1_189' title='bbox 300 3427 475 3496; x_wconf 89' lang='lat' dir='ltr'>Nicolaum</span> <span class='ocrx_word' id='word_1_190' title='bbox 492 3436 525 3497; x_wconf 87' lang='lat' dir='ltr'>et</span> <span class='ocrx_word' id='word_1_191' title='bbox 541 3431 566 3497; x_wconf 89' lang='lat' dir='ltr'><strong>J</strong></span> <span class='ocrx_word' id='word_1_192' title='bbox 568 3432 727 3498; x_wconf 88' lang='lat' dir='ltr'>ohannem</span> <span class='ocrx_word' id='word_1_193' title='bbox 742 3433 826 3499; x_wconf 90' lang='lat' dir='ltr'>filios</span> <span class='ocrx_word' id='word_1_194' title='bbox 841 3432 939 3499; x_wconf 91' lang='lat' dir='ltr'>Pauli</span> <span class='ocrx_word' id='word_1_195' title='bbox 954 3433 994 3499; x_wconf 93' lang='lat' dir='ltr'>de</span> <span class='ocrx_word' id='word_1_196' title='bbox 1010 3431 1109 3518; x_wconf 86' lang='lat' dir='ltr'>Ayha</span> <span class='ocrx_word' id='word_1_197' title='bbox 1133 3435 1168 3498; x_wconf 93' lang='lat' dir='ltr'>in</span> <span class='ocrx_word' id='word_1_198' title='bbox 1183 3433 1287 3498; x_wconf 88' lang='lat' dir='ltr'>nostri</span> <span class='ocrx_word' id='word_1_199' title='bbox 1303 3452 1432 3516; x_wconf 89' lang='lat' dir='ltr'>presen-</span> 
     </span>
     <span class='ocr_line' id='line_1_26' title="bbox 301 3537 1436 3626; baseline -0.001 -21"><span class='ocrx_word' id='word_1_200' title='bbox 301 3540 353 3605; x_wconf 88' lang='lat' dir='ltr'>cia</span> <span class='ocrx_word' id='word_1_201' title='bbox 384 3537 504 3605; x_wconf 87' lang='lat' dir='ltr'>habere</span> <span class='ocrx_word' id='word_1_202' title='bbox 535 3539 785 3625; x_wconf 86' lang='lat' dir='ltr'>dignoscebatur</span> <span class='ocrx_word' id='word_1_203' title='bbox 815 3564 913 3626; x_wconf 92' lang='lat' dir='ltr'>super</span> <span class='ocrx_word' id='word_1_204' title='bbox 951 3539 1038 3608; x_wconf 84' lang='lat' dir='ltr'>facto</span> <span class='ocrx_word' id='word_1_205' title='bbox 1065 3541 1275 3608; x_wconf 87' lang='lat' dir='ltr'>exhibicionis</span> <span class='ocrx_word' id='word_1_206' title='bbox 1300 3561 1436 3605; x_wconf 89' lang='lat' dir='ltr'>suorum</span> 
     </span>
     <span class='ocr_line' id='line_1_27' title="bbox 302 3646 1437 3737; baseline -0.002 -23"><span class='ocrx_word' id='word_1_207' title='bbox 302 3651 598 3734; x_wconf 88' lang='lat' dir='ltr'>instrumentorum,</span> <span class='ocrx_word' id='word_1_208' title='bbox 614 3649 832 3718; x_wconf 90' lang='lat' dir='ltr'>mediantibus</span> <span class='ocrx_word' id='word_1_209' title='bbox 849 3651 965 3737; x_wconf 93' lang='lat' dir='ltr'>quibus</span> <span class='ocrx_word' id='word_1_210' title='bbox 990 3652 1128 3736; x_wconf 86' lang='lat' dir='ltr'>predicti</span> <span class='ocrx_word' id='word_1_211' title='bbox 1153 3650 1309 3718; x_wconf 89' lang='lat' dir='ltr'>Nicolaus</span> <span class='ocrx_word' id='word_1_212' title='bbox 1325 3655 1357 3714; x_wconf 89' lang='lat' dir='ltr'>et</span> <span class='ocrx_word' id='word_1_213' title='bbox 1373 3646 1399 3713; x_wconf 92' lang='lat' dir='ltr'><strong>J</strong></span> <span class='ocrx_word' id='word_1_214' title='bbox 1399 3668 1437 3712; x_wconf 89' lang='lat' dir='ltr'>o·</span> 
     </span>
     <span class='ocr_line' id='line_1_28' title="bbox 301 3757 1436 3846; baseline -0.002 -24"><span class='ocrx_word' id='word_1_215' title='bbox 301 3757 425 3823; x_wconf 88' lang='lat' dir='ltr'>hannes</span> <span class='ocrx_word' id='word_1_216' title='bbox 441 3779 474 3824; x_wconf 84' lang='lat' dir='ltr'>se</span> <span class='ocrx_word' id='word_1_217' title='bbox 490 3765 683 3844; x_wconf 87' lang='lat' dir='ltr'>purgassent</span> <span class='ocrx_word' id='word_1_218' title='bbox 699 3767 902 3826; x_wconf 88' lang='lat' dir='ltr'>sacramento</span> <span class='ocrx_word' id='word_1_219' title='bbox 929 3767 962 3825; x_wconf 88' lang='lat' dir='ltr'>et</span> <span class='ocrx_word' id='word_1_220' title='bbox 978 3761 1169 3846; x_wconf 90' lang='lat' dir='ltr'>magistrum</span> <span class='ocrx_word' id='word_1_221' title='bbox 1185 3759 1382 3825; x_wconf 86' lang='lat' dir='ltr'>Leurentem</span> <span class='ocrx_word' id='word_1_222' title='bbox 1398 3757 1436 3820; x_wconf 90' lang='lat' dir='ltr'>in</span> 
     </span>
     <span class='ocr_line' id='line_1_29' title="bbox 301 3863 1434 3952; baseline 0.001 -23"><span class='ocrx_word' id='word_1_223' title='bbox 301 3863 365 3930; x_wconf 87' lang='lat' dir='ltr'>hac</span> <span class='ocrx_word' id='word_1_224' title='bbox 388 3871 481 3949; x_wconf 87' lang='lat' dir='ltr'>parte</span> <span class='ocrx_word' id='word_1_225' title='bbox 505 3867 680 3934; x_wconf 86' lang='lat' dir='ltr'>redderent</span> <span class='ocrx_word' id='word_1_226' title='bbox 705 3890 772 3934; x_wconf 88' lang='lat' dir='ltr'>esse</span> <span class='ocrx_word' id='word_1_227' title='bbox 797 3869 1073 3952; x_wconf 89' lang='lat' dir='ltr'>calumniatorem,</span> <span class='ocrx_word' id='word_1_228' title='bbox 1099 3866 1184 3934; x_wconf 91' lang='lat' dir='ltr'>unde</span> <span class='ocrx_word' id='word_1_229' title='bbox 1209 3866 1348 3952; x_wconf 86' lang='lat' dir='ltr'>predicti</span> <span class='ocrx_word' id='word_1_230' title='bbox 1373 3885 1434 3930; x_wconf 85' lang='lat' dir='ltr'>sna</span> 
     </span>
     <span class='ocr_line' id='line_1_30' title="bbox 302 3973 1435 4061; baseline -0.001 -23"><span class='ocrx_word' id='word_1_231' title='bbox 302 3973 520 4040; x_wconf 89' lang='lat' dir='ltr'>instrumenta</span> <span class='ocrx_word' id='word_1_232' title='bbox 536 3975 687 4041; x_wconf 86' lang='lat' dir='ltr'>exhibere</span> <span class='ocrx_word' id='word_1_233' title='bbox 704 3998 768 4042; x_wconf 92' lang='lat' dir='ltr'>non</span> <span class='ocrx_word' id='word_1_234' title='bbox 784 3983 959 4061; x_wconf 89' lang='lat' dir='ltr'>potuerunt</span> <span class='ocrx_word' id='word_1_235' title='bbox 989 3999 1095 4061; x_wconf 90' lang='lat' dir='ltr'>neque</span> <span class='ocrx_word' id='word_1_236' title='bbox 1112 3975 1314 4060; x_wconf 83' lang='lat' dir='ltr'>Stephanum</span> <span class='ocrx_word' id='word_1_237' title='bbox 1329 3973 1435 4039; x_wconf 91' lang='lat' dir='ltr'>filium</span> 
     </span>
     <span class='ocr_line' id='line_1_31' title="bbox 304 4079 1435 4170; baseline -0.002 -23"><span class='ocrx_word' id='word_1_238' title='bbox 304 4079 454 4148; x_wconf 89' lang='lat' dir='ltr'>Oduoros</span> <span class='ocrx_word' id='word_1_239' title='bbox 469 4082 628 4167; x_wconf 88' lang='lat' dir='ltr'>hospitem</span> <span class='ocrx_word' id='word_1_240' title='bbox 645 4085 830 4151; x_wconf 85' lang='lat' dir='ltr'>eorumdem</span> <span class='ocrx_word' id='word_1_241' title='bbox 846 4093 990 4152; x_wconf 88' lang='lat' dir='ltr'>statuere</span> <span class='ocrx_word' id='word_1_242' title='bbox 1014 4090 1199 4170; x_wconf 90' lang='lat' dir='ltr'>potuerunt,</span> <span class='ocrx_word' id='word_1_243' title='bbox 1210 4105 1268 4151; x_wconf 89' lang='lat' dir='ltr'>nos</span> <span class='ocrx_word' id='word_1_244' title='bbox 1285 4103 1359 4148; x_wconf 88' lang='lat' dir='ltr'>vero</span> <span class='ocrx_word' id='word_1_245' title='bbox 1377 4081 1435 4146; x_wconf 86' lang='lat' dir='ltr'>ad-</span> 
     </span>
     <span class='ocr_line' id='line_1_32' title="bbox 303 4189 1436 4279; baseline 0 -24"><span class='ocrx_word' id='word_1_246' title='bbox 303 4189 482 4258; x_wconf 88' lang='lat' dir='ltr'>iudicantes</span> <span class='ocrx_word' id='word_1_247' title='bbox 499 4192 697 4261; x_wconf 86' lang='lat' dir='ltr'>decrevimus</span> <span class='ocrx_word' id='word_1_248' title='bbox 714 4195 748 4260; x_wconf 96' lang='lat' dir='ltr'>in</span> <span class='ocrx_word' id='word_1_249' title='bbox 764 4196 850 4262; x_wconf 90' lang='lat' dir='ltr'>hunc</span> <span class='ocrx_word' id='word_1_250' title='bbox 865 4195 1005 4278; x_wconf 92' lang='lat' dir='ltr'>modum,</span> <span class='ocrx_word' id='word_1_251' title='bbox 1022 4194 1110 4279; x_wconf 92' lang='lat' dir='ltr'>quod</span> <span class='ocrx_word' id='word_1_252' title='bbox 1128 4193 1266 4277; x_wconf 87' lang='lat' dir='ltr'>predicti</span> <span class='ocrx_word' id='word_1_253' title='bbox 1275 4193 1309 4258; x_wconf 92' lang='lat' dir='ltr'>iu</span> <span class='ocrx_word' id='word_1_254' title='bbox 1319 4191 1436 4258; x_wconf 87' lang='lat' dir='ltr'>eadem</span> 
     </span>
     <span class='ocr_line' id='line_1_33' title="bbox 305 4298 1437 4388; baseline 0.002 -27"><span class='ocrx_word' id='word_1_255' title='bbox 305 4299 558 4367; x_wconf 88' lang='lat' dir='ltr'>calumniacione</span> <span class='ocrx_word' id='word_1_256' title='bbox 573 4307 787 4387; x_wconf 87' lang='lat' dir='ltr'>remanerent,</span> <span class='ocrx_word' id='word_1_257' title='bbox 802 4305 933 4388; x_wconf 89' lang='lat' dir='ltr'>insuper</span> <span class='ocrx_word' id='word_1_258' title='bbox 949 4303 1069 4368; x_wconf 90' lang='lat' dir='ltr'>eisdem</span> <span class='ocrx_word' id='word_1_259' title='bbox 1085 4301 1224 4368; x_wconf 87' lang='lat' dir='ltr'>Nicolao</span> <span class='ocrx_word' id='word_1_260' title='bbox 1244 4307 1277 4366; x_wconf 91' lang='lat' dir='ltr'>et</span> <span class='ocrx_word' id='word_1_261' title='bbox 1287 4298 1437 4366; x_wconf 86' lang='lat' dir='ltr'>Johanni</span> 
     </span>
     <span class='ocr_line' id='line_1_34' title="bbox 305 4407 1437 4496; baseline 0 -25"><span class='ocrx_word' id='word_1_262' title='bbox 305 4407 477 4490; x_wconf 89' lang='lat' dir='ltr'>sepedictis</span> <span class='ocrx_word' id='word_1_263' title='bbox 494 4411 641 4492; x_wconf 84' lang='lat' dir='ltr'>quintam</span> <span class='ocrx_word' id='word_1_264' title='bbox 657 4411 770 4476; x_wconf 86' lang='lat' dir='ltr'>feriam</span> <span class='ocrx_word' id='word_1_265' title='bbox 787 4419 862 4478; x_wconf 89' lang='lat' dir='ltr'>ante</span> <span class='ocrx_word' id='word_1_266' title='bbox 878 4411 1112 4478; x_wconf 87' lang='lat' dir='ltr'>Penthecostes</span> <span class='ocrx_word' id='word_1_267' title='bbox 1128 4431 1187 4496; x_wconf 92' lang='lat' dir='ltr'>pro</span> <span class='ocrx_word' id='word_1_268' title='bbox 1204 4409 1342 4474; x_wconf 73' lang='lat' dir='ltr'>teratino</span> <span class='ocrx_word' id='word_1_269' title='bbox 1358 4408 1437 4472; x_wconf 78' lang='lat' dir='ltr'>assi·</span> 
     </span>
     <span class='ocr_line' id='line_1_35' title="bbox 304 4515 1438 4602; baseline 0.004 -26"><span class='ocrx_word' id='word_1_270' title='bbox 304 4515 480 4598; x_wconf 88' lang='lat' dir='ltr'>gnavimus,</span> <span class='ocrx_word' id='word_1_271' title='bbox 496 4517 543 4580; x_wconf 91' lang='lat' dir='ltr'>ita</span> <span class='ocrx_word' id='word_1_272' title='bbox 559 4519 645 4601; x_wconf 90' lang='lat' dir='ltr'>qnod</span> <span class='ocrx_word' id='word_1_273' title='bbox 662 4540 734 4582; x_wconf 89' lang='lat' dir='ltr'>oum</span> <span class='ocrx_word' id='word_1_274' title='bbox 749 4520 809 4602; x_wconf 90' lang='lat' dir='ltr'>ipsi</span> <span class='ocrx_word' id='word_1_275' title='bbox 829 4519 933 4584; x_wconf 91' lang='lat' dir='ltr'>medio</span> <span class='ocrx_word' id='word_1_276' title='bbox 950 4527 1095 4602; x_wconf 90' lang='lat' dir='ltr'>tempore</span> <span class='ocrx_word' id='word_1_277' title='bbox 1111 4518 1202 4583; x_wconf 89' lang='lat' dir='ltr'>nobis</span> <span class='ocrx_word' id='word_1_278' title='bbox 1227 4523 1260 4581; x_wconf 89' lang='lat' dir='ltr'>et</span> <span class='ocrx_word' id='word_1_279' title='bbox 1276 4518 1438 4600; x_wconf 87' lang='lat' dir='ltr'>magistro</span> 
     </span>
     <span class='ocr_line' id='line_1_36' title="bbox 305 4618 1440 4712; baseline 0.007 -28"><span class='ocrx_word' id='word_1_280' title='bbox 305 4618 468 4686; x_wconf 87' lang='lat' dir='ltr'>Leurcnte</span> <span class='ocrx_word' id='word_1_281' title='bbox 485 4625 517 4690; x_wconf 94' lang='lat' dir='ltr'>in</span> <span class='ocrx_word' id='word_1_282' title='bbox 543 4626 668 4692; x_wconf 89' lang='lat' dir='ltr'>iudiciis</span> <span class='ocrx_word' id='word_1_283' title='bbox 692 4628 834 4710; x_wconf 90' lang='lat' dir='ltr'>ipsorum</span> <span class='ocrx_word' id='word_1_284' title='bbox 860 4627 1046 4694; x_wconf 84' lang='lat' dir='ltr'>satisfacere</span> <span class='ocrx_word' id='word_1_285' title='bbox 1070 4649 1135 4694; x_wconf 90' lang='lat' dir='ltr'>non</span> <span class='ocrx_word' id='word_1_286' title='bbox 1161 4631 1292 4712; x_wconf 89' lang='lat' dir='ltr'>possent</span> <span class='ocrx_word' id='word_1_287' title='bbox 1316 4632 1440 4692; x_wconf 84' lang='lat' dir='ltr'>extunc</span> 
     </span>
    </p>
   </div>
   <div class='ocr_carea' id='block_1_5' title="bbox 0 0 1602 5462">
    <p class='ocr_par' dir='ltr' id='par_1_5' title="bbox 0 0 1602 5462">
     <span class='ocr_line' id='line_1_37' title="bbox 0 0 1602 5462; baseline 0 0"><span class='ocrx_word' id='word_1_288' title='bbox 0 0 1602 5462; x_wconf 95' lang='lat' dir='ltr'> </span> 
     </span>
    </p>
   </div>
  </div>
 </body>
</html>
