3154 5474
443 555 446 564 ·
567 540 813 601 resource.
987 511 1005 542 ⁰
1198 539 1260 600 sor

131 720 273 785 crastino
289 719 363 785 festi
379 718 468 784 beati
484 715 509 782 J
511 717 604 784 acobi
620 718 759 803 apostoli
778 717 854 783 festi
864 716 1030 799 antedicti,
1043 737 1128 782 sonno
1139 715 1261 782 domini

130 825 186 891 Μ0
201 825 305 893 000ο
320 827 493 892 tricesimo.

236 973 259 1022 1.
273 935 377 1036 nata
390 969 539 1034 kri-sunau
554 975 631 1022 raso.
644 974 778 1037 augustus
792 971 860 1022 a-su
874 969 1044 1035 sarracenam
1058 971 1076 1020 1.
1090 969 1180 1022 asos.

619 1131 776 1142 ...-—-—.

662 1371 737 1435 434,

132 1518 228 1581 1330.
246 1539 319 1602 nup.
336 1516 365 1578 8.
381 1517 409 1579 I.
425 1513 553 1600 Kdroly
568 1515 680 1601 lrirdly
696 1537 717 1578 o
737 1515 841 1579 Danas
848 1515 901 1598 fio
917 1515 1022 1579 Dezsb'
1037 1517 1159 1580 carzere
1173 1518 1261 1581 szo'ld

131 1625 402 1711 odorndayleuelet
417 1623 571 1690 Pobodoa
588 1625 745 1689 tirtokrol
759 1624 835 1708 iales
846 1625 986 1690 alukboa
1002 1625 1108 1708 ‹r‘tr'rjo
1125 1627 1158 1688 ds
1177 1649 1260 1711 mep-

631 1735 752 1796 arrisit-i.

238 1893 386 1959 Karolus
402 1943 409 1958 .
426 1943 433 1958 .
450 1913 507 1958 rex
523 1942 530 1957 .
547 1941 554 1956 .
571 1893 896 1967 cunctorumnoticie
913 1942 919 1956 .
937 1941 944 1957 .
961 1892 1164 1960 declaramus
1175 1895 1262 1978 quod

133 2025 207 2068 oum
224 2001 334 2068 Deseu
348 2001 435 2068 filius
450 2001 594 2067 Dionisii
610 2002 684 2067 aule
701 2007 811 2067 nostre
826 2003 950 2067 iuvenis
968 2052 975 2067 .
992 2052 998 2067 .
1016 2003 1181 2086 quandam
1197 2009 1262 2068 ter-

129 2132 202 2176 ram
219 2133 276 2177 seu
292 2111 489 2196 particulam
504 2111 715 2194 possessionis
731 2133 795 2176 uno
822 2111 952 2176 nomine
967 2109 1086 2176 Nesioe
1112 2112 1176 2178 alio
1193 2114 1262 2197 qui-

131 2221 206 2286 dem
222 2219 384 2286 Pohoban
400 2223 549 2284 vocatam
565 2219 598 2282 in
616 2219 773 2284 comitatu
788 2216 948 2284 Nitriensi
959 2219 1105 2285 habitam
1116 2240 1261 2286 asserens

131 2351 206 2396 eam
221 2328 291 2394 fore
321 2328 462 2394 hominis
478 2329 545 2393 sine
560 2326 680 2392 herede
697 2327 882 2392 decedentis
908 2332 941 2394 et
966 2328 1012 2393 sic
1037 2333 1146 2394 nostre
1164 2329 1261 2394 colla-

130 2439 216 2505 oioni
232 2437 393 2521 pertinere
409 2458 469 2521 pro
485 2437 552 2502 suis
567 2436 742 2502 meritoriis
767 2436 931 2519 obsequiis
956 2459 976 2501 a
1001 2437 1094 2502 nobis
1111 2437 1173 2502 sibi
1190 2437 1261 2502 dari

130 2553 164 2612 et
180 2544 323 2612 conferri
355 2551 513 2630 perpetuo
544 2544 739 2628 postulasset
768 2564 891 2628 nosque
908 2593 915 2608 .
932 2595 939 2609 .
957 2544 1101 2627 capitulo
1127 2544 1261 2610 ecclesie

129 2654 312 2722 Nitriensis
337 2659 376 2719 ut
400 2653 461 2718 sub
486 2653 630 2737 ipsorum
656 2652 840 2718 testimonio
866 2651 1034 2736 Barrabas
1059 2652 1109 2717 vel
1127 2649 1262 2718 Iwanlra

129 2765 228 2830 homo
244 2770 356 2830 noster
372 2764 532 2850 prefatam
548 2771 670 2830 terram
687 2815 694 2831 .
710 2815 717 2830 .
734 2770 896 2831 statueret
911 2765 1058 2850 predicto
1068 2766 1178 2833 Deseu
1188 2789 1261 2852 per·

127 2879 230 2956 petuo
261 2873 489 2956 possidendam
507 2923 514 2939 .
532 2924 538 2939 .
555 2879 588 2940 et
612 2881 687 2959 post
710 2875 769 2940 hec
795 2875 900 2940 tocius
925 2875 1005 2941 facti
1034 2877 1148 2941 seriem
1169 2876 1261 2942 nobis

126 2982 347 3048 rescriberent
361 3003 420 3066 per
444 2989 573 3048 nostras
599 2983 728 3048 litteras
752 2983 1003 3065 mandassemus,
1020 2984 1153 3049 tandem
1168 2983 1255 3049 idem

127 3090 311 3175 capitulum
328 3141 335 3155 .
352 3141 358 3156 .
375 3090 468 3156 nobis
485 3091 742 3176 rescripserunt.
759 3142 765 3156 .
783 3090 818 3178 (l.
835 3091 968 3158 fontebb
985 3097 1060 3158 433.
1071 3115 1111 3159 sz.
1128 3091 1172 3177 a)
1182 3090 1254 3159 Nos

126 3198 287 3282 igiturex
318 3203 430 3262 tenore
460 3197 646 3263 litterarum
676 3199 930 3282 prescriptorum
962 3198 1042 3264 dicti
1075 3200 1210 3283 capituli
1227 3249 1258 3264 ..

127 3327 229 3390 super
253 3305 433 3370 statucione
464 3305 548 3370 dicte
572 3306 781 3390 possessionis
816 3306 919 3371 eidem
955 3305 1063 3372 Deseu
1095 3357 1101 3372 .
1134 3357 1141 3372 .
1174 3306 1263 3373 facta

126 3416 300 3482 informati
317 3414 527 3481 consideratis
543 3413 757 3481 fidelitatibus
774 3421 807 3482 et
822 3415 965 3482 fidelium
976 3417 1185 3483 serviciorum
1196 3437 1260 3481 me-

126 3524 206 3590 ritis
222 3524 340 3607 quibus
357 3523 449 3589 nobis
465 3523 551 3588 idem
579 3525 613 3588 in
630 3524 754 3589 cunctis
770 3525 890 3590 nostris
915 3529 949 3589 et
974 3526 1067 3608 regni
1091 3525 1193 3590 nostri
1208 3545 1262 3588 ne-

123 3632 232 3717 gociis
248 3633 410 3715 prosperis
436 3638 468 3696 et
484 3631 628 3696 adversis
638 3631 823 3714 specialiter
833 3633 866 3696 in
877 3633 1021 3698 exercitu
1038 3638 1150 3699 nostro
1161 3653 1258 3716 quem

125 3763 206 3808 cum
223 3746 294 3806 tota
325 3745 421 3822 gente
438 3746 550 3806 nostra
568 3744 682 3805 contra
698 3738 794 3806 duces
810 3737 947 3806 Austrie
974 3748 1006 3806 et
1032 3739 1131 3806 Stirie
1146 3741 1260 3806 habui-

122 3872 203 3916 mus
219 3849 279 3914 sub
296 3854 402 3914 castro
420 3855 452 3914 et
468 3849 600 3915 civitate
617 3846 757 3913 Marhelr
774 3853 807 3914 et
823 3849 904 3914 alias
929 3848 986 3914 ubi
1001 3849 1065 3915 fuit
1080 3870 1207 3914 necesse
1223 3851 1258 3914 in

121 3955 279 4045 partibus
294 3954 443 4022 Moravie
458 3955 584 4022 studuit
601 3957 801 4041 complacere
818 3962 900 4023 etse
916 3957 1052 4023 reddere
1068 3958 1257 4042 graciosum,

121 4087 270 4154 quarum
285 4071 437 4150 pretextu
454 4064 599 4149 quamvis
631 4063 760 4130 anobis
775 4065 879 4131 multo
895 4066 992 4150 plura
1018 4071 1197 4130 mereretur
1213 4071 1262 4130 ta·

120 4195 207 4242 men
221 4175 254 4239 in
271 4173 414 4258 aliquam
444 4173 779 4259 recompensacionem
805 4173 1034 4257 obsequiorum
1050 4173 1263 4239 laudabilium

120 4283 273 4351 eiusdem
289 4281 448 4366 prefatam
467 4287 611 4347 terram.
628 4330 634 4346 .
652 4280 757 4346 eidem
773 4281 882 4346 Deseu
909 4286 943 4347 et
957 4302 1017 4367 per
1033 4303 1106 4346 eum
1123 4281 1191 4347 suis
1206 4281 1260 4348 he-

120 4391 263 4459 redibus
279 4442 286 4456 .
304 4441 310 4456 .
329 4391 369 4455 de
385 4390 520 4455 consilio
536 4389 737 4475 prelatorum
754 4394 787 4455 et
802 4390 962 4456 baronum
977 4391 1069 4474 regni
1086 4391 1190 4456 nostri
1208 4390 1261 4456 de·

121 4502 237 4568 dimus
255 4550 261 4564 .
279 4549 286 4564 .
303 4499 372 4563 iure
389 4503 548 4582 perpetuo
564 4503 598 4562 et
613 4495 870 4564 irrevocabiliter
901 4495 1130 4581 possidendam
1147 4547 1154 4562 .
1170 4547 1177 4562 .
1194 4497 1263 4564 Da-

121 4617 200 4676 tum
217 4627 405 4692 parmenus
422 4605 554 4672 discreti
570 4605 631 4671 riri
648 4606 796 4691 magistri
806 4601 942 4672 Andree
953 4603 1110 4670 Albensis
1128 4606 1262 4672 ecclesie

120 4716 288 4808 prepositi
304 4715 378 4782 aule
395 4721 504 4784 nostre
530 4715 788 4784 vicecancellarii
820 4714 931 4782 dilecti
957 4718 990 4779 et
1014 4711 1119 4780 fidelis
1144 4716 1258 4798 nostri,
