3172 5462
552 395 646 456 1324.
663 412 731 457 oen.
751 397 806 457 31.

649 699 723 762 149.

112 864 207 926 1324.
244 863 412 948 Viaoprn'd,
438 873 494 926 oct.
521 864 573 926 26.
600 865 627 926 I.
649 861 775 948 Kdroly
800 863 911 948 biralli]
943 866 1144 930 Kisosezond
1169 877 1248 932 ricott

110 972 251 1057 Somogy
267 972 450 1056 τάν-11119110
466 970 602 1036 birtohot
620 969 706 1034 Imre
721 971 842 1054 fldnolc
862 973 1060 1038 Ldrt'acznek
1079 1012 1121 1022 -
1138 999 1159 1039 a
1176 977 1242 1040 Ko-

372 1079 531 1174 aizaapob
547 1079 659 1144 dedocet
676 1114 720 1124 —-
736 1081 984 1167 adomc'nyozzo.

212 1221 286 1288 Nos
302 1221 448 1287 Karolus
464 1271 471 1286 .
488 1272 495 1287 .
511 1243 568 1286 rex
584 1272 590 1286 .
607 1271 614 1287 .
631 1220 883 1304 significamus..
895 1220 997 1308 (quod
1014 1222 1242 1311 consideratis)

105 1328 323 1396 fidelitatibus
339 1337 372 1395 et
388 1327 610 1416 (serviciorum
625 1327 840 1418 multimodis)
857 1333 980 1396 meritis
991 1332 1139 1414 magistri
1155 1331 1242 1398 Lau-

105 1439 205 1502 reucii
217 1436 657 1504 filiiEme1·icifidelisn0stri
677 1435 913 1524 (quibusnobis
935 1441 969 1504 in
980 1440 1098 1504 nostris
1109 1443 1142 1504 et
1151 1441 1243 1522 regni

105 1543 226 1632 nostri)
252 1547 394 1630 negociis
420 1547 583 1630 prosperis
600 1552 632 1611 et
649 1545 791 1612 adversis
808 1569 872 1614 non
889 1545 1011 1630 absque
1028 1569 1151 1612 summe
1166 1546 1243 1612 fide·

105 1655 209 1718 htatis
228 1653 335 1720 studio
352 1661 384 1719 et
402 1653 521 1740 (votive
537 1655 765 1720 sollicitudinis
782 1655 956 1738 diligencia
973 1656 1092 1720 meruit
1103 1655 1243 1740 compla-

105 1761 191 1848 cere)
210 1769 244 1827 et
261 1764 422 1848 sentique
439 1763 574 1829 reddere
590 1765 782 1848 graciosum,
799 1765 944 1830 volentes
960 1764 1064 1830 eidem
1081 1765 1242 1848 aliquate-

105 1893 163 1934 nus
188 1870 299 1936 favore
324 1873 412 1954 regio
438 1871 640 1955 respondere,
665 1873 828 1958 quandam
853 1873 1084 1958 possessionem
1117 1870 1241 1958 (Kasa-

105 1977 194 2042 zwnd
220 1978 383 2064 vocatam)
409 2001 482 2045 oum
508 1981 657 2046 omnibus
674 1982 739 2046 suis
763 1982 963 2047 utilitatibus
980 1987 1012 2046 et
1031 1983 1242 2066 pertinenciis

106 2088 261 2153 universis
286 2088 320 2150 in
337 2087 494 2152 comitatu
519 2087 704 2172 Simigiensi
721 2091 912 2154 existentem
938 2091 1022 2154 siout
1038 2091 1128 2174 prius
1145 2091 1191 2155 sic
1208 2097 1240 2156 et

105 2219 189 2262 nuno
199 2194 273 2282 (per
282 2203 446 2280 presentes
457 2193 574 2281 eidem)
587 2198 782 2263 contulimus
799 2198 869 2262 iure
879 2203 1035 2282 perpetuo
1051 2197 1192 2262 eandem
1203 2198 1238 2262 in

105 2304 185 2368 filios
196 2303 339 2368 filiorum
349 2303 409 2368 sibi
421 2311 453 2368 et
463 2303 618 2369 heredum
630 2305 867 2370 successoribus
877 2305 1041 2390 possidere
1052 2306 1238 2389 relinquen-

107 2419 152 2475 tes
168 2461 175 2476 .
191 2461 199 2476 .
215 2411 340 2476 Datum
365 2411 399 2474 in
420 2409 603 2496 Wysegrad
628 2413 760 2479 infesto
786 2413 874 2478 beati
897 2413 1058 2479 Demetrii
1083 2412 1236 2496 martiris,

106 2541 188 2584 anno
205 2519 327 2584 domini
342 2518 397 2584 Μ0
412 2516 513 2584 0000
528 2519 620 2584 XX⁰
640 2527 766 2605 quarto.

210 2661 359 2726 Hatlapjan
373 2663 465 2726 pecsdt
477 2664 653 2730 nyomaiva13
666 2665 796 2730 credetije
810 2680 921 2730 nagyon
934 2665 1109 2729 megrongalt
1118 2663 1236 2728 dilapot·

105 2754 166 2812 ban,
180 2767 298 2816 megvan
311 2769 342 2802 az
355 2769 423 2804 orez.
446 2754 501 2803 ltar
524 2753 622 2806 kiuoot.
646 2759 711 2804 oszt.
732 2757 765 2806 N.
779 2757 811 2807 R.
825 2755 859 2804 A.
875 2761 916 2806 22.
933 2761 974 2805 71.
989 2756 1056 2820 dipl.
1070 2756 1141 2820 ltdr3
1156 2758 1234 2805 2261.

104 2839 273 2903 Kiegdszltve
287 2841 308 2890 1.
332 2842 436 2906 Karoly
459 2843 549 2906 kirtly
574 2849 650 2894 1:330.
674 2844 742 2893 febr.
767 2845 852 2894 aedui
867 2845 1023 2895 eitiratrtbbl.
1046 2844 1080 2894 U.
1094 2859 1119 2894 o.
1135 2847 1194 2894 953.
1209 2847 1233 2894 4.

105 2929 169 2993 dipl.
183 2930 252 2980 ltar:
268 2933 346 2981 2262.
361 2932 458 2982 Kozli:
473 2933 575 2983 Vineae
590 2933 691 2984 Gabor.

573 3074 782 3086 ι--ι-ι--

634 3209 705 3269 150.

108 3351 198 3414 1324.
222 3350 389 3434 l’ieeprrtd,
401 3362 456 3414 oct.
468 3353 520 3414 31.
533 3354 559 3416 I.
572 3353 697 3438 Kriroly
708 3353 819 3436 kirn'ly
834 3352 1094 3434 Bereczlrfidnuk
1110 3352 1232 3416 Joaos·

105 3457 168 3518 ank
183 3495 214 3505 -
234 3481 255 3520 a
266 3457 457 3543 Bdtborpale
470 3461 581 3523 claustrale
598 3496 642 3505 -
658 3484 673 3524 s
690 3460 759 3524 tdbb
776 3459 955 3522 nectsolcncd·
975 3459 1230 3544 neopheppelmez·

104 3564 174 3644 aare,
189 3589 227 3629 cz
253 3569 368 3652 orszrtp
384 3568 428 3654 fd
453 3568 485 3631 e‘e
511 3568 617 3632 casoto
643 3567 824 3652 btrdco'por't
842 3567 1231 3654 atositja,bopyfolettltk

299 3676 505 3741 serantinemr't
522 3676 694 3740 ddrte'lolek
711 3677 804 3739 arton
820 3701 857 3739 ne
872 3676 1030 3760 ite'ljraelc.

205 3813 352 3881 Karolus
368 3866 375 3881 .
392 3866 398 3880 .
416 3838 472 3881 rex
500 3815 650 3882 fidelibus
676 3817 742 3882 suis
767 3816 914 3900 palatino
939 3815 1038 3882 iudici
1066 3815 1154 3881 curie
1170 3837 1228 3879 sue

104 3923 269 3988 comitibus
285 3925 527 4008 parochialibus
545 3947 601 3991 seu
616 3925 869 4010 provincialibus
895 3925 1054 3990 iudicibus
1071 3923 1230 3990 nobilium

106 4031 318 4112 quorumlibet
343 4033 553 4100 comitatuum
579 4041 612 4100 et
637 4036 710 4100 aliis
742 4033 943 4118 quibuslibet
967 4035 1155 4100 iusticiariis
1181 4034 1231 4098 sui

105 4139 193 4220 regni
206 4161 290 4205 nunc
307 4147 339 4206 et
355 4163 415 4225 pro
432 4149 576 4226 tempore
594 4143 781 4209 oonst'tutis
799 4163 975 4225 eorumque
990 4144 1075 4207 vices
1092 4141 1231 4224 gerenti·

103 4244 159 4310 bos
176 4247 289 4328 quibus
304 4256 471 4334 presentes
483 4252 700 4317 ostenduntur
711 4251 849 4316 salutem
867 4255 899 4314 et
914 4251 1065 4332 graciam,
1083 4271 1155 4314 cum
1171 4269 1231 4314 nos

104 4353 246 4420 uniuersa
272 4356 391 4422 damna
415 4359 549 4424 iniurias
575 4365 608 4423 et
628 4365 896 4425 nocumentorum
916 4379 1033 4440 genera
1057 4377 1115 4440 per
1131 4357 1232 4439 magi-

104 4467 202 4526 strum
216 4463 402 4530 Johannem
426 4465 529 4531 filium
546 4465 647 4532 Bricii
679 4466 807 4531 fidelem
823 4471 972 4530 nostrum
987 4466 1067 4530 item
1084 4487 1142 4548 per
1159 4464 1231 4531 Ste-

104 4569 238 4655 phanum
255 4595 415 4662 magnum,
426 4573 562 4646 Petrum
577 4577 718 4647 Paulum
729 4582 763 4648 et
772 4575 885 4646 Pouch
896 4563 1019 4644 nobiles
1036 4573 1075 4641 de
1091 4573 1231 4662 Penche‚
