3132 5470
326 457 391 518 296
685 470 873 516 ,tusouuonr
891 457 1109 515 3333133333.

323 634 387 698 133
411 633 515 697 intrat
540 631 680 698 rivulum
705 629 926 714 Mcnuspotok
951 629 1073 696 dictum
1101 631 1253 714 venitque
1270 629 1449 715 adportent

323 740 557 806 occidentalem
572 761 631 824 per
646 760 801 823 magnum
826 740 972 824 spacium
989 737 1226 822 descendendo,
1243 745 1277 804 et
1308 743 1382 824 poet
1396 737 1452 803 hec

323 849 390 913 exit
428 847 468 912 dc
492 848 563 930 ipso
587 846 684 912 fluvio
711 845 932 930 Menuspctok
962 867 1073 911 versus
1104 851 1232 930 partem
1264 846 1450 911 meridiona-

323 957 388 1022 lem
414 955 617 1021 aseendendo
642 961 785 1021 montem
810 956 971 1020 vicinatur
995 955 1115 1020 iterato
1141 975 1214 1019 cum
1229 959 1321 1018 terre
1347 953 1449 1020 Delcn

325 1085 388 1146 que
404 1069 453 1128 est
470 1063 612 1128 eiusdem
628 1063 763 1129 voivodc
778 1063 985 1145 hereditoria,
1017 1061 1137 1128 abhinc
1152 1060 1299 1128 flectitur
1315 1061 1358 1128 ad
1374 1064 1451 1146 prio

324 1191 393 1236 rem
409 1169 654 1255 metamibiquc
680 1169 906 1237 distinooiones
932 1175 965 1234 et
982 1189 1096 1234 cursus
1121 1176 1281 1234 metarum
1298 1170 1452 1254 predicte·

325 1299 398 1342 rum
415 1283 575 1343 terrerum
593 1299 651 1343 seu
676 1279 915 1362 possessionum
940 1278 1167 1342 terminantur.
1200 1275 1327 1342 Datum
1343 1277 1452 1361 quinte

325 1385 409 1451 serio
425 1387 573 1470 proxima
589 1393 663 1470 post
686 1386 806 1452 festum
831 1386 1075 1470 Penthecostcs,
1101 1399 1186 1452 enno
1211 1385 1334 1451 domini
1350 1385 1452 1451 Milic·

330 1495 411 1559 simo
428 1492 529 1562 0000
544 1493 637 1559 XX⁰
652 1497 799 1580 septimo.

432 1641 454 1691 1.
467 1639 572 1706 Kinoly
586 1640 676 1706 kirtly
693 1645 768 1691 1327.
783 1645 851 1705 sept.
867 1639 1115 1703 3-13133333333133
1144 1639 1304 1702 3313333331,
1328 1641 1450 1704 metynek

327 1731 456 1794 credetije
469 1745 587 1797 megven
597 1747 629 1782 ez
648 1747 717 1782 orez.
739 1733 793 1782 1333
814 1731 913 1782 313333.
927 1735 994 1782 oszt.
1008 1731 1041 1781 N.
1055 1729 1088 1779 R.
1101 1729 1134 1780 A.
1149 1733 1210 1780 333.
1235 1735 1275 1781 15.
1303 1730 1371 1794 dipl.
1384 1728 1451 1781 lta'r:

330 1823 408 1868 24³4.
436 1821 534 1873 Kozli:
552 1821 655 1872 Vincze
675 1821 775 1870 (13333.

816 1981 973 1990 ..—

860 2147 934 2207 267.

330 2289 425 2352 1327.
437 2287 511 2372 jun.
528 2287 605 2351 5.A
631 2288 731 2352 hedai
755 2289 915 2376 kdptolon
942 2288 970 2352 I.
996 2289 1122 2374 Koiroly
1147 2289 1453 2377 kirdlynakjeleuti,

328 2397 410 2480 how
427 2393 771 2480 03133933311333333
788 2395 949 2482 Harkdny
960 2407 1041 2461 3333
1053 2397 1189 2482 31393άῶ
1198 2399 1384 2483 oa'rmoyyei
1393 2395 1452 2460 bir-

531 2503 667 2568 tokokba
690 2505 807 2569 Tomo's
825 2503 948 2588 crdclye'
963 2503 1077 2588 oajdu‘t
1094 2503 1257 2568 beiletotto.

438 2715 444 2728 .
462 2714 469 2730 .
485 2662 614 2730 Kerolo
630 2714 637 2730 .
654 2715 661 2729 .
678 2665 747 2748 regi
764 2715 771 2730 .
788 2715 795 2730 .
812 2664 993 2748 capitulum
1027 2663 1161 2730 ecclesie
1185 2665 1274 2731 beati
1300 2665 1394 2730 Petri
1418 2664 1453 2729 de

331 2771 429 2838 Buda
445 2772 559 2842 Veteri
577 2823 583 2838 .
600 2824 607 2838 .
624 2774 750 2839 litteras
775 2777 880 2838 vestre
904 2773 1087 2837 serenitatis
1112 2774 1268 2838 noveritis
1284 2795 1343 2840 nos
1374 2795 1452 2840 reee-

331 2883 414 2966 pisse
430 2881 517 2946 huno
533 2889 678 2947 tenorem
695 2883 913 2948 continentes:
943 2879 1148 2966 (3333333313
1164 2883 1191 2948 Ι.
1208 2882 1337 2968 Kitroly
1354 2885 1454 2967 kirtly

331 2990 487 3073 oklevcle,
502 2990 651 3073 melyben
667 3011 687 3055 3
703 2990 802 3056 budai
827 2990 1002 3073 3133331333
1016 2989 1151 3075 kikuldi,
1176 2991 1262 3076 hogy
1278 2989 1379 3058 Abafi
1395 2991 1453 3056 Ist-

329 3102 391 3164 von
407 3097 534 3182 sicimis,
551 3097 783 3164 Domokosnak
807 3095 951 3164 Abtnak
979 3101 1012 3162 33
1038 3097 1209 3165 33333333
1240 3101 1323 3165 mint
1353 3100 1453 3165 33313-

332 3205 459 3272 333333
475 3205 625 3289 Ztrigua,
640 3205 774 3271 Karous
790 3210 823 3272 33
838 3204 1000 3288 Harkyan
1017 3211 1099 3271 nevit
1122 3204 1260 3290 Nogrsd
1278 3210 1452 3293 vtrmegyei

329 3314 514 3383 birtokaibe
530 3313 649 3380 Tamis
666 3313 788 3397 erdclyi
803 3312 915 3398 vejdet
931 3314 1053 3380 iktossa
1070 3313 1108 3380 bc
1126 3341 1133 3395 ;
1149 3337 1186 3380 ez
1203 3316 1329 3382 oktevel
1353 3317 1450 3402 egytb

331 3421 525 3486 3333313333
550 3424 583 3485 es
608 3421 730 3486 licitere
756 3423 854 3486 nezve
878 3443 1051 3505 mcgegycn
1077 3445 1098 3486 3
1123 3422 1258 3490 fontebb
1286 3429 1358 3490 262.
1374 3447 1416 3492 sz.
1431 3447 1454 3488 3
1550 3509 1551 3514 ¹

331 3526 529 3614 foglalttel.)
557 3527 628 3594 Nos
660 3531 821 3614 itaque..
838 3551 911 3595 oum
942 3528 1089 3613 predicto
1120 3529 1260 3598 Nicoleo
1287 3533 1327 3600 de
1357 3531 1456 3600 Golsc

332 3637 462 3704 homine
477 3643 584 3702 vestro
601 3643 749 3702 nostrum
764 3637 932 3702 hominum
948 3636 1112 3704 ,Iacobum
1138 3638 1292 3706 videlieet
1308 3641 1456 3725 presbite-

331 3767 404 3812 rum
429 3745 551 3812 socium
576 3751 609 3811 ct
625 3746 878 3812 concanonicum
893 3752 1041 3812 nostrum
1066 3769 1125 3831 pro
1152 3749 1339 3816 testimonio
1355 3757 1455 3816 trans-
1549 3805 1550 3810 ,

331 3855 477 3919 misimus
494 3903 500 3918 .
517 3901 525 3918 .
543 3855 598 3937 qui
609 3853 737 3918 demum
762 3853 804 3918 cd
820 3875 878 3918 nos
894 3855 1014 3919 reversi
1031 3903 1038 3919 .
1055 3905 1061 3920 .
1078 3857 1264 3922 retulerunt
1275 3857 1453 3923 ntsebbato

332 3963 478 4046 proximo
494 3967 569 4046 post
583 3961 701 4028 festum
717 3957 928 4028 Ascensionis
945 3962 1068 4028 domini
1084 3964 1127 4029 ed
1143 3963 1244 4030 facies
1259 3965 1455 4050 prefatamm

332 4072 568 4155 possessionum
584 4069 722 4154 Ztrigue
746 4070 877 4136 Rarous
893 4075 925 4136 et
941 4068 1104 4156 Herkyen
1129 4096 1168 4140 eo
1184 4073 1226 4139 ad
1242 4073 1372 4140 easdem
1388 4094 1454 4158 per·
1548 4065 1549 4110 1

334 4181 510 4244 tinencium
525 4179 558 4243 in
574 4179 639 4244 iem
666 4178 754 4246 dicto
781 4180 939 4245 comitatu
965 4182 1176 4248 existencium
1202 4185 1412 4249 accessissent
1428 4232 1456 4246 ..

333 4286 591 4354 reambulessent
616 4287 745 4352 easdem
772 4293 805 4352 et
822 4338 827 4351 .
845 4337 853 4352 .
869 4290 1060 4356 statuissent
1084 4290 1211 4374 prefato
1240 4290 1364 4357 Thome
1396 4290 1456 4354 voi·
1547 4345 1548 4356 ,

334 4395 414 4462 uode
431 4395 643 4461 Transilvano
660 4401 693 4460 et
709 4397 818 4462 comiti
834 4395 874 4460 de
891 4395 1010 4463 Ζ3333
1026 4449 1033 4464 .
1050 4450 1057 4465 .
1074 4421 1213 4483 quarum
1239 4400 1368 4483 quidem
1397 4403 1457 4462 ter·

334 4523 444 4568 rarum
459 4509 543 4568 mete
560 4525 617 4568 333
632 4503 857 4570 distinociones
867 4503 1001 4572 inferius
1017 4506 1242 4574 declarentur:
1259 4509 1362 4592 prime
1373 4515 1455 4572 mets

337 4619 422 4675 terre
439 4611 578 4694 Ztrigue
593 4613 708 4696 incipit
725 4635 744 4678 3
760 4617 855 4697 parte
871 4613 1063 4682 occident-eli
1089 4615 1129 4682 dc
1152 4615 1248 4682 fluuio
1274 4615 1413 4700 Ztrigne
1427 4621 1457 4680 et
1546 4635 1547 4642 ¹
