3152 5472
701 513 890 564 nusoouom
914 503 1132 564 6661166616.

887 898 961 964 524,

357 1065 454 1126 1332.
478 1062 793 1148 Viseyred,j2d.13.
814 1062 879 1126 Pel
895 1061 1083 1147 orszdpbiro'
1101 1086 1123 1126 a
1149 1064 1378 1148 marpimzipeti
1399 1065 1464 1146 apd·

357 1173 436 1236 czdk
453 1169 573 1258 Symop
590 1182 671 1238 nevil
697 1171 892 1237 birtolsduck
917 1171 1051 1235 batdro't
1067 1194 1105 1234 az
1123 1173 1311 1256 eaztergomi
1327 1171 1464 1256 bciptuluu

701 1281 783 1345 dltal
798 1279 997 1366 mepjuratni
1015 1279 1148 1346 rendeli.

462 1438 533 1507 Nos
559 1461 666 1508 comes
682 1439 805 1508 Paulus
831 1438 928 1506 iudex
945 1440 1033 1506 curie
1059 1489 1066 1504 .
1092 1439 1231 1506 ‚damus
1246 1461 1304 1525 pro
1324 1441 1465 1523 ruemorie,

351 1549 445 1634 quod
475 1571 549 1616 cum
579 1572 638 1616 nos
668 1549 702 1615 in
740 1549 822 1615 festo
852 1548 946 1614 beate
971 1547 1160 1630 Margarete
1190 1548 1323 1632 virginis
1347 1568 1464 1613 unacum

355 1659 495 1726 discreto
511 1659 580 1726 viro
596 1660 751 1744 magistro
768 1659 978 1726 Thatamerio
994 1658 1157 1742 preposito
1183 1656 1315 1724 ecclesie
1331 1652 1463 1722 Albensis

356 1768 430 1834 aule
463 1768 551 1854 regie
575 1765 848 1848 vicecancellario,
873 1765 1042 1832 Demetrio
1067 1766 1225 1849 magistro
1251 1767 1464 1832 tavamicoruu

359 1875 537 1962 regalium,
570 1876 696 1944 Thema
729 1873 883 1962 woyvoda
913 1874 1153 1958 Transsilvano,
1184 1874 1345 1958 magistris
1374 1873 1465 1938 Doseu

358 1985 473 2051 comite
498 1983 537 2050 de
553 1981 660 2068 Bereg
676 1990 709 2050 et
725 1983 852 2050 Thema
868 1983 935 2050 filio
952 1983 1044 2050 Petri
1070 1983 1245 2050 castellano
1263 1982 1302 2049 de
1330 1981 1465 2049 Oholmlsu

359 2101 393 2161 et
419 2095 490 2160 aliis
515 2093 761 2179 quampluribus
781 2093 957 2160 baronibus
985 2099 1017 2158 et
1041 2091 1205 2159 nobilibus
1231 2094 1322 2178 regui
1345 2090 1466 2158 tribunal

359 2201 512 2268 iudiciale
532 2203 714 2270 sederemus
742 2207 774 2269 et
799 2222 911 2270 causas
937 2201 1155 2287 quorumlibet
1178 2201 1376 2286 litigandum
1398 2201 1466 2264 iusto

360 2310 606 2377 deliberacionis
623 2310 843 2378 moderamine
863 2312 1068 2396 partiremur,
1085 2310 1325 2394 prenominatus
1340 2309 1465 2375 dominus

362 2417 589 2485 Thatamerius
620 2419 805 2504 prepositus
830 2416 1000 2485 demedio
1025 2419 1127 2484 nostri
1153 2439 1346 2502 consurgens
1374 2423 1466 2482 contra

360 2526 519 2594 Thomam
542 2533 575 2593 et
599 2525 739 2594 Paulum
764 2527 848 2594 filios
873 2526 993 2593 Jacobi
1016 2548 1055 2592 ae
1080 2525 1185 2592 Peleu
1212 2525 1344 2592 Taruuk
1367 2525 1467 2590 dictum

360 2635 574 2722 personaliter
605 2655 714 2702 coram
743 2635 837 2701 nobis
862 2639 1005 2701 astantes
1040 2634 1124 2700 dixit
1154 2633 1361 2720 proponendo
1397 2629 1468 2715 quod

361 2743 459 2809 iidem
477 2742 619 2810 Thomas
636 2742 761 2809 Paulus
777 2748 811 2809 et
827 2742 933 2808 Peteu
952 2741 1352 2826 quandampossessionem
1362 2741 1468 2823 religio·

361 2873 471 2916 sarum
480 2849 683 2917 dominarum
695 2850 988 2917 sanctimonialium
1004 2851 1044 2916 de
1060 2850 1174 2917 Insula
1189 2851 1354 2937 Leporum
1368 2848 1467 2933 Symog
1540 2921 1541 2938 ,

360 2966 506 3025 vocatam
531 2959 566 3026 in
591 2959 745 3025 comitatu
764 2958 978 3043 Strigoniensi
1003 2959 1191 3025 existentem
1217 2957 1404 3044 proteccioni
1424 2976 1468 3020 sue
1540 2945 1541 2968 ¹

360 3067 562 3134 commissam
588 3069 825 3134 aserenissima
841 3068 971 3134 domina
986 3075 1098 3134 nostra
1114 3067 1312 3154 Elysabetb.
1327 3067 1468 3150 megine..

359 3199 419 3262 pro
435 3175 584 3243 fidelibus
601 3197 711 3243 eorum
731 3177 873 3243 serviciis
884 3177 929 3242 eis
940 3176 1011 3242 dari
1020 3182 1054 3244 et
1065 3181 1221 3261 perpetuo
1233 3177 1369 3244 conferri
1378 3181 1467 3260 postu·

361 3285 493 3368 lassent,
524 3307 620 3369 super
651 3307 714 3370 qua
739 3286 848 3352 eedem
874 3287 1134 3352 sanctimoniales
1165 3285 1309 3352 efficacia
1337 3284 1468 3351 haberent
1539 3307 1540 3370 p

363 3394 596 3476 instrumenta,
614 3415 678 3478 quo
695 3393 807 3460 audito
823 3394 919 3459 iidem
937 3393 1079 3460 Thomas
1095 3393 1219 3460 Paulus
1238 3401 1271 3460 61
1295 3393 1392 3459 Ρ6166
1414 3392 1469 3474 ipsu

366 3501 582 3567 instrumenta
599 3523 737 3584 quorum
752 3502 863 3585 vigore
879 3501 968 3567 dicta
983 3503 1141 3586 possessio
1168 3501 1289 3588 Symog
1313 3505 1416 3567 vocata
1436 3495 1467 3562 ad

362 3609 511 3695 prefatas
538 3610 799 3676 sanctimoniales
814 3611 978 3694 pertineat
1001 3632 1059 3696 per
1076 3610 1212 3677 eundem
1232 3611 1390 3677 dominum
1413 3627 1468 3693 pre-

363 3719 504 3802 positum
526 3719 735 3803 postularunt
766 3719 909 3784 exhiberi
941 3725 973 3784 et
1003 3719 1123 3785 ibidem
1153 3719 1187 3784 in
1217 3725 1376 3786 momento
1402 3715 1468 3781 iden

366 3827 514 3893 dominus
530 3827 712 3912 prepositus
729 3827 891 3911 quoddam
906 3828 1112 3913 privilegium
1138 3829 1340 3894 serenissime
1364 3823 1467 3893 dominc

365 3934 512 4004 Isabella
527 3935 690 4020 quondam
706 3937 817 4020 regine
832 3933 1006 4020 Hungarie
1032 3937 1118 4003 clare
1143 3936 1298 4002 memorie
1319 3935 1403 4002 nobis
1415 3949 1468 4015 pre·

366 4045 514 4127 scotavit,
539 4045 629 4109 cuius
656 4046 752 4110 series
778 4043 913 4111 eandem
938 4043 1101 4110 dominam
1126 4043 1303 4110 Isabellam
1335 4039 1468 4128 quondam

365 4152 512 4235 reginam
536 4151 708 4238 Hungarie
741 4153 898 4237 quasdam
923 4153 1004 4220 duas
1028 4153 1244 4238 possessiones
1271 4151 1423 4219 Sumudur
1445 4151 1467 4208 61

364 4259 476 4344 Simog
497 4265 626 4326 vocatas
642 4260 676 4326 in
693 4262 850 4327 comitatu
875 4261 1091 4348 strigoniensi
1117 4262 1291 4328 existentes
1316 4261 1373 4328 sub
1396 4253 1469 4322 cerlis

365 4369 459 4434 metis
476 4374 508 4432 et
522 4367 681 4463 limitibtp
697 4370 731 4434 in
759 4368 870 4436 eodem
894 4370 1064 4456 privilegio
1091 4369 1252 4436 contentis
1278 4371 1469 4455 sequestratas

366 4479 399 4541 61
415 4475 585 4542 distinctas
600 4478 836 4560 prenominatis
851 4477 1010 4561 religiosis
1030 4477 1222 4544 dominabus
1249 4469 1468 4544 sanctimoniali·
1536 4465 1537 4500 ³

365 4581 426 4648 bus
442 4583 482 4648 de
496 4581 610 4648 Insula
625 4582 790 4669 Leporum
806 4587 840 4652 in
856 4592 1044 4672 perpetuam
1072 4585 1280 4652 elemosinam
1302 4586 1468 4652 dedisse...

369 4691 560 4776 explicabat,
576 4691 661 4758 unde
676 4694 755 4777 quie
779 4695 818 4760 de
838 4715 874 4762 eo
891 4701 928 4761 ut
945 4699 1100 4780 quantam
1116 4699 1238 4760 terram
1255 4715 1312 4761 seu
1326 4688 1468 4780 possessio
