3172 5462
651 429 839 474 srr‘ouuour
855 415 1071 474 ounlurrlin.

834 809 905 870 137.

304 973 399 1036 1324.
415 993 487 1055 unp.
513 974 562 1035 11.
591 975 619 1036 Ι.
646 971 773 1055 Krirolp
797 970 908 1054 kirrily
933 995 954 1034 o
980 969 1133 1054 lea-olyrac
1156 970 1261 1054 aydlri·
1280 969 1432 1032 birtolco‘a

302 1082 450 1166 Pozsoup
465 1079 701 1165 vcirmcppe'beu,
718 1105 738 1144 o
753 1081 895 1164 poercbci
910 1081 1018 1142 octorot
1040 1077 1159 1141 Tomos
1175 1077 1302 1164 er’do'lyi
1316 1077 1431 1162 orrjdci-

702 1189 768 1252 aolc
785 1187 1032 1272 odorariopozzo.

411 1350 558 1416 Karolus
575 1399 581 1414 .
599 1398 605 1413 .
621 1371 678 1413 rex
694 1399 701 1414 .
718 1398 725 1412 .
742 1349 784 1413 ad
800 1349 1020 1412 universorum
1046 1349 1199 1413 noticiam
1215 1346 1334 1412 harum
1350 1347 1432 1411 serie

303 1459 450 1524 volumus
474 1457 648 1541 pervenire,
684 1456 872 1539 quodlicet
897 1454 1071 1520 fidelitates
1102 1463 1135 1520 ot
1165 1461 1259 1520 actus
1284 1455 1431 1519 strennui

298 1563 462 1649 magnifici
497 1565 557 1628 siri
592 1562 715 1628 Tlrome
741 1561 901 1646 wayuade
927 1561 1149 1628 Transsilvani
1174 1569 1207 1626 et
1238 1563 1366 1628 comitis
1391 1562 1432 1626 de

297 1672 416 1737 Zonuk
432 1671 544 1736 dilecti
560 1676 592 1734 et
608 1669 712 1734 fidelis
728 1669 831 1734 nostri
848 1671 913 1734 sint
928 1671 1048 1735 notorii
1063 1691 1123 1734 nec
1139 1670 1252 1754 aliqua
1277 1671 1431 1752 tergiver-

297 1781 424 1845 sacione
441 1779 540 1844 celari
555 1779 688 1861 possint,
706 1779 783 1860 quia
800 1783 909 1842 tamen
929 1778 1115 1844 labentibus
1130 1784 1316 1861 temporum
1331 1778 1433 1842 curri·

298 1888 379 1954 culis
404 1907 455 1950 res
480 1891 569 1969 geste
593 1886 804 1951 laudabiliter
830 1887 890 1950 nisi
915 1886 1052 1951 litterali
1079 1883 1093 1970 (
1095 1937 1221 1951 ......
1223 1885 1236 1970 )
1263 1887 1433 1951 oblivionis

298 1997 436 2078 caligine
453 1995 558 2060 solent
574 1991 733 2076 offuscari,
754 1994 892 2076 quedam
918 1993 958 2058 de
973 1993 1170 2058 fidelitatum
1187 1995 1362 2060 meritoriis
1377 1995 1433 2060 ob-

298 2103 416 2184 sequiis
442 2101 583 2165 eiusdem
609 2123 648 2165 ne
673 2102 860 2166 memoriam
885 2121 1118 2184 usquequaque
1144 2099 1303 2185 effugiant
1327 2108 1434 2185 poste·

298 2231 407 2274 rorum
423 2210 626 2292 presentibus
641 2209 788 2275 volumus
799 2209 960 2292 explicare
976 2231 1052 2273 nam
1067 2209 1431 2276 bumansinbeoilitatis

300 2318 389 2381 racio
405 2316 600 2382 informatur
615 2317 657 2380 ab
674 2339 690 2380 e
708 2313 730 2401 (.
747 2367 754 2381 .
772 2367 778 2380 .
795 2313 816 2400 .)
835 2316 912 2380 dum
937 2339 1011 2381 cera
1035 2319 1244 2400 impressione
1261 2321 1379 2402 recipit
1394 2341 1435 2383 ex

299 2425 501 2509 sigi110‚cum
518 2426 602 2490 enim
619 2432 656 2490 ut
671 2424 746 2489 inde
763 2425 968 2490 exordiamur
985 2448 1022 2492 eo
1038 2427 1166 2491 volente
1183 2429 1275 2492 cuius
1286 2433 1335 2493 est
1344 2435 1436 2492 terra

300 2540 333 2599 et
355 2534 523 2618 plenitudo
541 2536 608 2600 eius
624 2535 667 2599 ad
682 2537 918 2600 serenissimum
939 2536 1066 2601 eulmen
1082 2538 1246 2620 regiminis
1262 2537 1437 2622 hungarici

300 2663 364 2725 quo
390 2643 502 2707 ordine
527 2644 674 2726 geniture
700 2665 736 2708 eo
762 2645 832 2708 iure
859 2645 1055 2708 successorio
1081 2645 1173 2709 nobis
1190 2642 1212 2729 (.
1229 2695 1235 2709 .
1252 2695 1259 2708 .
1276 2643 1299 2730 .)
1316 2645 1436 2729 guber-

298 2749 451 2832 nandum,
476 2751 562 2815 idem
587 2750 729 2816 Thomas
745 2751 906 2836 wayuada
922 2757 1000 2817 tnnc
1022 2753 1056 2815 in
1081 2752 1258 2817 minoribus
1275 2760 1308 2817 et
1324 2754 1437 2818 iuven-

299 2858 380 2922 tutis
396 2880 452 2922 sue
467 2857 652 2942 fragrancia
668 2861 865 2925 constitutus
885 2881 959 2924 mox
975 2860 1068 2926 nobis
1084 2860 1243 2925 adherens
1263 2883 1437 2946 quousque

299 2967 382 3032 vires
398 2989 453 3032 seu
469 2967 604 3033 funiculi
619 2976 729 3034 nostre
745 2970 892 3052 potencie
908 2991 966 3052 per
982 2969 1121 3052 amplius
1132 2966 1290 3034 etdiliuse
1301 2969 1438 3034 dilatati

300 3081 483 3140 sumserunt
509 3071 531 3158 (.
548 3126 555 3140 .
573 3126 579 3140 .
596 3074 618 3161 .)
644 3077 768 3160 rogalia
798 3099 856 3160 per
880 3076 1026 3141 infideles
1051 3083 1178 3142 nostros
1203 3099 1316 3141 revera
1341 3079 1437 3161 regni

299 3183 396 3248 huius
412 3185 547 3249 malleos
563 3184 751 3266 pestilentes
778 3206 915 3268 quorum
940 3185 1140 3267 temporibus
1165 3185 1271 3267 ipsum
1296 3207 1437 3268 regnum

299 3291 377 3356 licet
393 3291 522 3356 domina
548 3293 697 3375 gencium
722 3293 872 3358 ancillari
888 3292 1034 3358 subiecta
1058 3293 1207 3357 servituti
1230 3291 1327 3356 bellis
1351 3293 1437 3356 inte-

299 3399 392 3462 stinis
408 3405 440 3463 et
456 3399 591 3464 discidio
607 3401 750 3483 generali
765 3400 963 3465 turbabatur
979 3401 1110 3466 omnino
1126 3401 1306 3483 reintegrat
1323 3397 1345 3484 (.
1362 3449 1369 3464 .
1386 3449 1393 3463 .
1410 3398 1436 3484 .)

301 3507 449 3571 manibus
465 3509 584 3572 nost1is
601 3510 779 3573 ext'terunt
797 3509 971 3592 assignata,
997 3509 1090 3574 nobis
1115 3506 1226 3572 fideles
1251 3506 1437 3573 famulatus

299 3637 425 3698 sempor
441 3616 621 3682 exhibendo
637 3617 700 3681 fido
717 3625 750 3682 et
764 3619 881 3683 merito
900 3619 986 3682 inter
1011 3618 1161 3682 emeritos
1176 3617 1351 3682 iustissime
1366 3637 1435 3680 me·

300 3727 367 3790 ruit
384 3725 572 3807 conputari;
599 3746 725 3788 rursum
743 3747 816 3789 cum
832 3725 988 3789 Mattheus
1002 3724 1044 3789 'de
1061 3723 1250 3790 Trinohinio
1279 3723 1436 3789 damnate

299 3834 453 3898 memorie
469 3833 633 3915 quondam
650 3838 669 3912 (.
686 3883 693 3898 .
710 3883 717 3898 .
734 3832 756 3919 .)
772 3834 805 3898 ni
826 3835 929 3900 nostri
954 3833 1054 3916 predo
1079 3833 1233 3916 pestilens
1258 3839 1292 3897 et
1316 3853 1435 3898 avarus

301 3947 433 4008 exactor
458 3943 514 4026 qui
545 3963 675 4008 suorum
701 3943 894 4026 complicum
920 3943 1084 4008 maiestati
1114 3946 1224 4008 nostre
1254 3940 1436 4006 damnabili

300 4159 356 4208 esai
370 4157 516 4208 trsokthez
529 4159 613 4224 pedig
627 4161 705 4210 »aule
718 4167 812 4211 nostre
835 4162 1024 4223 cancellario«
1049 4176 1066 4210 s
1080 4159 1194 4210 szertmi
1206 4160 1316 4223 plispdk
1328 4159 1374 4222 lgy
1387 4173 1437 4208 ne·

301 4249 439 4298 veztetik:
460 4249 595 4313 ›Georgio
609 4250 641 4300 de
655 4247 757 4300 Sancto
769 4251 887 4316 11·ine0,«
902 4267 919 4301 a
932 4251 1067 4302 nidornal
1083 4265 1100 4299 a
1113 4249 1231 4299 »connis
1243 4249 1432 4299 bissenorum«

301 4339 371 4389 czim
384 4339 520 4388 elmarsdt
531 4355 538 4403 ;
551 4338 683 4403 Lampert
696 4341 856 4406 orszagbiro
870 4341 897 4391 ts
909 4341 999 4392 Dones
1010 4339 1138 4405 stellogb
1152 4343 1252 4389 mester
1265 4353 1329 4389 nem
1341 4339 1435 4388 emita

301 4428 403 4492 totnek3
418 4428 522 4492 Mykch
535 4428 675 4493 kirtlyudi
689 4429 787 4481 trimols
802 4431 939 4481 czlmehez
952 4430 1135 4482 hozzaadatik
1150 4429 1268 4479 ›comit-e
1278 4431 1312 4480 de
1325 4429 1433 4480 Zemliu

302 4524 329 4566 et
341 4517 375 4566 de
388 4517 496 4578 Sarum<
511 4518 600 4568 Dezsd
614 4520 841 4585 orsztgblrothoz
856 4521 974 4572 :comite
986 4521 1020 4571 de
1033 4520 1165 4582 Zmint«
1188 4520 1287 4572 Baiias
1299 4519 1433 4570 folovasr·

303 4611 402 4661 mester
414 4608 551 4667 cztmthez
565 4609 751 4667 hozzatetetik
767 4611 884 4668 »comite
896 4612 1060 4668 Hortensi«
