3112 5466
523 472 617 533 1326.
634 487 722 532 surr.
741 471 769 532 8.

615 867 688 929 234.

92 1031 181 1094 1326.
208 1028 325 1110 Kdrb's,
349 1037 424 1112 sept.
440 1028 470 1090 8.
496 1027 608 1091 Mikra
642 1029 816 1114 totorsza'ge'
853 1028 915 1092 dcta
946 1027 1106 1092 Emeulct
1132 1038 1211 1093 rrevll
1237 1044 1241 1052 “

285 1137 421 1200 birlokot
438 1136 571 1200 bivdaelc
590 1135 750 1200 Materiali
766 1136 1014 1220 adomdayozza.

932 1235 962 1278 re

193 1296 318 1382 Mykch
333 1297 437 1362 banus
453 1295 557 1362 tocius
574 1294 744 1363 Sclavenie
761 1345 768 1361 .
785 1345 792 1361 .
809 1295 851 1362 ad
871 1295 1095 1362 universorum
1110 1345 1118 1360 .
1135 1346 1142 1361 .
1158 1317 1215 1361 no-

91 1407 197 1472 ticiam
222 1405 340 1471 harum
365 1405 446 1470 serie
472 1405 618 1470 volumus
647 1405 824 1488 pervenire,
850 1403 937 1487 quod
954 1405 1032 1487 quia
1057 1402 1212 1469 Matlreus

91 1513 318 1580 filiusMathei
333 1511 524 1578 fidelitatem
540 1513 756 1578 fidelitatibus
771 1513 977 1578 accumulare
1002 1513 1134 1596 cupiens
1150 1511 1215 1576 serss

93 1622 168 1687 vicia
195 1623 341 1705 gratuito
365 1623 399 1687 in
424 1621 558 1686 diversis
583 1621 702 1686 nostris
727 1621 863 1704 agendis
894 1627 927 1686 et
953 1621 1215 1704 expedicionibus

92 1749 156 1795 cnm
181 1729 309 1796 fervore
333 1729 501 1796 fidelitatis
517 1729 610 1795 nobis
636 1731 762 1794 curavit
787 1727 939 1796 exhibere
964 1730 1116 1814 precipue
1139 1729 1217 1793 dum

93 1859 143 1920 pro
179 1839 383 1904 exaltacione
418 1859 509 1903 sacre
534 1859 652 1904 corone
677 1839 765 1922 regie
790 1843 824 1903 et
856 1839 1054 1904 incremento
1084 1837 1217 1903 honoris

94 1946 173 2028 regie
190 1945 372 2011 maiestatis
396 1967 456 2030 pro
471 1945 700 2030 recuperandis
716 1946 840 2012 iuribus
857 1942 1033 2030 ”regalibus
1057 1947 1092 2011 in
1117 1943 1217 2010 Oroa-

93 2053 166 2118 ciam
183 2076 285 2119 manu
300 2061 428 2119 armata
442 2055 566 2119 intrare
581 2055 792 2120 voluissemus
809 2059 842 2119 et
856 2052 916 2118 filii
931 2053 1072 2119 Kuriaci
1091 2054 1217 2119 seilicet

94 2159 266 2228 Budizlans
289 2161 415 2228 Paulus
440 2169 473 2228 et
503 2159 683 2246 Gregorius
714 2183 773 2228 nec
807 2184 873 2227 non
898 2160 1094 2247 Nelepecius
1119 2183 1217 2246 gener·

94 2289 198 2335 eorum
231 2271 352 2336 notorii
381 2269 526 2336 infideles
558 2277 591 2336 et
621 2271 719 2336 emuli
750 2272 838 2355 regie
869 2271 1050 2336 maiestatis
1081 2270 1217 2335 collecto

95 2379 231 2444 exercitu
247 2379 415 2444 nobiscum
430 2379 569 2464 prelium
584 2378 735 2444 habendo
761 2400 819 2444 nos
835 2378 1011 2444 crudeliter
1027 2378 1218 2459 devicissent

93 2485 171 2551 idern
188 2485 345 2552 Mathens
361 2494 471 2553 nostro
492 2487 589 2552 lateri
614 2487 773 2553 adherens
799 2493 867 2553 tarn
893 2488 1029 2553 viriliter
1054 2485 1218 2551 dimicarit

95 2593 174 2676 qnod
189 2615 249 2661 nos
266 2594 306 2659 de
323 2617 424 2661 cuneo
440 2595 553 2661 hostili
568 2596 697 2662 illesum
713 2596 901 2661 extraduxit
926 2603 960 2661 et
975 2598 1021 2661 sic
1041 2617 1156 2660 manus
1172 2595 1218 2658 in·

93 2703 229 2766 rasimus
244 2707 429 2768 nostrornm
445 2705 667 2785 inimicorum;
682 2705 782 2788 igitur
802 2726 860 2789 pro
886 2703 1072 2770 huiusmodi
1091 2703 1218 2768 servici-

93 2829 180 2874 orum
212 2831 345 2876 suorum
376 2812 500 2876 meritis
531 2813 675 2877 volentes
713 2813 774 2877 sibi
804 2814 914 2896 aliquo
945 2811 1219 2878 remuneracionis

93 2918 213 2998 premio
244 2918 375 2984 obviare
407 2919 570 3002 quandam
611 2919 843 3004 possessionem
875 2921 1029 2986 Erneueh
1068 2925 1217 2986 vocatam

90 3025 174 3090 inter
190 3033 294 3092 metas
310 3027 513 3111 Koproncha
530 3035 562 3093 et
577 3029 716 3114 Ryucha
741 3030 931 3096 existentem
957 3007 1016 3095 sub
1041 3030 1136 3094 metis
1152 3029 1218 3093 suis

91 3133 251 3214 prioribus
280 3141 314 3201 et
344 3137 489 3220 antiquis
520 3159 540 3201 a
570 3137 735 3220 magistris
761 3137 914 3203 Johanne
945 3143 978 3202 et
1009 3137 1109 3203 Petro
1143 3135 1219 3202 filiis

90 3239 434 3309 Herricinotoriorum
449 3243 629 3310 infidelium
641 3252 674 3310 et
683 3246 862 3312 emulorum
872 3247 960 3330 regie
975 3246 1153 3311 maiestatis
1169 3265 1220 3308 ra-

90 3349 181 3416 cione
206 3351 412 3417 infidelitatis
438 3374 548 3417 eorum
573 3354 607 3418 in
636 3359 765 3420 nostras
795 3376 910 3419 manus
937 3353 1122 3420 devolutam
1147 3374 1221 3418 curn

89 3459 242 3524 omnibus
256 3461 322 3526 suis
338 3461 536 3528 utilitatibus
553 3467 585 3527 st
600 3465 808 3546 pertinenciis
831 3465 988 3529 universis
1003 3463 1131 3548 prefato
1147 3462 1221 3528 Ma-

87 3565 163 3631 theo
180 3566 252 3632 filio
269 3567 400 3634 Mathei
415 3569 605 3636 donavimus
621 3620 628 3636 .
644 3621 652 3636 .
677 3570 803 3637 Datum
825 3573 860 3635 in
876 3569 990 3656 Crisia,
1006 3569 1137 3636 infesto
1153 3568 1221 3635 Na-

87 3673 233 3740 tiuitatis
248 3676 380 3760 virginis
396 3677 545 3763 gloriose,
561 3700 645 3744 anno
663 3679 784 3744 domini
800 3679 976 3746 Millesimo
991 3680 1222 3744 trecentesimo

86 3783 248 3849 vicesimo
263 3790 362 3851 sexto.

197 3945 343 4012 Eredetije
356 3964 372 4001 a
384 3963 425 4014 gr.
437 3949 605 4002 Draskovics
618 3965 654 4002 ce.
667 3953 742 4016 lban,
758 3955 799 4001 12.
815 3955 855 4005 13.

583 4204 740 4217 οσ--ι--ση
