3112 5466
321 421 385 481 216
675 432 861 480 ,surouuosi
879 419 1096 478 cantuaria.

320 621 340 662 a
365 596 454 661 vobis
479 596 640 661 mundane
667 594 890 660 dissolucionis
915 594 1073 678 relegarit
1097 595 1277 677 illecebras,
1305 600 1341 659 ut
1366 595 1437 658 inter

321 706 387 769 alia
404 704 587 769 claustralis
604 703 801 769 abstinencie
822 701 959 767 nexibus
976 703 1120 785 relegata
1137 703 1282 787 puritate
1299 703 1437 785 fulgeatis

253 868 255 873 .
321 812 527 878 observandis
543 813 704 896 regularis
721 819 754 877 et
770 813 948 876 voluntatis
964 812 1095 877 libitum
1105 818 1312 877 coarctantes
1322 813 1436 878 omnino

320 921 379 986 sub
396 920 583 986 obediencie
600 920 710 985 debito
730 919 861 1002 dignam
887 927 920 984 et
945 920 1089 984 sedulam
1115 919 1297 985 exhibeatis
1322 919 1436 985 domino

321 1030 528 1108 servitutem3
555 1028 631 1093 hinc
648 1034 705 1109 est,
727 1027 814 1110 quod
830 1048 889 1093 nos
905 1028 992 1111 pium
1010 1035 1043 1092 et
1060 1049 1237 1110 congruum
1254 1033 1437 1112 reputantes,

314 1142 360 1217 ut
384 1158 442 1201 nos
467 1137 525 1201 illa
549 1157 782 1220 prosequamur
806 1136 917 1221 gracia
942 1158 1040 1220 quam
1065 1137 1179 1201 vestris
1205 1136 1438 1202 necessitatibus

314 1245 538 1328 conspicimus
569 1251 763 1329 oportunam
789 1243 878 1309 vobis
903 1245 1060 1309 universis
1085 1251 1118 1309 et
1143 1244 1282 1328 singulis
1307 1245 1438 1310 adinstar

323 1355 427 1419 felicis
444 1353 681 1419 recordacionis
698 1352 860 1418 Bonifacii
877 1375 960 1436 pape
980 1352 1118 1423 XVIII.
1144 1352 1378 1437 predecessoris
1393 1375 1438 1418 no-

322 1464 380 1526 stri
401 1463 595 1528 auotoritate
622 1462 821 1545 presencium
847 1461 1061 1544 indulgemus
1086 1468 1124 1526 ut
1148 1462 1191 1526 ad
1215 1463 1439 1546 prestaoionem

322 1572 522 1636 decimarum
547 1571 587 1635 de
614 1571 859 1654 quibuscunque
884 1571 1140 1655 possessionibus
1166 1576 1199 1634 et
1215 1571 1288 1635 aliis
1304 1571 1439 1636 omnibus

321 1678 414 1743 bouis
455 1678 570 1743 vestris
602 1700 664 1762 que
696 1679 971 1762 inpresenciarum
1001 1678 1129 1743 habetis
1161 1684 1195 1742 et
1224 1679 1318 1743 iustis
1348 1677 1440 1743 modis

322 1793 488 1870 prestante
500 1785 629 1851 domino
649 1787 885 1870 acquisiveritis
901 1787 935 1850 in
951 1785 1105 1868 futurum,
1121 1787 1172 1850 vel
1189 1787 1230 1851 ad
1246 1787 1439 1851 contribuen-

322 1895 399 1960 dum
424 1897 458 1959 in
483 1895 769 1980 procuracionibus
786 1895 1006 1979 quorumlibet
1030 1895 1266 1960 ordinariorum
1293 1903 1326 1959 et
1350 1897 1440 1960 eciam

321 2004 504 2086 legatorum
529 2010 561 2068 et
586 2004 777 2069 nunciorum
810 2005 895 2068 sedis
920 2005 1097 2087 apostolice
1121 2004 1253 2069 minime
1278 2005 1441 2070 teneamini

321 2133 380 2175 nec
396 2112 438 2176 ad
453 2112 487 2175 id
504 2112 654 2195 compelli
670 2112 877 2194 aliquatenus
887 2112 1036 2194 valeatis3
1053 2112 1135 2176 nulli
1146 2112 1441 2177 omninohominnm

320 2219 419 2283 liceat
435 2218 519 2283 hanc
535 2220 687 2303 paginam
707 2225 815 2283 nostre
837 2219 1050 2284 concessionis
1067 2217 1242 2302 infringere
1258 2220 1308 2284 vel
1325 2221 1353 2284 ei
1371 2241 1442 2284 ausu

320 2327 494 2390 temerario
513 2327 682 2409 contraire,
708 2327 732 2390 si
751 2327 822 2408 quis
838 2332 948 2392 antem
964 2326 1027 2391 hoc
1045 2331 1208 2392 attentare
1235 2318 1442 2410 presumserit,

321 2433 579 2516 indignacionem
605 2435 835 2518 omnipotentis
851 2435 903 2500 dei
929 2441 962 2499 et
986 2436 1156 2500 beatorum
1181 2434 1273 2500 Petri
1298 2441 1330 2500 et
1355 2435 1443 2500 Pauli

321 2541 542 2625 apiostolorum
562 2543 631 2606 eius
650 2563 684 2606 se
703 2543 828 2607 noverit·
844 2543 1056 2607 incursurum.
1075 2542 1200 2606 Datum
1221 2538 1380 2607 Arinione
1402 2563 1443 2605 se-

322 2648 426 2714 cundo
443 2649 599 2714 kalendas
616 2646 778 2732 Octobris,
795 2648 1002 2733 pontificatus
1018 2649 1121 2714 nostri
1136 2671 1222 2714 anno
1241 2648 1372 2714 decimo.

429 2813 453 2860 A
467 2811 599 2876 pozsonyi
619 2812 809 2875 kaptalannalr
834 2816 910 2863 1357.
929 2814 1084 2876 september
1108 2811 1177 2862 s-iki
1190 2812 1347 2873 atti-atatim,
1366 2813 1444 2875 mely-

321 2904 375 2952 nek
388 2901 517 2966 credetije
532 2916 650 2964 megvan
664 2917 696 2951 az
710 2917 779 2952 orsz.
793 2903 846 2953 ltsir
859 2902 960 2952 kincst.
974 2905 1041 2952 oszt.
1063 2902 1138 2951 Mon.
1151 2902 1213 2952 Pos.
1228 2906 1270 2952 46.
1286 2907 1326 2951 20.
1338 2902 1407 2965 dipl.
1417 2902 1444 2949 lt.

323 2995 400 3042 4692.
412 2991 493 3041 Kozli
505 3008 510 3039 :
524 2991 627 3042 Vincze
641 2991 741 3041 Gabor.

809 3135 965 3144 ————-—

853 3336 926 3398 lae.

324 3497 419 3559 1325.
445 3508 501 3560 oct.
532 3497 581 3561 12.
608 3497 636 3560 I.
662 3498 788 3582 Kctrolp
814 3498 924 3582 lsisuily
949 3521 970 3560 u
997 3495 1081 3580 Quam
1107 3498 1201 3561 Pc'tcr
1227 3499 1260 3561 e's
1276 3497 1341 3580 fiai
1365 3493 1445 3558 (illul

325 3605 499 3668 Ulceribus
518 3605 689 3690 piscatos-ola
707 3607 867 3690 octarjopot
892 3607 1111 3689 megszllutcti,
1129 3607 1161 3669 c's
1177 3606 1289 3669 aseraule
1306 3603 1444 3686 Szdbelp-

381 3713 479 3776 bidos
499 3713 571 3777 eald
586 3713 846 3797 ppulcotddsribna
864 3713 1004 3796 Durugpi
1014 3714 1190 3796 Pe'terfioit
1202 3713 1389 3799 irreperdsc'li.

429 3871 566 3938 Carolus
582 3922 589 3936 .
606 3922 612 3938 .
630 3893 687 3936 rex
711 3921 718 3936 .
744 3922 750 3937 .
778 3872 819 3937 ad
836 3873 1059 3938 universorum
1074 3873 1228 3938 noticiam
1245 3923 1252 3938 .
1269 3925 1276 3938 .
1301 3872 1443 3937 uolumus

320 3980 495 4064 pervenire,
511 3980 598 4063 quod
615 3981 759 4062 quamvis
776 4001 814 4044 ex
830 3981 972 4046 veridica
988 3982 1144 4047 nobilium
1164 3989 1197 4046 et
1212 3981 1446 4066 regnicolarum

320 4094 505 4154 nostrorum
521 4089 682 4153 relacione
706 4088 799 4153 nobis
825 4089 990 4154 evidenter
1007 4090 1206 4155 constitisset
1231 4096 1269 4155 ut
1293 4089 1448 4154 tributum

321 4197 407 4278 (prod
425 4197 543 4262 Petrus
560 4198 665 4261 dictus
678 4198 907 4283 OynaDnbou
925 4205 957 4263 et
968 4197 1127 4264 Morouch
1144 4198 1203 4264 filii
1220 4201 1270 4264 sui
1287 4222 1323 4264 ac
1337 4197 1447 4262 Beelre

320 4305 423 4368 frater
439 4326 514 4369 suus
530 4306 563 4368 in
580 4305 657 4370 villa
673 4327 781 4370 eorum
800 4304 901 4390 Olazy
919 4313 1033 4372 vocata
1051 4308 1251 4373 incomitata
1267 4305 1450 4372 Bihoriensi

322 4411 471 4475 existenti
498 4412 691 4496 exigendum
714 4413 842 4479 anobis
861 4415 1027 4497 pecierant
1051 4415 1159 4480 inerat
1183 4416 1394 4499 impetratum
1419 4414 1450 4476 in

322 4518 532 4600 preiudicium
544 4527 577 4584 et
587 4520 844 4586 destruchonem
855 4523 967 4587 tributi
976 4523 1001 4587 J
1002 4522 1153 4587 chachini
1165 4530 1197 4586 et
1207 4521 1299 4587 Petri
1309 4520 1452 4585 filiorum

322 4625 414 4692 Petri
432 4625 489 4692 tilii
505 4626 623 4716 Durug
640 4627 783 4697 fidelium
801 4636 983 4699 nostrorum
1000 4632 1035 4697 in
1051 4631 1130 4699 villa
1146 4630 1318 4699 eorundem
1328 4627 1452 4697 Zekul-
