3240 5460
626 461 720 527 1322.
735 483 823 528 surr.
841 464 893 528 at.
1279 461 1323 528 la

187 640 234 708 sie
265 639 357 709 beati
388 641 529 710 Zoeradi
559 643 702 708 martiris
733 650 766 708 et
781 649 894 710 nostra
909 665 1050 711 unacum
1070 645 1216 729 reliquiis
1232 665 1325 710 senc·

188 755 308 834 torum,
341 751 440 834 libris,
468 751 675 835 ornamentis,
707 753 833 836 casulis,
864 753 1010 837 plenario
1041 759 1075 818 et
1106 753 1255 819 omnibus
1270 774 1327 838 ap·

187 861 316 942 paratis
332 860 558 927 ecclesiasticis
578 881 633 925 seu
653 859 808 944 depositis
825 861 960 928 ecclesie
983 867 1094 927 nostre
1119 861 1240 946 prefixa
1257 862 1327 946 qui-

188 967 253 1032 bus
269 969 321 1032 avi
338 974 371 1033 et
386 969 610 1053 progenitores
625 969 724 1034 vestri
740 989 832 1052 reges
847 969 953 1034 incliti
968 975 1113 1034 nostram
1127 969 1327 1047 dotaverunt

199 1075 378 1151 ecclesiam,
403 1083 437 1140 et
461 1077 600 1142 aliorum
624 1076 781 1142 nobilium
808 1077 1121 1160 quamplurimorum
1136 1078 1170 1142 in
1196 1098 1325 1143 camera

190 1189 303 1248 nostre
323 1184 457 1250 ecclesie
473 1206 531 1268 pro
550 1184 706 1268 nepharia
730 1205 828 1268 opera
836 1206 1001 1250 manuum
1017 1185 1146 1251 Mathei
1162 1185 1325 1270 quondam

188 1292 331 1376 palatini
341 1313 401 1376 per
416 1293 523 1357 omnia
539 1299 615 1358 sunt
631 1298 836 1358 concremata
846 1298 879 1358 et
889 1293 987 1360 semel
997 1301 1030 1359 et
1040 1293 1183 1360 secundo
1194 1299 1329 1380 perusta

188 1400 305 1482 itaque
320 1399 356 1464 in
372 1400 494 1465 cineres
504 1398 639 1465 redacta
656 1403 731 1464 sunt
751 1400 874 1482 pariter
893 1405 926 1464 et
941 1399 1077 1484 favillas,
1087 1401 1122 1465 in
1138 1422 1203 1484 qua
1218 1399 1329 1466 rideli-

190 1515 245 1573 cet
280 1508 506 1573 combuscicne
531 1508 664 1574 ecclesie
689 1508 740 1573 dei
766 1515 799 1572 et
828 1514 936 1573 vestra
959 1508 1113 1574 damnum
1137 1509 1202 1574 tria
1225 1507 1330 1572 millia

189 1635 377 1681 marcarum
403 1615 559 1698 recepisse
575 1637 641 1679 non
659 1614 845 1699 ambigitur.
862 1615 987 1681 Datum
1008 1616 1170 1682 dominica
1187 1615 1238 1681 die
1254 1613 1326 1700 pro-

188 1721 282 1786 xima
307 1728 385 1786 ante
409 1721 528 1787 festum
552 1721 642 1787 beati
666 1721 842 1788 Michaelis
867 1722 1064 1807 archangeli,
1098 1744 1183 1789 anno
1209 1722 1331 1790 domini

188 1829 248 1895 Μο
264 1825 366 1896 0000
381 1829 508 1895 XXmo
528 1830 677 1896 secunde.

303 1975 325 2025 I.
339 1975 444 2040 Kiroly
466 1975 614 2040 hirdlynalr
630 1979 706 2026 1323.
720 1989 782 2039 aug.
797 1974 892 2026 4-iken
905 1975 965 2026 lrelt
978 1976 1144 2041 megerdsltb
1157 1976 1307 2028 dtiratdbbl
1322 1995 1329 2044 ς

189 2067 211 2116 l.
225 2065 318 2116 aldbb.

685 2210 810 2218 m.
814 2211 842 2217 -.-

742 2395 793 2458 38.

192 2558 295 2621 1322.
322 2567 399 2642 sept.
425 2558 477 2622 27.
494 2555 524 2620 A
542 2557 763 2642 napy-edredi
778 2556 937 2641 triptotam
954 2556 1026 2620 elea
1042 2553 1176 2621 Andeda
1197 2555 1250 2638 fla
1266 2554 1332 2620 Ba·

190 2667 277 2746 Iu'zs,
288 2665 416 2752 ceje‘rzek
432 2664 539 2748 Ubulfi
549 2664 678 2750 llitalp
685 2664 805 2747 fidicula
816 2664 999 2729 Lacaenae
1009 2663 1246 2728 dentonostm·
1256 2661 1333 2727 ὅκα-

251 2772 337 2836 bolca
352 2774 537 2859 odrmegyei
552 2771 658 2836 hirtok
682 2771 901 2859 ruepyedre'eze‘t
917 2772 1137 2837 erettirtoket
1152 2771 1278 2856 atadja.

305 2913 376 2980 Nos
402 2915 581 3000 capitulum
610 2914 742 2979 ecclesie
773 2913 986 2982 Varadiensis
1005 2964 1012 2980 .
1032 2964 1039 2979 .
1059 2911 1330 2998 significamus..

192 3022 288 3107 quod
298 3023 452 3108 magistro
461 3021 575 3088 Blasio
595 3021 662 3087 filio
686 3021 820 3087 Andree
836 3021 878 3087 ab
888 3042 953 3088 una
962 3029 1065 3108 parte,
1083 3011 1163 3086 item
1178 3021 1333 3106 magistro

193 3131 357 3196 Ladizlao
382 3129 450 3196 filio
466 3127 641 3196 Michaelis
660 3129 720 3196 filii
735 3128 827 3198 Vbul
842 3150 960 3214 genero
976 3129 1075 3213 ipsius
1091 3129 1240 3214 magistri
1256 3126 1334 3192 Bla-

193 3240 240 3304 sii
266 3260 305 3304 ex
329 3241 435 3304 altera
461 3260 569 3303 coram
594 3239 687 3304 nobis
715 3239 929 3321 personaliter
954 3239 1223 3322 comparentibus,
1246 3235 1333 3300 idem

193 3349 357 3430 magister
367 3347 499 3412 Blasius
516 3353 668 3432 quartam
677 3353 804 3431 partem
824 3348 1033 3432 possessionis
1048 3345 1337 3412 Beudmunustura

191 3461 314 3522 vocate
340 3456 464 3521 scilicet
488 3455 674 3540 porcionem
699 3477 791 3520 suam
816 3455 884 3521 sine
906 3454 1086 3539 prciudicio
1102 3455 1181 3519 iuris
1198 3454 1336 3519 aliorum

194 3566 236 3630 in
253 3564 410 3628 comitatu
427 3564 466 3628 de
483 3562 629 3628 Zobolch
656 3563 825 3628 existentis
854 3561 895 3629 ob
911 3584 1055 3628 amorem
1070 3561 1288 3646 proximitatis
1299 3566 1332 3624 et

193 3671 411 3736 dileccionem
437 3673 609 3757 specialem
624 3672 687 3756 ipsi
713 3661 868 3755 magistro
876 3670 1039 3737 vLadizlao
1056 3681 1174 3756 genero
1192 3691 1249 3736 suo
1261 3691 1335 3734 cum

196 3779 351 3846 omnibus
377 3781 443 3845 suis
467 3779 666 3846 utilitatibus
683 3787 716 3845 et
731 3781 940 3864 pertinenciis
957 3781 1105 3846 dedisse.
1122 3829 1129 3845 .
1146 3786 1196 3845 est
1212 3777 1334 3844 confes-

198 3911 259 3953 sns
287 3939 294 3954 .
320 3939 327 3954 .
352 3887 479 3955 Datum
512 3889 546 3954 in
571 3889 748 3955 festivitate
773 3889 944 3955 beatorum
978 3887 1093 3955 Cosme
1119 3895 1153 3952 et
1183 3885 1339 3953 Damiaui

188 3998 385 4092 martirum,
402 4019 487 4062 anno
503 3997 624 4062 domini
640 3996 695 4062 Μ0
711 3994 811 4062 0000
826 3995 918 4063 XX⁰
934 3995 1083 4063 secunde.

309 4143 462 4208 Hritlapjein
471 4144 565 4207 pecset
577 4143 831 4208 maradvdnyaival,
844 4143 975 4208 eredetije
989 4158 1041 4195 an.
1051 4141 1237 4192 Muzenmban
1251 4139 1338 4190 aKstl-

190 4239 245 4300 lay
259 4248 297 4284 cs.
312 4235 386 4284 lban.
401 4233 499 4285 Kezli:
513 4233 639 4300 Tagdnyi
653 4233 687 4286 K.

691 4392 850 4406 ——n——b--n

256 4767 413 4806 uronucar
429 4753 595 4806 oxnlurrin
615 4769 643 4804 u.
661 4756 722 4806 κῦτ.
