3112 5466
508 447 602 508 1326.
625 462 699 509 auo.
718 450 769 508 26.
1141 449 1204 510 253

91 618 224 701 Nadaad,
240 620 266 686 J
268 623 404 686 ohannis
420 621 460 686 de
476 621 592 706 Kolta,
618 622 794 688 Laureneii
819 621 879 688 filii
903 622 1068 690 Dominici
1084 625 1124 689 de
1143 625 1209 689 De-

90 730 170 794 66616
187 736 221 795 61
235 729 397 796 Demetrii
412 729 473 796 filii
488 728 586 814 Gugo
602 731 800 798 de'Telekus
815 732 858 796 ad
874 733 1088 798 estimandam
1103 734 1208 817 ipsam

91 845 201 904 ternam
218 839 447 921 deputatorum
472 839 583 904 taliter
608 862 642 904 66
667 841 851 906 6616166661
876 841 1098 924 concordatus,
1123 841 1211 925 quod

89 945 162 1011 idem
178 944 371 1012 Dominicus
386 945 474 1013 filius
490 945 621 1013 Nicolai
638 946 677 1012 (16
693 947 793 1014 Kuoh
812 945 905 1034 (igy)‚
925 948 1056 1016 domina
1071 947 1097 1014 J
1098 950 1210 1034 olynth

89 1060 183 1118 mater
200 1076 268 1136 sua,
285 1053 476 1121 Dominious
502 1055 589 1121 filius
613 1055 744 1122 Nicolai
769 1059 880 1142 magni
904 1060 1041 1126 maritus
1067 1057 1211 1124 eiusdem

88 1186 177 1230 uuam
193 1165 390 1248 particulam
406 1171 493 1230 terre
508 1166 651 1250 ipsorum
668 1187 689 1230 a
704 1167 802 1250 plaga
830 1166 1024 1234 occidentali
1039 1173 1137 1250 prout
1151 1165 1209 1232 flu-

88 1271 492 1338 (166016666666661116
509 1295 620 1340 versus
635 1273 765 1340 Rabam
786 1295 844 1339 seu
869 1275 1054 1358 aquilonem
1079 1295 1210 1339 currens

89 1386 117 1444 et
130 1382 161 1446 in
178 1381 369 1447 diverticulo
386 1383 570 1467 aliquorum
586 1383 736 1466 iugerum
760 1405 861 1468 prope
885 1404 1000 1448 nemus
1025 1382 1210 1465 relinquens

89 1495 224 1554 meatum
238 1489 336 1554 rivuli
351 1489 394 1554 ad
410 1491 559 1556 dextram
575 1490 698 1556 directe
723 1490 859 1556 tendens
876 1490 918 1556 ad
934 1490 1161 1574 Beruozygeth
1177 1494 1210 1554 61

89 1597 199 1663 abhinc
215 1597 370 1663 adunam
387 1599 535 1664 arborem
551 1601 636 1665 ilicis
654 1623 807 1684 magnam
823 1601 857 1665 in
873 1621 1004 1666 6666666
1029 1599 1069 1664 de
1086 1619 1150 1682 quo
1167 1597 1209 1664 ad

88 1703 211 1794 flurium
227 1705 367 1773 Maktua
377 1708 420 1772 ad
431 1705 551 1774 dictam
567 1711 699 1793 plagam
714 1715 845 1793 separat
861 1714 893 1774 61
904 1708 1052 1791 distingit
1063 1706 1208 1774 occiden-

90 1812 179 1878 talem
205 1815 247 1879 ab
263 1816 368 1880 altera
383 1837 457 1882 vero
477 1823 572 1901 parte
598 1817 637 1882 de
662 1824 751 1884 terra
776 1817 904 1884 Makna
927 1839 986 1900 per
1010 1839 1109 1882 unam
1124 1817 1210 1882 viam

87 1920 124 1984 ad
138 1922 285 1990 arborem
301 1925 384 1990 ilicis
400 1932 584 1991 currentem
600 1933 633 1991 61
649 1926 691 1991 ad
716 1925 849 1992 fluvium
873 1926 999 1992 Makna
1015 1925 1057 1991 de
1071 1927 1143 2010 ipsa
1159 1946 1209 1988 ar·

87 2027 156 2096 1666
173 2031 295 2098 (1166616
311 2034 496 2100 tendentem
513 2036 735 2102 circumdatur
761 2059 799 2104 66
815 2037 950 2102 terciam
975 2042 1103 2120 partem
1129 2033 1207 2100 silve

89 2159 135 2203 eos
150 2141 368 2223 contingentis
383 2164 442 2226 pro
458 2143 713 2227 quatuordecem
742 2145 850 2228 pensis
867 2145 1073 2210 denariorum
1090 2141 1207 2227 quibus

86 2267 138 2326 per
153 2247 281 2314 eosdem
296 2250 420 2316 nobiles
437 2253 618 2318 extiterant
639 2253 786 2318 estimato
812 2273 871 2336 pro
894 2253 966 2336 ipsa
990 2253 1091 2318 tercia
1116 2255 1222 2334 parte

87 2359 166 2419 16666
195 2377 252 2439 666
282 2356 386 2424 Ρ6166
417 2358 530 2424 661166
560 2360 731 2426 iudiciario
762 2361 903 2444 aquisite
943 2360 1117 2444 persolutis
1149 2379 1207 2441 per

87 2463 185 2544 ipsum
214 2466 293 2550 ipsis
326 2467 572 2550 quatuordecim
597 2470 706 2553 pensis
736 2467 952 2550 denariorum,
984 2467 1143 2532 dederunt
1174 2471 1208 2529 61

87 2574 285 2657 assignarunt
311 2577 452 2660 exceptis
476 2573 551 2641 filiis
577 2574 667 2641 Bake
692 2575 804 2641 1661616
838 2577 896 2659 661,
922 2574 1025 2640 eidem
1056 2573 1161 2638 Peteu
1177 2621 1208 2637 ..

85 2675 203 2748 Datum
218 2683 251 2746 16
267 2683 380 2766 vigilia
394 2680 641 2767 Assumpcionis
656 2685 788 2767 virginis
813 2684 961 2767 gloriose,
987 2704 1072 2748 anno
1098 2681 1140 2748 ab
1162 2683 1208 2746 in·

86 2791 271 2856 narracione
295 2788 431 2856 Domini
445 2783 499 2856 M'⁰
516 2789 616 2858 000⁰
640 2793 792 2875 vigesimo
818 2798 920 2876 sexto,
944 2792 1101 2874 magistro
1126 2787 1209 2858 Gre-

85 2899 170 2978 gorio
193 2901 367 2984 preposito‚
392 2900 545 2967 Johanne
571 2907 712 2984 cantore,
738 2900 886 2966 custodia
911 2907 1055 2983 vacante,
1080 2899 1207 2982 Joseph

84 3004 201 3074 decano
218 3009 352 3074 66616616
368 3015 479 3075 666166
494 3009 717 3076 existentibus.

186 3189 351 3256 Ugyancsak
372 3207 389 3241 6
401 3192 511 3242 servari
523 3191 713 3257 kaptalannalr
735 3193 756 3241 I.
770 3191 853 3256 Lajos
865 3189 1012 3254 kirtlynalz
1022 3185 1201 3252 Visegru'adon,

88 3282 217 3330 1378166
228 3282 293 3348 maj.
308 3283 660 3348 31·1666166116666666166
679 3283 739 3348 jun.
763 3281 843 3332 29-en
865 3296 931 3344 »pro
953 3282 1032 3342 parte
1045 3278 1147 3328 nobilis
1160 3277 1207 3326 do-

85 3370 246 3422 6616601666
258 3377 355 3423 vocate
368 3373 424 3423 filie
437 3373 567 3424 videlicet
587 3371 695 3422 Petheu
717 3372 750 3421 de
771 3372 890 3420 Makna«
914 3369 1024 3419 kiadott
1045 3366 1206 3432 1116616111,

84 3463 208 3524 melynek
221 3463 349 3528 eredetije
361 3478 478 3528 megvan
498 3479 529 3513 az
551 3477 621 3512 orsz.
644 3464 674 3513 lt.
699 3461 799 3511 kinost.
822 3464 889 3511 oszt.
904 3461 937 3510 N.
950 3461 982 3510 R.
997 3459 1029 3509 Α.
1046 3465 1069 3509 7.
1084 3462 1125 3510 36.
1140 3457 1207 3522 dipl.

82 3548 137 3599 11616
148 3568 154 3601 ;
167 3555 240 3603 2371.
254 3555 336 3604 Κό611
348 3570 355 3604 :
369 3555 449 3619 Nngy
463 3554 561 3619 Gyula.

567 3749 718 3759 ..ffl-

608 3992 681 4054 233.

84 4149 179 4212 1326.
194 4177 264 4240 666.
281 4157 334 4220 26.
360 4155 390 4220 A
403 4154 558 4242 66666661
582 4155 741 4240 16616166
767 4151 839 4216 elba
867 4147 1049 4216 Groboriui
1073 4145 1209 4212 Berizlo'

81 4259 193 4323 616ιί61
207 4264 237 4326 e's
259 4260 393 4327 Treutal
408 4265 704 4350 11116666666661
719 4262 863 4348 fdiapu'u
889 4283 971 4323 uzon
990 4258 1123 4343 66616161
1148 4279 1207 4319 me·

80 4365 144 4449 lyei
155 4367 727 4457 6161666161666116666611
737 4369 999 4434 bardrobszerint
1009 4365 1208 4453 clfopadjcilc.

188 4527 398 4616 Capitulum.
415 4584 422 4598 .
439 4533 479 4598 de
495 4531 626 4616 Posaga
642 4583 650 4598 .
666 4583 673 4597 .
690 4531 731 4596 ad
756 4529 979 4596 universorum
1004 4525 1182 4591 noticiam.
1201 4575 1208 4589 .

80 4635 225 4704 volumus
241 4644 416 4727 pervenire,
432 4643 521 4727 quod
537 4641 683 4708 Jacobus
708 4645 741 4705 et
758 4637 945 4722 Stephanus
961 4635 1021 4700 filii
1036 4635 1152 4699 Desew
1168 4656 1207 4698 ae
