3132 5470
555 459 650 520 1328.
666 471 734 522 rou.
748 459 798 519 16.
1177 459 1239 518 367

109 635 194 698 veris
210 685 217 698 .
235 685 242 698 .
259 635 455 718 assiguando
481 637 571 700 nullo
597 637 726 719 penitus
752 634 990 702 contradictore
1016 641 1217 720 apparente.
1235 685 1242 699 .

113 744 272 809 assumsit
303 744 404 810 ceiam
419 743 506 808 idem
520 743 624 810 frater
655 743 799 809 Michael
816 744 944 808 nomine
959 743 1179 828 predictarum
1194 763 1243 806 re-

109 851 305 934 ligiosarum
321 851 525 916 dominarum
542 851 671 936 quodsi
688 873 833 934 unquam
858 852 936 936 ipsis
953 853 1062 917 comiti
1079 850 1246 936 Stephano

111 969 145 1024 et
162 957 188 1023 J
189 960 292 1025 acobo
309 961 359 1025 vel
376 981 487 1025 eorum
501 959 676 1026 heredibus
691 959 839 1044 predicta
849 960 1016 1044 placerent
1031 961 1247 1025 iustrumenta

110 1089 207 1133 suam
218 1068 262 1133 ad
272 1067 489 1134 defensionem
500 1071 525 1134 si
536 1069 620 1134 forte
636 1069 677 1133 ab
688 1069 799 1152 aliquo
809 1068 1055 1152 impeterentur,
1065 1070 1097 1133 in
1108 1069 1248 1134 medium

110 1174 296 1258 producere
312 1181 344 1240 et
359 1178 482 1259 pariter
498 1175 666 1256 exhibere3
696 1197 755 1241 uec
770 1176 867 1241 iidem
884 1199 989 1242 comes
1005 1175 1191 1261 Stephanus
1212 1180 1245 1239 et

111 1280 138 1346 J
139 1283 263 1348 acobus
280 1334 286 1349 .
304 1335 311 1349 .
328 1305 360 1348 se
377 1283 565 1367 obligarunt
581 1286 667 1370 ipsas
683 1285 829 1350 dominas
846 1285 1012 1351 defensare
1038 1287 1064 1350 si
1080 1285 1245 1351 traheren-

111 1399 168 1457 tur
184 1393 219 1456 iu
236 1414 367 1458 causam
384 1415 480 1477 super
496 1400 585 1459 terra
602 1399 634 1458 et
650 1394 756 1460 feneto
772 1416 830 1478 per
846 1395 932 1479 ipsos
949 1395 1027 1460 data
1043 1446 1050 1459 .
1067 1445 1074 1458 .
1091 1393 1172 1458 ethi
1189 1394 1244 1477 qui

111 1502 221 1584 ipsum
238 1489 389 1566 comitem
421 1499 588 1568 Godinum
613 1503 785 1568 defendere
809 1511 1027 1570 assumserunt
1053 1504 1195 1568 habeant
1211 1508 1248 1566 ut

112 1608 268 1674 dixerunt
284 1612 473 1695 superstites
490 1616 522 1676 et
537 1611 677 1678 heredes.
704 1611 746 1676 Iu
763 1612 853 1677 euius
869 1613 916 1676 rei
931 1613 1117 1678 memoriam
1135 1633 1247 1696 perpe-

112 1723 273 1802 tuamque
303 1717 491 1785 firmitatem
506 1720 548 1785 ad
565 1721 721 1786 instantes
732 1722 906 1804 peticiones
922 1721 1068 1804 parcium
1085 1720 1243 1804 predicta-

112 1849 187 1892 rum
204 1832 369 1911 presentes
395 1828 609 1894 concessimus
635 1827 796 1912 dupplicis
822 1829 921 1911 sigilli
947 1830 1050 1894 nostri
1074 1829 1249 1894 munimine

114 1935 300 2000 roboratas.
316 1933 441 2001 Datum
457 1937 491 2001 in
507 1935 589 2001 festo
606 1936 699 2001 beate
714 1936 926 2021 Margarethe
942 1938 1083 2021 virgime,
1099 1961 1183 2004 anuo
1195 1937 1250 2001 ‹lo-

112 2044 194 2108 miui
211 2043 390 2110 Millesimo
406 2046 631 2110 trecentesimo
648 2045 797 2111 vicesimo
815 2051 937 2112 octavo.

224 2209 322 2274 Pdggtt
335 2207 453 2273 pensetje
465 2210 598 2274 hitnyzik
607 2225 620 2260 s
630 2212 716 2260 ennek
728 2211 863 2276 helytrea
876 2211 981 2273 nyitrai
994 2211 1126 2275 heptalan
1141 2210 1249 2260 kissebb

114 2299 224 2362 pecsete
238 2315 292 2348 ran
306 2301 407 2365 kotre;
421 2302 551 2367 eredetije
561 2317 594 2352 az
608 2317 677 2353 orsz.
691 2303 745 2354 lter
759 2303 857 2353 kiuest.
871 2307 938 2353 oszt.
950 2305 1022 2353 lion.
1037 2304 1069 2353 V.
1083 2304 1151 2352 Bud.
1167 2307 1190 2352 2.
1205 2305 1245 2352 ld.

113 2386 181 2450 dipl.
197 2387 231 2436 lt.
247 2391 325 2438 3544.
341 2389 434 2440 Kczli:
452 2390 556 2441 Vineze
570 2391 671 2442 (labor.
1019 2399 1024 2410 ‘

606 2573 762 2583 ——ffl

653 2811 726 2873 329.

115 2969 217 3031 1328.
226 2967 294 3052 jul.
314 2971 364 3032 16.
400 2967 428 3032 A
442 2970 772 3056 percepcilcriptaluu
799 2973 871 3036 albu
902 2973 999 3037 Pe'ler
1023 2974 1084 3037 Iur'u
1110 2972 1254 3058 arrolrriju

115 3077 187 3158 l’ul,
213 3077 339 3140 Tardus
364 3089 445 3142 aecii
461 3079 602 3143 liutoldi
634 3082 865 3145 Martorwriso'r
881 3081 997 3144 usellen
1028 3081 1115 3146 (liter
1130 3083 1252 3164 firirrulc

499 3181 687 3252 Milcldsuuk
714 3189 873 3253 eliirb'lcr'ti.

226 3344 417 3431 Capitulum
434 3347 566 3413 ecclesie
582 3348 670 3413 beati
686 3348 779 3413 Petri
803 3347 843 3413 de
858 3349 988 3432 Posaga
1004 3399 1011 3414 .
1028 3401 1034 3415 .
1052 3349 1095 3415 ad
1125 3351 1255 3416 univer·

116 3476 226 3520 sorum
243 3505 251 3520 .
269 3506 275 3520 .
293 3457 448 3522 noticiam
465 3508 472 3522 .
489 3507 495 3521 .
513 3457 661 3522 volumus
677 3459 851 3542 pervenire,
862 3457 948 3543 quod
960 3459 1114 3540 magister
1123 3459 1250 3524 Paulus

115 3562 201 3628 filius
218 3563 396 3629 Laurencii
411 3563 470 3628 filii
486 3564 579 3629 Petri
595 3565 671 3630 bani
696 3566 737 3629 ab
753 3587 818 3632 uua
843 3572 936 3650 parte
962 3573 994 3630 et
1019 3568 1173 3650 magister
1188 3565 1248 3630 Ni-

115 3673 226 3737 colaus
242 3670 329 3736 filins
347 3673 472 3736 comitis
488 3671 601 3757 Gyleti
618 3695 657 3740 ex
672 3673 776 3738 alteru
793 3696 901 3738 coram
917 3673 1010 3738 nobis
1027 3724 1033 3738 .
1050 3723 1057 3738 .
1075 3675 1244 3739 constituti

114 3779 198 3844 idern
215 3783 373 3864 magister
389 3780 513 3846 Paulus
530 3781 694 3847 confessus
710 3789 759 3846 est
776 3832 782 3846 .
800 3832 807 3847 .
825 3782 912 3864 quod
944 3781 1106 3864 quandam
1122 3804 1244 3866 posses-

114 3889 237 3954 siouem
255 3911 346 3954 suam
362 3889 489 3956 Tardus
505 3896 652 3956 uocatam
668 3891 760 3956 iuxta
785 3891 1020 3974 possessionem
1045 3889 1246 3955 Mortunuu-

115 4018 188 4062 sara
212 4003 436 4082 nuncupatam
461 4021 481 4064 a
506 4005 601 4083 parte
626 3999 789 4082 aquilonis
814 3997 1039 4063 adiacentem.
1056 4047 1063 4063 .
1079 4020 1138 4083 pro
1155 3999 1247 4084 quiu-
1354 4004 1360 4020 '

115 4108 274 4190 quaginta
313 4107 430 4172 marcis
472 4107 678 4172 denariorum
709 4158 716 4172 .
749 4157 756 4172 .
789 4107 985 4172 vendidisset
1022 4109 1247 4191 prenominato

114 4217 273 4296 magistro
291 4215 429 4280 Nicolao
446 4213 513 4280 filio
542 4217 668 4281 comitis
694 4214 805 4299 Gyleti
822 4267 829 4282 .
846 4267 852 4281 .
870 4217 940 4281 iure
964 4223 1121 4300 perpetuo
1147 4217 1246 4299 possi·

114 4323 253 4420 (leudam
286 4326 345 4390 tali
371 4325 465 4390 modo
499 4326 585 4408 quod
616 4326 643 4390 si
675 4325 793 4408 aliquis
824 4375 831 4390 .
863 4375 870 4391 .
903 4325 1039 4390 eundem
1055 4325 1246 4408 magistrum

113 4430 288 4499 Nicolaum
314 4435 443 4500 racione
475 4434 615 4499 eiusdem
646 4435 854 4519 possessionis
871 4483 877 4499 .
895 4485 902 4499 .
919 4433 1031 4499 ordine
1072 4433 1242 4498 iudiciario

113 4543 285 4628 impeteret
295 4543 380 4608 idem
396 4544 550 4627 magister
566 4543 690 4610 Paulus
707 4545 857 4609 assrrmsit
874 4543 1022 4628 expedire
1033 4547 1064 4606 et
1081 4541 1252 4606 defendere

114 4674 258 4738 ..quem
276 4653 303 4718 si
321 4652 472 4736 expedire
503 4658 536 4716 et
553 4652 724 4719 defendere
739 4676 804 4720 non
831 4658 939 4737 posset
964 4657 1083 4717 extunc
1107 4652 1253 4736 precirnn
