3132 5470
317 412 382 472 280
669 425 857 470 aurounonr
873 411 1090 469 onninr'rtn.

316 587 393 652 lessi
410 590 485 652 sunt
500 587 632 652 oraculo
648 587 717 652 rive
741 587 827 652 vocis
853 585 990 650 totalem
1014 585 1200 669 porcionem
1226 589 1313 650 terre
1338 606 1444 650 eornm

317 699 352 762 in
368 696 481 786 eadem
496 701 586 761 terra
602 695 687 760 Bala
703 695 831 760 eosdem
848 695 1089 778 contingentem
1108 715 1180 760 cum
1196 693 1348 760 omnibns
1364 695 1445 760 utili·

318 805 443 870 tatibus
459 805 523 869 suis
540 805 635 869 simul
651 825 725 872 cum
740 803 893 886 porcione
908 803 1144 886 mancipiorum
1154 805 1329 868 suorumin
1340 803 1444 868 endem

318 913 396 978 villa
412 913 497 977 Bala
513 913 726 977 existenoium
735 933 794 995 pro
805 911 1044 995 quinquaginta
1053 911 1170 976 marcis
1181 910 1388 980 denariorum
1398 913 1444 978 ba-

318 1021 441 1086 nalium
466 1019 1444 1104 hungarioaliumplenehabitisetperceptispereosdemElelr

245 1165 251 1180 ·
319 1129 427 1195 rusum
444 1136 477 1195 et
493 1129 677 1196 Dionisium
693 1127 734 1192 ab
750 1129 819 1212 ipso
836 1127 970 1193 Iwanlra
985 1127 1088 1193 fratre
1103 1149 1214 1193 eornm
1230 1179 1237 1194 .
1254 1179 1261 1194 .
1277 1130 1361 1195 sicut
1376 1135 1445 1194 sunt

321 1237 457 1304 confessi
477 1237 672 1303 vendidisse.
685 1287 691 1302 .
702 1236 830 1322 prefato
842 1235 994 1301 Iwanche
1004 1234 1100 1300 fratri
1111 1258 1221 1302 eorum
1232 1236 1329 1304 ..hoo
1348 1237 1444 1303 docla-

319 1353 392 1412 rato
409 1346 495 1430 qnod
513 1345 771 1428 quandocunque
786 1366 939 1428 processu
955 1350 1137 1429 temporum
1153 1345 1251 1410 iidem
1266 1344 1351 1412 Elelr
1362 1347 1448 1412 nisus

321 1461 354 1520 et
369 1454 537 1520 Dionisius
553 1451 596 1518 ad
611 1452 788 1518 feliciorem
804 1457 837 1518 et
855 1453 1093 1536 prosperiorem
1118 1458 1241 1520 statum
1266 1455 1444 1532 devenirent

320 1569 353 1628 et
368 1563 549 1647 predictam
565 1563 747 1645 porcionem
765 1565 849 1626 terre
880 1582 990 1626 eorum
1016 1562 1050 1626 in
1065 1561 1138 1646 ipsa
1153 1567 1242 1628 terra
1256 1561 1342 1628 Bala
1357 1565 1444 1629 simul

321 1695 394 1738 cum
410 1674 480 1756 ipsa
496 1673 647 1754 porcione
663 1671 896 1754 mancipiorum
919 1669 1045 1753 prelato
1061 1669 1213 1736 Iwanche
1229 1670 1324 1736 fratri
1341 1693 1443 1738 eorum

321 1781 485 1846 venditam
501 1785 535 1844 et
550 1779 707 1844 traditam
734 1799 793 1862 pro
818 1779 897 1861 ipsis
924 1778 1164 1862 quinquaginta
1188 1781 1305 1845 marcis
1321 1829 1328 1845 .
1344 1831 1351 1844 .
1367 1780 1443 1845 redi-

321 1909 408 1954 mere
423 1893 554 1971 possent
569 1887 656 1951 idem
671 1885 806 1952 Iwanka
820 1885 922 1952 frater
939 1907 1050 1952 eorum
1067 1885 1187 1952 eisdem
1210 1887 1296 1952 Elelr
1319 1887 1392 1954 rufo
1416 1896 1442 1952 et

321 1996 470 2062 Dionisio
489 1993 644 2060 fratribus
660 1995 726 2058 suis
743 1992 864 2058 dictam
879 1995 1067 2078 porcionem
1096 1999 1183 2060 terre
1199 2016 1317 2060 eorum
1332 1997 1365 2060 in
1380 1996 1442 2079 ipsa

322 2110 409 2168 terra
424 2102 510 2195 Bala
535 2123 608 2168 cum
624 2101 712 2166 dicta
737 2102 890 2184 porcione
914 2103 1149 2186 mancipiorum
1174 2125 1233 2188 pro
1258 2104 1334 2187 ipsis
1359 2103 1443 2186 quin-

322 2213 479 2296 quaginta
494 2213 612 2277 marcis
629 2261 635 2276 .
652 2261 659 2276 .
675 2210 811 2276 reddere
837 2215 870 2276 et
894 2212 1082 2277 restituere
1098 2213 1286 2278 tenebitur.
1302 2263 1308 2276 .
1323 2212 1441 2276 Datum

321 2321 423 2386 tercio
440 2319 491 2384 die
507 2319 745 2402 quindenarum
769 2319 858 2386 beati
883 2317 1018 2404 Georgii
1043 2322 1194 2404 martiris,
1219 2342 1303 2386 anno
1328 2321 1441 2386 domini

322 2427 376 2494 Μ0
393 2423 493 2494 0000
508 2428 657 2493 vicesimo
674 2428 818 2512 septimo,
835 2426 974 2494 Nicolao
991 2430 1164 2513 preposito,
1190 2427 1292 2496 Santo
1308 2433 1441 2506 cantore,

326 2537 453 2604 Thema
469 2534 603 2601 custode
619 2540 653 2601 et
668 2534 842 2602 Salomone
858 2536 1085 2603 archidiacono
1101 2536 1141 2602 de
1157 2537 1303 2623 Hunyad
1329 2537 1442 2602 decano

324 2647 457 2711 ecclesie
472 2649 583 2711 nostre
602 2645 823 2712 existentibus.

429 2809 527 2873 Ffiggd
539 2809 632 2872 pecset
645 2769 821 2873 nyoniaiva15
840 2807 972 2873 eredetije
984 2822 1017 2858 az
1035 2808 1100 2860 Erd.
1123 2809 1253 2860 aneum
1276 2807 1441 2859 kezirattnrt·

320 2901 383 2948 bon.
403 2899 500 2949 Kozti:
521 2897 609 2948 Szabo
623 2899 738 2964 Kerory.

851 3296 924 3357 260.

325 3455 420 3520 1327.
446 3459 521 3539 mctj.
549 3457 600 3518 21.
627 3456 654 3517 Ι.
681 3459 806 3542 Krircly
832 3459 944 3544 tir-atq
966 3457 1167 3544 'Cscboukufl
1191 3429 1299 3524 Julius
1319 3457 1440 3541 finiant·

324 3567 425 3631 Heces
441 3565 669 3650 odrmapyo'ben
676 3565 779 3651 seland
795 3565 979 3653 Gydopyo's,
1005 3567 1104 3647 Beue,
1130 3568 1254 3632 Hulctaz
1270 3571 1303 3633 ds
1321 3570 1439 3652 Nuqqut

378 3683 460 3738 neo-rt
476 3671 677 3736 tirtotaitat
699 3673 816 3738 Taruda
834 3675 959 3761 erddlyi
974 3676 1143 3762 ocjdriauk
1159 3677 1399 3764 odomdupozzo.

430 3831 577 3898 Karolus
588 3883 594 3897 .
605 3883 612 3898 .
623 3855 680 3897 rex
691 3883 717 3899 ..
734 3834 776 3899 ad
792 3835 1014 3901 universorum
1032 3837 1186 3902 noticiam
1197 3841 1310 3904 tenore
1321 3855 1435 3922 presen-

324 3942 409 4007 cium
433 3941 581 4006 volumus
605 3943 781 4026 pervenire,
806 3944 894 4028 quod
919 3947 1065 4029 quamvis
1090 3947 1182 4029 pravi
1220 3953 1313 4012 actus
1337 3944 1438 4010 illicite

324 4048 562 4114 commissiones
587 4055 618 4115 et
643 4051 790 4135 nepharii
813 4049 1016 4117 infidelitatis
1032 4073 1201 4136 processus
1218 4051 1372 4119 Samuelis
1385 4047 1436 4113 filii

323 4157 485 4223 Johannis
509 4155 570 4222 filii
586 4157 766 4224 Ohabanlra
785 4163 819 4223 et
833 4157 942 4225 David
967 4159 1079 4226 fratris
1104 4162 1250 4227 eiusdem
1274 4159 1436 4226 infidelium

323 4270 508 4332 nostrorum
527 4315 534 4330 .
554 4315 561 4331 .
580 4265 660 4331 adeo
670 4268 863 4333 sintnotom'i
873 4273 911 4335 ut
927 4269 1018 4334 nulla
1033 4270 1164 4354 penitus
1180 4267 1435 4356 tergiversacionc

323 4379 380 4437 ant
411 4372 679 4440 contradiccionis
705 4381 895 4458 argumento
921 4377 1054 4444 valeant
1079 4379 1248 4462 occultari,
1274 4383 1434 4444 notamen

324 4479 437 4562 plebee
453 4481 612 4564 opinionis
628 4483 833 4568 vulgarisque
849 4485 1068 4570 simplicitatis
1084 4487 1205 4553 iudicio
1230 4489 1266 4553 in
1289 4486 1436 4553 subiectos

325 4589 394 4652 sine
410 4610 508 4655 causa
516 4589 650 4657 ultrices
666 4591 838 4659 extendere
848 4593 1016 4659 videamur
1033 4617 1148 4660 manus
1163 4591 1436 4678 nost1·as,quedan1
