3130 5470
512 443 606 504 1329.
623 459 697 505 Ans.
714 441 743 504 8.
1141 439 1204 501 393

82 624 229 707 nirentur,
256 624 388 708 insuper
404 625 513 686 autem
530 621 564 685 in
581 619 838 686 additamentum
864 618 966 702 ipsius
991 619 1201 702 possessionis

84 735 281 818 septuaginta
297 753 421 798 marcas
436 732 470 796 in
486 733 606 816 grossis
631 728 864 796 boemicalibus
881 730 932 794 vel
947 729 1024 795 latis
1048 730 1203 796 vienensi-

82 842 135 906 bus
158 845 215 908 aut
239 839 412 907 banalibus
437 839 602 924 regalibus
629 859 714 903 nunc
740 837 945 904 currentibus
970 837 1201 905 adnumerum

83 949 257 1016 Budensem
273 948 372 1014 iidem
387 947 534 1014 Mathias
550 946 636 1012 filius
653 943 788 1011 Andros
802 952 835 1011 et
851 945 998 1011 dominus
1014 945 1199 1031 Stephanus

84 1059 256 1144 prepositus
265 1059 300 1123 in
309 1057 414 1122 tribus
426 1056 570 1122 terminis
581 1054 797 1140 infrascriptis
808 1077 917 1120 coram
927 1056 1019 1122 nobis
1029 1079 1088 1140 pro
1099 1058 1199 1124 omni-

82 1169 136 1233 bus
150 1167 311 1250 premissis
328 1171 361 1231 et
377 1166 512 1250 singulis
527 1165 758 1250 premissorum
789 1163 1013 1248 prenominato
1038 1167 1194 1248 magistro

79 1275 182 1342 Deseu
198 1275 322 1341 solvere
332 1279 561 1358 assumserunt,
571 1273 720 1338 videlicet
736 1273 852 1357 viginti
869 1279 1010 1356 quatuor
1025 1295 1152 1341 marcas
1162 1276 1196 1340 in

84 1385 169 1448 dictis
184 1384 306 1449 octavis
321 1382 557 1449 Penthecostes
573 1383 691 1448 iterum
708 1381 822 1464 viginti
838 1386 905 1446 tres
920 1403 1046 1466 marcas
1065 1382 1099 1451 in
1109 1387 1196 1449 octa·

83 1493 123 1556 vis
139 1491 316 1556 nativitatis
340 1491 429 1556 beati
445 1490 607 1557 Johannis
633 1490 784 1576 Baptistc
808 1489 955 1556 residuas
979 1511 1055 1556 vero
1080 1492 1196 1575 viginti

82 1605 139 1664 tres
153 1621 278 1665 marcas
295 1601 327 1664 iu
343 1599 465 1664 octavis
481 1599 569 1664 beati
580 1597 605 1664 J
606 1599 699 1666 acobi
710 1598 849 1684 apostoli
867 1603 1100 1682 consequenter
1111 1622 1197 1666 nunc

80 1707 213 1773 uenturis
229 1709 344 1774 talium
362 1707 594 1791 obligaminum
612 1707 856 1773 condicionibus
872 1708 1052 1773 intersertis
1069 1708 1156 1792 quod
1173 1709 1198 1773 si

80 1817 222 1900 primarie
236 1817 423 1882 solucionis
449 1817 622 1882 terminum
637 1817 671 1882 in
688 1815 840 1882 solvendo
866 1818 1055 1882 omitterent
1079 1818 1199 1883 iudicio

80 1925 272 1990 subiecerant
303 1925 330 1989 si
346 1945 422 1990 uero
438 1923 576 1990 secunde
602 1924 775 1990 solucionis
800 1925 975 1990 terminum
1000 1926 1198 2010 preterirent

81 2033 161 2118 dupli
176 2057 260 2119 pena
277 2039 492 2118 grarmentur
508 2037 541 2098 et
556 2034 584 2098 si
600 2033 714 2098 ultime
731 2039 764 2098 et
778 2032 886 2100 finalis
897 2035 1071 2100 solucionis
1087 2035 1198 2101 termi-

81 2165 148 2208 num
163 2143 286 2209 solvere
302 2165 366 2208 non
392 2147 543 2208 curantes
568 2147 707 2208 autnon
723 2143 868 2208 valentes
884 2144 1089 2228 negligerent
1111 2143 1197 2210 idem

81 2247 216 2315 llatliias
247 2249 333 2315 filius
348 2246 483 2316 Andrec
499 2250 533 2314 in
549 2250 720 2316 succubitu
736 2250 837 2316 duelli
853 2255 1009 2336 tanquam
1033 2253 1198 2336 potencia-

80 2379 143 2421 rum
158 2357 268 2424 illator
284 2359 449 2424 convictus
465 2363 659 2442 remaneret,
670 2378 729 2423 nco
739 2358 802 2425 hoc
817 2359 965 2424 volumus
982 2360 1116 2425 silencio
1125 2383 1198 2445 pre·

80 2467 168 2531 terire
184 2466 271 2551 quod
287 2467 371 2533 idem
403 2467 559 2550 magister
584 2466 695 2532 Deseu
720 2488 778 2553 pro
804 2465 944 2550 Nicolao
970 2466 1038 2534 filio
1055 2469 1199 2534 eiusdem

80 2573 174 2640 Peteu
190 2575 229 2640 (16
238 2574 378 2642 walus
388 2581 421 2640 et
432 2573 600 2660 Stephano
615 2575 717 2642 fratrc
727 2577 870 2642 eiusdem
880 2577 959 2642 item
974 2599 1034 2661 pro
1045 2575 1196 2643 Adriano

80 2681 139 2748 filio
155 2682 300 2750 Ladislai
325 2685 365 2750 (16
382 2681 498 2751 Ahton
514 2683 617 2750 fratre
634 2685 777 2751 eiusdem
792 2685 970 2752 Laurencii
995 2708 1068 2752 cum
1083 2707 1197 2771 procn-

79 2793 200 2858 ratou'is
229 2793 348 2858 litteris
379 2799 556 2858 conventus
581 2794 770 2859 monasterii
801 2794 842 2860 (16
873 2793 981 2861 Koloz
998 2795 1196 2880 inpartibus

81 2899 310 2968 Transsilvanis
326 2903 360 2966 in
376 2901 498 2968 honore
514 2899 663 2984 Virginis
678 2902 820 2985 gloriose
835 2901 964 2968 fundati
981 2925 1090 2969 coram
1105 2904 1198 2970 nobis

80 3010 283 3094 comparendo
309 3032 406 3095 super
430 3016 535 3077 morte
560 3031 616 3076 scu
641 3010 816 3076 homicidio
841 3011 1004 3077 dictorum
1029 3012 1135 3078 Peteu
1158 3013 1198 3078 (16

25 3169 46 3182 ,Α
79 3115 207 3183 Kulrlus
238 3123 271 3182 et
285 3117 461 3184 Laurencii
478 3117 518 3183 de
534 3113 649 3185 Ahton
666 3139 705 3182 ac
720 3118 884 3184 Dominici
911 3119 950 3184 de
976 3119 1142 3204 Zalazegh
1159 3143 1198 3186 ex

78 3244 129 3287 sua
153 3231 187 3289 et
210 3224 372 3291 dictorum
397 3223 528 3290 Nicolsi
554 3223 614 3290 filii
640 3225 785 3290 eiusdem
809 3225 915 3292 Peteu
940 3227 980 3292 dc
1005 3225 1146 3293 walus
1161 3235 1195 3296 et

78 3329 226 3417 Stephani
243 3334 355 3400 fratris
372 3333 515 3400 ciusdem
531 3355 569 3399 ac
584 3331 727 3400 Adriani
737 3333 850 3400 fratris
866 3335 1005 3419 predicti
1020 3335 1196 3403 Laurencii

76 3441 221 3525 partibus,
231 3441 360 3508 eosdem
369 3442 532 3509 Mathiam
541 3441 643 3508 filium
654 3440 787 3509 Andrce
797 3451 831 3510 ct
840 3443 1043 3528 Stephanum
1054 3448 1198 3530 preposi-

77 3557 141 3614 tum
155 3549 287 3616 fratrem
304 3573 396 3616 suum
412 3552 490 3616 item
506 3551 699 3616 Lsdislauni
717 3557 749 3616 et
766 3552 791 3618 J
793 3553 955 3620 ohannem
963 3551 1049 3617 filios
1064 3551 1196 3618 Nicolai

76 3656 127 3722 filii
142 3657 282 3743 Iwanlra,
298 3658 472 3726 Nicolaum
488 3661 627 3726 Petrum
642 3659 826 3726 Barrabam
851 3667 883 3726 et
899 3659 1091 3726 Ladislaum
1112 3660 1197 3726 filios

76 3763 209 3832 Emerici
224 3790 262 3834 ac
278 3765 453 3833 Nicolaum
469 3767 572 3832 filium
590 3765 692 3833 Sexee
718 3766 862 3832 reddidit
898 3769 1066 3851 expeditos
1082 3820 1089 3834 .
1106 3819 1113 3834 .
1129 3767 1197 3835 Da·

78 3876 187 3940 lumin
201 3873 283 3942 Alto
300 3874 426 3961 Castro,
444 3877 548 3943 tercio
565 3877 616 3942 dic
634 3877 763 3942 termini
779 3877 952 3962 prenotati,
969 3898 1054 3943 anno
1072 3877 1192 3943 domini

78 3978 126 4045 ll⁰
140 3980 239 4050 000ο
253 3983 346 4050 XX⁰
369 4006 464 4051 nono.

174 4147 325 4213 Edtlapjdn
339 4150 432 4214 pecsot
444 4149 603 4214 nyomaival
616 4167 623 4216 3
637 4149 766 4214 credetijs
779 4163 898 4216 megvsn
911 4163 943 4200 az
957 4165 1027 4201 orsz.
1050 4151 1081 4200 lt.
1096 4149 1195 4202 kinost.

78 4240 136 4286 oszt.
154 4236 187 4287 N.
200 4238 232 4289 R.
247 4237 279 4288 Δ.
303 4243 345 4290 33.
366 4243 388 4292 1.
402 4239 468 4304 dipl.
491 4241 522 4291 lt.
546 4243 625 4292 2536.
638 4240 719 4291 Kozli
731 4257 736 4290 :
748 4241 851 4292 Vincze
865 4241 966 4292 oscor.

551 4489 712 4503 -——-
