3154 5474
579 485 808 549 l33l.oor.8.
1195 488 1257 550 559

123 667 156 727 ut
173 663 374 747 prediximus
391 663 484 748 facte,
500 665 644 748 exceptis
655 662 912 746 possessionibus
929 663 1076 748 Wepsyn
1093 671 1126 730 et
1142 665 1256 748 Meger

123 771 256 855 vocatis,
276 772 369 837 iuxta
385 773 596 838 collacionem
613 773 737 854 regiam
755 771 859 837 eidem
876 772 1005 838 domino
1031 773 1155 839 Thome
1171 795 1254 857 woy-

122 879 205 944 uode
232 902 314 964 pure
346 887 379 946 et
405 881 595 966 simpliciter
621 881 799 964 resignavit
814 881 940 947 nullum
956 882 1005 947 ins
1022 932 1053 947 ..
1080 881 1120 948 de
1137 883 1259 946 eisdem

122 988 327 1074 reservando,
353 990 572 1056 salvatamen
597 989 820 1074 prohibicione
845 991 878 1054 in
904 991 1085 1056 statucione
1100 991 1259 1076 predicta-

121 1118 193 1161 rum
225 1099 462 1181 possessionum
488 1097 623 1183 Vepsyn
654 1102 688 1163 et
715 1096 830 1182 Meger
860 1104 1011 1182 protecto
1042 1099 1138 1166 modo
1169 1099 1256 1165 facta

121 1213 320 1292 remanente,
354 1229 492 1292 quarum
528 1207 613 1272 enim
644 1207 881 1290 possessionum
913 1206 1044 1292 Vepsen
1075 1211 1108 1274 et
1137 1207 1255 1291 Meger-

123 1319 312 1380 rocatarum
328 1313 450 1380 sactum
468 1313 635 1398 sortilegio
660 1314 728 1380 litis
753 1318 865 1398 partes
881 1315 1055 1382 voluerunt
1071 1317 1253 1398 terminari;

124 1421 210 1486 unde
237 1445 311 1488 cum
336 1423 379 1488 ad
404 1425 618 1489 statucionem
642 1422 863 1508 predictarum
880 1425 1116 1507 possessionum
1131 1425 1256 1506 Menke,

125 1530 261 1614 Topsun
278 1531 443 1597 Terebezd
468 1530 585 1598 Sithhe
605 1531 697 1598 Zoob
722 1530 858 1597 Benneh
881 1530 969 1598 Pata
984 1539 1017 1598 et
1033 1533 1170 1617 Esgrem
1185 1555 1257 1619 pre-

123 1639 222 1705 misso
250 1639 347 1705 modo
372 1641 612 1724 resignatarum
638 1639 734 1705 homo
760 1641 868 1723 regius
894 1646 927 1706 et
951 1647 1096 1707 vestrum
1111 1643 1254 1708 testimo-

122 1749 212 1813 nium
253 1754 290 1813 ut
321 1729 444 1833 partes'
463 1749 637 1815 uoluerunt
678 1749 821 1814 existant
859 1751 1042 1835 necessarii,
1073 1752 1255 1818 amiciciam

124 1863 266 1922 vestram
284 1907 314 1922 ..
345 1859 485 1941 petimus
503 1908 534 1924 ..
566 1861 727 1943 quatenus
744 1908 751 1923 .
769 1907 775 1922 .
792 1863 935 1924 vestrum
955 1859 1165 1926 hominem..
1196 1881 1255 1944 pro

125 1965 313 2031 testimonio
329 1967 560 2032 transmittatis
585 1968 619 2032 in
637 1967 727 2032 cuius
751 1967 920 2050 presencia
944 1966 1036 2032 Beke
1060 1967 1146 2034 filius
1162 1969 1256 2033 Petri

122 2074 171 2138 rel
198 2073 391 2139 Dominieus
416 2073 502 2139 filius
527 2074 633 2140 Heem
650 2075 689 2140 de
705 2074 841 2140 Kuthus
867 2077 972 2141 altero
999 2076 1254 2142 absentehomo

123 2181 245 2246 domini
280 2183 366 2264 regis
392 2181 575 2248 adfaciem
606 2182 768 2248 dictarum
800 2184 1087 2267 possessionum..
1119 2185 1254 2250 accedat

123 2295 154 2354 et
170 2288 301 2355 easdem
317 2341 324 2355 .
340 2340 347 2355 .
378 2290 561 2356 reambulet
575 2312 634 2375 per
650 2297 773 2357 veteres
789 2298 892 2358 metas
918 2298 951 2357 et
976 2293 1138 2376 antiquas,
1164 2292 1252 2358 sacta

121 2420 252 2483 quoque
276 2399 536 2464 reambulacione
553 2449 559 2464 .
577 2449 583 2465 .
615 2421 679 2466 uon
705 2399 855 2465 obstante
872 2399 1133 2466 contradiccione
1150 2401 1252 2485 ipsius

121 2507 270 2589 magistri
295 2506 321 2573 J
322 2507 459 2574 ohannis
484 2507 542 2572 filii
558 2508 686 2591 Hench,
703 2509 730 2574 si
755 2530 814 2592 per
830 2508 912 2574 alios
927 2530 992 2574 non
1008 2508 1108 2574 fuerit
1124 2515 1251 2575 contra-

121 2615 253 2700 dictum,
283 2616 346 2701 ipsi
377 2616 506 2682 domino
539 2617 663 2683 Thema
694 2617 849 2702 uoyuode
875 2623 908 2682 et
933 2619 997 2683 suis
1027 2617 1249 2685 heredibus..

116 2725 210 2790 iuxta
242 2725 364 2809 regiam
399 2725 608 2790 collacionem
634 2725 705 2790 iure
728 2731 885 2809 perpetuo
903 2775 934 2792 ..
965 2730 1091 2792 statuat
1120 2727 1250 2792 casdem

115 2831 328 2914 possidendas
345 2881 375 2897 ..
407 2831 533 2897 Datum
557 2831 650 2897 Bude
667 2833 790 2900 decimo
807 2833 858 2898 die
884 2833 1120 2917 quindenarum
1146 2837 1250 2902 sancti

115 2941 202 3024 regis
228 2938 387 3022 Stephani
402 2940 630 3026 predictarum,
657 2962 742 3007 anno
768 2941 890 3007 domini
914 2941 968 3006 Μ0
992 2939 1093 3008 0000
1119 2941 1250 3007 XXX⁰

113 3049 232 3132 primo.
270 3047 339 3113 Nos
370 3049 517 3131 igitur..
551 3071 624 3115 cum
657 3050 804 3135 predicto
838 3050 1010 3116 Dominico
1040 3051 1109 3116 filio
1140 3053 1248 3138 Heym

113 3158 245 3224 homine
261 3164 367 3223 vestro
393 3158 530 3224 eundem
554 3159 714 3225 Thomam
745 3159 962 3243 presbiterum
987 3160 1109 3225 socium
1125 3165 1159 3225 et
1174 3183 1248 3226 con-

113 3267 306 3332 canonicum
321 3271 466 3333 nostrum
484 3317 490 3333 .
508 3317 514 3332 .
532 3268 828 3350 transmisissemus,
846 3268 903 3351 qui
920 3266 1049 3350 quidem
1066 3267 1247 3333 demumad

112 3397 172 3442 nos
198 3377 319 3442 reversi
336 3377 428 3443 nobis
444 3427 474 3441 ..
502 3377 692 3460 retulerunt,
719 3375 807 3461 quod
822 3375 907 3440 idern
932 3375 1123 3442 Dominieus
1151 3377 1246 3444 homo

110 3489 222 3550 vester
262 3487 295 3550 in
336 3485 480 3552 eiusdem
510 3485 651 3552 hominis
688 3486 791 3552 nostri
825 3486 993 3569 presencia
1027 3487 1129 3551 tercia
1163 3485 1246 3551 feria

109 3594 263 3676 proxima
279 3599 356 3660 ante
372 3593 490 3660 festum
506 3593 594 3660 beati
611 3593 783 3659 Michaelis
806 3593 995 3678 archangeli
1011 3595 1156 3679 proxime
1173 3616 1245 3678 pre-

109 3703 247 3767 teritum
279 3702 320 3769 ad
345 3701 444 3769 facies
471 3703 635 3768 dictarum
660 3703 899 3787 possessionum
932 3702 1081 3768 videlicet
1108 3703 1242 3787 Topsun

108 3809 278 3876 Terebezd
308 3809 432 3896 Sythhe
451 3810 544 3878 Zoob
570 3815 603 3878 et
618 3811 755 3878 Bennck
780 3812 990 3878 accessissent
1006 3811 1041 3876 et
1056 3814 1240 3878 conuocatis

106 3919 223 3984 ricinis
240 3924 273 3984 et
289 3921 516 3986 commetaneis
533 3920 718 3986 earumdem
737 3921 882 4005 legitime
899 3921 982 3986 sicut
1008 3919 1128 3985 dicitur
1155 3921 1243 3988 infra

105 4027 295 4112 specialiter
309 4027 566 4095 reambulassent
582 4051 639 4114 per
654 4050 745 4095 ueras
755 4035 859 4095 metas
876 4032 909 4094 et
920 4029 1082 4113 antiquae,
1100 4049 1240 4112 quarum

103 4135 345 4219 possessionum
370 4135 503 4221 Topsun
528 4136 693 4204 Terebezd
718 4143 751 4204 et
767 4135 890 4222 Sythlre
915 4137 1022 4222 prima
1048 4142 1136 4202 meta
1152 4137 1238 4203 ride-

103 4245 186 4309 licet
202 4245 304 4327 ipsius
330 4250 415 4310 terre
441 4267 498 4311 seu
522 4245 598 4311 rille
625 4245 758 4331 Topsun
783 4245 927 4331 predicte
952 4245 1068 4328 incipit
1098 4267 1119 4311 a
1144 4254 1238 4330 parte

101 4354 302 4422 occidentali
319 4355 359 4422 de
374 4357 477 4422 rivulo
502 4356 596 4424 Haas
612 4363 727 4425 vocato
754 4361 786 4424 et
811 4358 917 4424 tendit
942 4357 985 4423 ad
1010 4357 1170 4423 orientem
1199 4358 1239 4423 de

101 4486 240 4532 nemore
255 4464 298 4531 ad
314 4487 413 4530 unam
427 4471 547 4532 metam
565 4471 702 4532 terream
719 4467 805 4533 circa
822 4465 972 4533 arborem
983 4465 1080 4530 silicis
1098 4465 1238 4530 existen-

101 4581 174 4640 tem
190 4575 282 4639 iuxta
296 4573 496 4640 vicinitatem
505 4576 716 4660 possessionis
733 4573 903 4640 cuiusdam
914 4573 1030 4640 nobilis
1047 4570 1147 4638 Anda
1157 4597 1238 4640 nun-

101 4686 225 4770 cupate
242 4685 370 4766 aparte
386 4681 643 4766 septemtrionali
670 4683 846 4768 existentis,
872 4681 913 4748 ab
938 4681 1012 4746 inde
1037 4680 1237 4748 adeundam
