3132 5470
307 454 373 516 314
659 469 847 548 assensum
863 457 1079 516 ornturrtn.

305 633 489 699 stinandum
501 633 541 698 ad
552 633 707 718 premissa
717 631 905 714 exequenda
921 634 977 715 qui
994 683 1001 698 .
1018 683 1024 697 .
1042 633 1225 698 retulerunt
1236 631 1329 715 quod
1339 634 1443 698 tercia

305 743 386 808 feria
402 747 475 826 post
491 741 609 808 festum
626 742 713 807 beati
738 741 915 806 Laurencii
940 741 1086 806 martiris
1117 741 1265 825 proxime
1281 743 1444 826 preterita

304 849 478 917 adfaciem
496 848 638 915 eiusdem
655 849 864 932 possessionis
880 847 976 933 Nyelr
1001 851 1036 914 in
1062 849 1221 915 comitatu
1246 847 1442 934 Syrimiensi

305 959 472 1024 existentis
499 960 709 1024 accessissent
734 957 935 1041 eandemque
951 955 1080 1042 lapidea
1097 958 1234 1023 ecclesia
1265 959 1301 1022 in
1318 958 1461 1027 bonore.

304 1067 391 1134 beati
408 1068 500 1134 Petri
517 1069 673 1152 principis
689 1067 873 1152 apostolum
889 1065 1045 1132 inibidem
1062 1065 1208 1148 fundata,
1225 1067 1316 1132 silvis
1337 1069 1444 1153 pratis

303 1175 418 1242 tenetis
434 1177 570 1260 aliisque
587 1175 736 1241 omnibus
762 1175 960 1240 utilitatibus
987 1175 1052 1240 suis
1080 1180 1113 1241 et
1142 1177 1354 1260 pertinenciis
1371 1178 1443 1242 nui-

303 1287 403 1351 rersis
428 1285 612 1351 convocatis
638 1285 750 1350 ricinis
784 1283 1018 1350 reambulando
1049 1283 1136 1349 idem
1160 1283 1257 1352 homo
1283 1292 1443 1352 vester..

303 1393 430 1478 prefato
447 1391 618 1477 magnifico
633 1393 702 1457 viro
720 1391 1006 1477 Thomewoyvode
1017 1391 1250 1459 Transsiluano
1268 1396 1444 1460 statuisset

303 1507 459 1587 perpetuo
485 1500 712 1586 possidendam
736 1501 828 1567 nullo
853 1501 983 1584 penitus
996 1501 1236 1568 contradictore
1262 1504 1444 1584 existente;

303 1609 528 1694 uniusquidem
558 1609 766 1694 possessionis
797 1607 893 1695 Nyek
925 1631 1037 1675 cursus
1069 1615 1230 1676 metarum
1257 1660 1265 1676 .
1291 1661 1298 1676 .
1325 1611 1442 1676 taliter

302 1716 523 1802 distinguntur
534 1743 539 1783 :
551 1715 639 1801 quod
663 1717 768 1801 primo
784 1717 899 1800 incipit
914 1739 934 1784 a
949 1723 1044 1802 parte
1060 1719 1194 1784 orientis
1211 1741 1309 1804 super
1327 1719 1437 1784 tribus

301 1827 398 1892 metis
415 1825 624 1910 angularibus
640 1847 779 1909 quarum
795 1847 860 1890 una
876 1849 896 1892 a
927 1829 1157 1910 septemtrione
1182 1829 1332 1911 magistri
1350 1825 1440 1893 Lau·

301 1936 403 2000 rencii
419 1935 497 2002 dicti
514 1933 677 2020 Oyttuuar
692 1935 797 2000 altera
814 1933 855 1999 ab
872 1935 996 2001 oriente
1021 1935 1115 2002 Petri
1140 1935 1201 2001 filii
1216 1937 1315 2002 Bauk
1332 1939 1439 2002 tercia

302 2045 445 2110 eiusdem
461 2044 671 2130 possessionis
687 2042 783 2129 Nyek
799 2043 840 2108 ab
857 2044 1034 2129 occidente,
1050 2045 1125 2110 inde
1141 2049 1251 2110 autem
1277 2047 1439 2111 currenti-

301 2151 362 2218 bus
379 2154 473 2218 metis
489 2153 690 2236 interpositis
706 2173 817 2218 versus
833 2152 1000 2218 meridiem
1026 2153 1116 2218 vadit
1131 2153 1174 2218 ad
1189 2152 1273 2220 alias
1289 2159 1358 2218 tres
1374 2174 1441 2218 me-

302 2267 353 2327 tas
369 2261 543 2344 angulares
561 2282 699 2345 quarum
730 2281 796 2325 una
811 2280 831 2323 a
846 2263 942 2344 parte
957 2260 1091 2326 omentis
1107 2260 1250 2326 eumdem
1266 2258 1363 2326 Petri
1380 2259 1440 2325 filii

301 2368 399 2436 Bauk
424 2370 530 2436 altera
554 2391 574 2436 a
599 2375 692 2454 parte
717 2367 864 2434 meridiei
889 2366 1027 2434 Martini
1053 2367 1113 2433 lilii
1137 2369 1316 2435 Laurenoii
1333 2369 1441 2436 tercia

302 2477 445 2544 eiusdem
461 2478 654 2564 possessioni
670 2476 765 2561 Nyelr
782 2477 824 2542 ab
841 2476 1017 2560 occidente,
1049 2476 1166 2543 deinde
1182 2499 1259 2543 vero
1277 2479 1440 2544 currenti·

300 2587 360 2654 bus
376 2590 471 2654 metis
487 2587 687 2670 interpositis
716 2587 783 2651 itur
798 2606 908 2650 versus
925 2586 1125 2652 occidentem
1142 2587 1293 2652 similiter
1310 2587 1353 2653 ad
1371 2594 1440 2654 tres

300 2701 403 2762 metas
418 2695 590 2780 angulares
607 2715 745 2778 quarum
761 2716 827 2760 una
842 2717 862 2760 a
878 2699 972 2779 parte
982 2695 1117 2761 orientis
1133 2693 1279 2760 eiusdem
1295 2693 1439 2762 Martini

299 2803 358 2868 filii
374 2803 550 2870 Laurenoii
566 2804 673 2870 altera
688 2802 713 2870 J
715 2803 852 2869 ohannis
868 2801 927 2868 filii
943 2803 1043 2868 Mark
1059 2802 1140 2868 dicti
1165 2802 1282 2888 Durgo
1299 2828 1320 2870 a
1335 2805 1438 2890 plaga

299 2913 505 2979 meridionali
521 2913 624 2978 tercia
649 2913 791 2978 existens
807 2934 826 2976 a
842 2912 1071 2996 septemtrione
1096 2912 1198 2995 ipsius
1222 2913 1440 2996 possessionis

300 3017 404 3104 Nyelr,
431 3020 547 3086 dehinc
573 3019 820 3104 quampluribus
837 3019 932 3085 metis
957 3019 1158 3085 evidentibus
1184 3019 1312 3084 tamin
1340 3022 1438 3105 aquis

300 3150 398 3212 quam
414 3129 447 3193 in
464 3129 636 3195 arboribus
667 3129 781 3214 positis
797 3134 830 3194 et
846 3127 1048 3194 circumfusis
1064 3149 1175 3194 versus
1200 3126 1371 3193 meridiem
1390 3149 1438 3194 re·
1563 3197 1564 3200 ,

299 3218 442 3302 flectitur
458 3236 499 3301 ad
525 3243 591 3302 tres
607 3242 711 3302 metas
727 3237 899 3320 angulares
916 3258 1055 3320 quarum
1070 3259 1136 3302 una
1151 3241 1283 3321 aparte
1300 3237 1438 3302 orientis

300 3344 443 3410 eiusdem
470 3345 635 3411 «lobannis
651 3343 709 3409 filii
736 3342 835 3410 Marlr
852 3345 917 3410 alia
942 3367 962 3409 a
986 3349 1080 3430 parte
1104 3345 1251 3410 meridiei
1267 3345 1438 3412 Dominici

298 3450 357 3516 filii
373 3451 469 3517 Pauli
485 3454 616 3519 terciaa
632 3455 730 3538 plaga
746 3455 1005 3538 septemptrionis
1021 3455 1090 3519 eius
1105 3454 1318 3538 possessionis
1328 3453 1361 3518 N
1363 3455 1437 3538 yelr,

297 3559 502 3644 postmodum
519 3563 612 3627 metis
621 3563 821 3646 interpositis
832 3562 975 3627 curritur
985 3563 1027 3628 ad
1037 3563 1170 3647 plagam
1188 3563 1436 3647 septemtrionis
1562 3595 1563 3620 2

297 3667 406 3751 ibique
422 3669 507 3734 circa
522 3669 628 3736 locum
644 3669 805 3754 quendam
821 3689 979 3752 aquosum
995 3667 1089 3736 Aran
1099 3675 1250 3736 vocatum
1265 3675 1434 3736 tresmete

297 3777 470 3860 angulares
486 3799 525 3842 ex
541 3776 658 3862 quibus
674 3799 739 3844 una
755 3776 897 3843 eiusdem
923 3777 1088 3844 Dominici
1105 3777 1165 3844 filii
1182 3778 1282 3844 Pauli
1298 3803 1319 3844 a
1336 3781 1436 3864 plaga

297 3885 502 3951 meridionali
518 3886 623 3952 altera
640 3883 792 3969 Gregorii
808 3885 865 3951 filii
883 3883 1062 3971 Augustini
1086 3886 1128 3953 ab
1145 3887 1314 3954 occidente
1332 3890 1437 3954 tercia
1561 3891 1562 3950 i

297 3995 397 4076 ipsius
413 3995 621 4077 possessionis
652 3994 748 4078 Nyelr
764 3993 805 4058 ab
823 3996 954 4079 oriente,
973 4002 1134 4080 preterea¹
1147 4018 1207 4082 per
1224 3997 1322 4062 silvas
1340 3999 1436 4064 metis

296 4103 495 4186 interpositis
512 4104 716 4169 currentibus
732 4125 843 4169 versus
869 4107 1135 4190 septemtrionem
1159 4108 1291 4172 venitur
1307 4107 1352 4172 ad
1368 4113 1436 4171 tres

296 4217 400 4277 metas
417 4211 587 4294 angulares
604 4234 741 4296 quarum
758 4234 823 4278 una
840 4213 983 4279 eiusdem
999 4211 1153 4300 Gregorii
1169 4213 1230 4280 filii
1246 4212 1433 4298 Augustini

297 4339 395 4400 supra
411 4323 541 4400 pratum
557 4340 657 4384 unum
672 4319 779 4403 posita
794 4340 814 4384 a
830 4325 923 4404 parte
954 4322 1101 4388 meridiei
1127 4323 1194 4388 alia
1219 4321 1302 4389 dicti
1317 4321 1434 4388 Domi-

297 4424 361 4488 nici
377 4422 435 4488 filii
451 4423 549 4490 Pauli
565 4449 584 4491 a
600 4431 692 4510 parte
709 4427 948 4511 septemtrionis
965 4432 1065 4496 tercia
1090 4431 1192 4515 ipsius
1217 4431 1435 4516 possessionis

296 4530 391 4614 Nyek
407 4531 448 4596 ab
464 4534 596 4617 oriente,
604 4539 840 4618 cousequenter
856 4537 974 4602 transit
989 4538 1031 4603 ad
1047 4539 1179 4622 plagam
1195 4539 1391 4605 orientalem
1402 4545 1435 4602 et
1559 4581 1560 4616 p

296 4639 391 4704 metis
407 4640 604 4724 interpositis
621 4645 806 4729 pervenitur
821 4643 863 4708 ad
880 4649 945 4710 tres
961 4653 1064 4713 metas
1075 4647 1249 4734 angulares
1260 4669 1302 4712 ex
1314 4647 1435 4732 quibus
