3130 5470
293 441 358 507 412
644 459 832 515 arrouuonr
848 449 1064 509 osulurrln.

293 623 414 688 nobilis
445 626 482 688 de
491 625 635 711 scaradio
651 628 737 712 repis
763 643 860 708 penes
886 624 998 689 villam
1022 623 1116 708 Egeg
1142 625 1283 691 existens
1298 623 1336 690 ab
1351 645 1407 690 una
1532 623 1533 698 l

294 736 387 812 parte
403 727 555 796 Andreas
586 754 662 796 vero
677 732 764 798 filius
781 732 907 816 Sumug
923 733 1048 798 scilicet
1073 730 1158 798 filius
1184 733 1304 800 sororis
1318 733 1405 816 ipsius

294 838 387 904 Petri
403 839 464 905 filii
479 837 608 905 Abram
640 841 814 905 existentes
838 841 872 905 in
897 841 975 906 villa
1001 844 1033 904 et
1057 842 1260 924 possessione
1291 841 1408 906 ecclesie

294 951 404 1012 nostre
420 946 513 1032 Egeg
529 953 644 1012 vocata
669 947 711 1012 ad
727 948 833 1012 altera
858 949 900 1012 ad
924 951 1071 1014 nostram
1095 949 1310 1033 personaliter
1333 967 1409 1011 acce

166 1059 169 1066 “
295 1053 399 1120 dendo
430 1057 628 1139 presenciam
652 1056 745 1122 nobis
771 1057 975 1122 concorditer
999 1057 1192 1139 retulerunt,
1223 1055 1310 1141 quod
1326 1077 1412 1122 causa

296 1184 358 1247 que
374 1165 460 1229 inter
474 1165 560 1249 ipsos
577 1169 645 1230 tam
662 1187 759 1248 super
774 1169 892 1249 quarta
918 1169 1012 1248 parte
1036 1167 1175 1250 puellari
1201 1188 1264 1250 que
1296 1165 1333 1230 de
1347 1186 1410 1250 pos-

296 1274 436 1338 sessione
452 1273 553 1356 ipsius
569 1270 704 1338 Andree
720 1272 780 1338 filii
796 1271 889 1338 Petri
905 1273 1010 1356 ipsum
1028 1273 1068 1339 de
1092 1275 1163 1340 iure
1182 1276 1410 1358 contingentem

296 1383 358 1464 ipsi
373 1379 507 1446 Andree
523 1380 591 1446 filio
610 1379 734 1466 Sumug
750 1381 876 1448 scilicet
890 1382 1021 1447 racione
1037 1389 1155 1465 quarte
1171 1383 1277 1467 partis
1293 1382 1410 1447 domine

296 1491 410 1556 matris
426 1491 528 1574 ipsius
544 1491 684 1556 attinere
701 1496 734 1555 et
749 1491 912 1575 pertinere
923 1490 1087 1556 debuisset
1099 1513 1197 1574 quam
1215 1492 1318 1558 eciam
1327 1512 1411 1574 super

296 1598 383 1664 facto
400 1599 537 1664 duorum
552 1600 720 1665 vulnerum
737 1599 966 1666 scilicetunius
975 1599 1078 1684 gladii
1094 1605 1127 1664 et
1143 1600 1279 1665 alterius
1295 1597 1412 1664 biccclli

295 1729 354 1791 per
369 1707 491 1773 dictum
507 1704 676 1774 Andream
700 1706 802 1773 filium
826 1707 919 1774 Petri
935 1729 1031 1792 super
1047 1707 1217 1774 Andream
1243 1707 1344 1773 filium
1358 1705 1409 1773 Su-

252 1837 256 1846 ’
296 1841 374 1903 mug
389 1817 489 1884 fuisse
505 1824 538 1883 et
553 1822 757 1902 perpetrasse
767 1816 995 1901 affirmassent,
1007 1839 1104 1902 super
1120 1839 1184 1901 quo
1201 1823 1338 1902 absuper
1353 1816 1412 1900 qui-

296 1927 357 1993 bus
374 1929 503 1994 causis.
520 1979 527 1992 .
543 1928 655 1993 taliter
666 1927 819 1993 dixerunt
830 1928 1041 1994 concordasse
1052 1949 1177 1994 necnon
1188 1927 1413 1994 concordarunt

298 2037 386 2124 quod
402 2037 567 2122 predictus
592 2035 745 2102 Andreas
769 2035 855 2102 filius
880 2035 973 2102 Petri
998 2036 1166 2102 dimidiam
1181 2039 1307 2120 partem
1322 2036 1414 2102 tocius

298 2147 508 2232 possessionis
522 2145 623 2228 ipsius
639 2145 745 2230 ipsum
762 2145 802 2210 de
817 2145 888 2210 iure
905 2146 1148 2228 contingentem
1165 2143 1414 2227 scilicetpartem

299 2253 400 2336 ipsius
417 2252 549 2318 dimidie
564 2253 668 2336 partis
693 2273 752 2337 pro
779 2251 867 2316 diota
884 2257 1003 2336 quarta
1033 2251 1174 2336 puellari
1198 2252 1311 2316 matris
1326 2250 1415 2334 ipsius

299 2359 432 2426 Andree
447 2359 507 2426 filii
523 2359 647 2444 Sumug
664 2367 697 2425 et
712 2363 838 2444 partem
856 2382 915 2443 pro
926 2360 1081 2444 predictis
1098 2337 1224 2425 dubbus
1239 2358 1413 2424 vulneribus

300 2489 398 2554 super
423 2469 528 2554 ipsum
544 2465 714 2534 Andream
730 2467 835 2533 filium
852 2465 978 2551 Sumug
1002 2469 1201 2552 perpetratis
1226 2489 1346 2533 necnon
1361 2487 1413 2550 pro

297 2576 422 2643 duobus
447 2579 565 2642 marcis
590 2597 672 2660 quas
697 2572 849 2641 Andreas
873 2574 959 2640 filius
985 2573 1109 2660 Sumug
1124 2575 1273 2660 predicto
1289 2571 1411 2640 Andree

297 2683 364 2751 filio
381 2685 474 2752 Petri
488 2686 646 2771 persolvit
671 2705 781 2750 coram
796 2684 891 2750 nobis
909 2707 982 2750 oum
999 2685 1148 2750 omnibus
1174 2683 1368 2750 utilitatibus
1384 2686 1412 2745 et

296 2797 505 2881 pertinenciis
522 2795 679 2861 universis
696 2794 819 2859 scilicet
836 2815 910 2859 oum
926 2795 1022 2859 terris
1048 2793 1227 2859 arabilibus
1254 2793 1352 2878 pratis
1367 2812 1414 2856 ne-

299 2903 442 2970 moribus
459 2905 546 2970 silvis
562 2904 718 2969 universis
735 2903 935 2968 utilitatibus
952 2925 1026 2968 oum
1051 2902 1164 2968 eadem
1190 2906 1224 2966 et
1240 2922 1334 2984 super
1348 2921 1414 2964 ean·

298 3013 371 3077 dem
387 3011 593 3078 nobilitatem
617 3013 740 3096 inqua
764 3010 850 3076 idem
876 3008 1030 3076 Andreas
1054 3009 1141 3075 filius
1166 3008 1261 3074 Petri
1285 3029 1413 3073 unacum

296 3121 450 3206 proximis
467 3121 531 3185 suis
547 3121 650 3203 ipsam
675 3120 906 3204 possessionem
930 3141 1032 3203 usque
1056 3119 1122 3184 huc
1146 3121 1361 3182 conservasset
1383 3118 1417 3179 et

298 3230 495 3314 possedisset
511 3230 644 3314 propria
661 3250 721 3293 sua
745 3229 913 3294 voluntate
939 3228 1030 3294 dedit
1055 3226 1202 3293 vendidit
1227 3225 1359 3292 contulit
1379 3229 1412 3288 et

298 3338 431 3404 donavit
463 3339 534 3402 iure
568 3336 765 3402 hereditario
801 3341 834 3401 et
864 3336 1120 3402 irrevocabiliter
1150 3332 1413 3418 possidendam..

299 3447 360 3510 tali
375 3449 484 3511 autem
501 3445 697 3529 obligamine
714 3467 747 3510 se
764 3445 848 3527 ipsos
859 3444 1034 3528 obligando
1047 3443 1133 3527 quod
1149 3444 1176 3508 si
1193 3441 1413 3527 qualibetpars

299 3555 367 3618 sine
382 3554 500 3619 herede
517 3553 670 3620 decedere
695 3553 744 3617 vel
762 3553 844 3616 mori
872 3553 1067 3636 contingerit
1092 3552 1144 3617 vel
1169 3551 1272 3616 eciam
1287 3549 1413 3614 vendere

298 3663 437 3728 voluerit
453 3683 495 3726 an
511 3661 657 3744 obligare
674 3666 793 3727 extunc
809 3683 874 3726 una
904 3683 979 3744 pars
994 3663 1045 3727 vel
1061 3662 1110 3726 sui
1137 3680 1336 3726 successores
1351 3678 1414 3721 ven·

297 3771 374 3835 dere
390 3771 468 3835 dare
485 3777 518 3836 et
534 3771 679 3854 obligare
696 3771 793 3835 alteri
808 3790 873 3834 non
898 3769 1002 3854 possit
1017 3769 1080 3834 nisi
1105 3769 1191 3834 inter
1213 3769 1301 3858 ipsas
1316 3770 1414 3850 partes

296 3880 459 3963 predictas
474 3877 632 3962 possessio
648 3879 791 3961 ipsorum
823 3883 856 3942 et
886 3878 1031 3960 ipsorum
1062 3897 1286 3942 successorum
1301 3893 1414 3958 perma-

296 4007 372 4051 nere
390 3992 422 4052 et
438 3987 564 4050 diucius
581 3991 731 4050 teneatur
741 3991 774 4050 et
784 4006 977 4070 quacunque
992 3985 1155 4068 particula
1172 3984 1212 4048 do
1227 3983 1415 4068 possessione

297 4095 403 4177 sepius
420 4094 587 4158 nominata
602 4093 747 4158 alienata
762 4092 862 4158 fuerit
893 4099 926 4156 et
942 4091 1057 4157 fuisset
1082 4097 1115 4156 et
1141 4113 1335 4176 quacunque
1350 4109 1416 4172 pars

296 4201 399 4283 ipsam
415 4200 608 4265 reinvenerit
624 4199 758 4264 eandem
774 4201 869 4266 simul
895 4201 980 4266 sieut
995 4221 1061 4265 una
1077 4221 1152 4283 pars
1168 4200 1221 4265 vel
1237 4201 1288 4265 sui
1303 4219 1415 4264 succes·

295 4329 383 4374 sores
398 4309 446 4372 ita
461 4308 527 4373 elia
536 4329 613 4391 pars
629 4307 679 4372 vel
694 4308 837 4390 ipsorum
853 4329 1054 4374 successores
1064 4306 1285 4391 possidebunt,
1303 4327 1416 4372 assum·

296 4417 403 4497 sitque
418 4411 570 4479 Andreas
586 4414 775 4480 filiusPetri
786 4421 819 4480 et
835 4437 869 4480 se
884 4415 990 4499 ipsum
1007 4415 1165 4500 obligavit
1181 4421 1220 4480 ut
1236 4415 1263 4480 si
1273 4433 1417 4499 processu

296 4523 451 4604 temporis
491 4524 597 4606 ipsum
636 4521 805 4589 Andream
845 4521 948 4588 filium
980 4521 1105 4608 Sumug
1142 4523 1193 4588 vel
1232 4523 1334 4608 ipsius
1372 4543 1418 4586 su·

299 4649 458 4695 coessores
474 4631 603 4696 racione
619 4637 704 4696 terre
730 4639 762 4697 et
777 4633 987 4717 possessionis
1002 4630 1148 4714 predicto
1165 4631 1299 4696 dimidie
1323 4628 1419 4714 partis
