3154 5474
375 467 440 536 500
726 483 915 538 intonsom
931 469 1149 537 osntnrm‘m.

901 871 976 935 430.

380 1033 477 1100 1330.
502 1035 568 1120 jul.
602 1036 652 1098 13.
687 1032 713 1097 A
742 1035 1120 1118 percuterent-herimum
1143 1047 1274 1098 convent
1300 1035 1399 1098 Fekete
1419 1031 1470 1097 Aa·

375 1147 467 1208 droiat
492 1144 634 1208 Nriduad
658 1153 741 1207 nevo
771 1141 927 1207 Treucsc'n
952 1145 1136 1228 odrorepyei
1161 1141 1304 1206 birtokbo
1330 1142 1470 1224 beiktctjo.

484 1302 670 1369 Conventus
688 1303 822 1368 ecclesie
838 1303 1028 1369 monasterii
1044 1304 1149 1368 sancti
1165 1299 1336 1367 Benedicti
1350 1301 1385 1366 de
1399 1301 1469 1366 iuxta

375 1411 479 1479 Grom
494 1462 501 1478 .
519 1462 526 1475 .
542 1410 584 1476 ed
614 1412 836 1478 universorum
867 1412 1020 1476 noticiam
1051 1412 1198 1478 volumus
1214 1413 1382 1495 pervenire,
1410 1431 1469 1492 quo·

377 1520 474 1586 modo
506 1542 565 1586 nos
599 1543 638 1585 ex
672 1519 827 1584 mandato
858 1541 914 1585 sen
939 1525 1093 1604 precepto
1122 1570 1151 1584 ..
1178 1519 1343 1585 Karoli..
1366 1518 1473 1601 rep's..

376 1651 515 1695 unacum
531 1627 686 1694 Ladislao
703 1628 742 1693 de
758 1627 937 1693 Hachafew
953 1627 1181 1710 homineregio
1198 1628 1231 1691 in
1248 1625 1363 1691 eisdem
1378 1625 1472 1690 litteris

375 1739 566 1804 nominatim
583 1737 783 1822 specificato.
796 1735 981 1802 ,Andream
993 1735 1113 1801 Morua
1123 1742 1270 1802 nostrum
1286 1734 1472 1820 presbitemm

376 1869 477 1910 unum
494 1867 533 1910 ex
549 1847 641 1911 nobis
658 1846 699 1910 ad
715 1845 901 1931 peragenda
916 1845 1124 1928 infrascripta
1149 1851 1260 1910 nostro
1285 1865 1342 1928 pro
1359 1844 1474 1908 testim

377 1955 431 2049 nio
448 1953 649 2019 duxissemus
667 1953 904 2036 destinandum,
921 1955 976 2036 qui
994 1953 1121 2018 demum
1139 1953 1181 2017 od
1206 1974 1264 2017 nos
1280 1953 1392 2017 reversi
1405 1949 1477 2015 nobis

377 2062 581 2127 concorditer
596 2064 787 2146 retulerunt,
814 2062 902 2146 quod
918 2062 1003 2126 idem
1020 2061 1116 2127 homo
1133 2061 1241 2144 regius
1267 2065 1408 2144 presente
1421 2061 1475 2142 ipso

375 2177 489 2236 nostro
516 2171 699 2236 testimonio
724 2177 838 2236 octavo
864 2171 916 2236 die
941 2169 1015 2235 sesti
1040 2171 1209 2236 beatorum
1235 2169 1330 2235 Petri
1353 2175 1385 2234 et
1398 2166 1477 2232 Pauli

377 2278 599 2360 apostolorum
615 2279 762 2362 proxime
778 2299 864 2343 nunc
879 2277 1029 2361 preteriti
1047 2283 1079 2341 et
1095 2277 1167 2342 aliis
1184 2276 1297 2342 diebus
1313 2277 1355 2342 ad
1370 2272 1478 2342 idsnffi·

377 2385 536 2450 cientibus
552 2384 725 2450 adfaciem
756 2386 967 2468 possessionis
993 2383 1129 2450 Nadasd
1153 2391 1267 2450 vocat-e
1292 2386 1325 2449 in
1349 2385 1479 2450 comitatu

377 2492 622 2559 Trenchiniensi
638 2493 750 2559 habito
767 2514 845 2576 erga
860 2515 975 2558 manus
992 2491 1127 2558 Andree
1144 2493 1227 2578 nigri
1244 2492 1284 2556 de
1301 2492 1406 2557 eadem
1428 2492 1478 2554 eri·

379 2601 496 2666 stertis
511 2583 625 2666 vicinis
642 2607 675 2666 et
692 2603 919 2666 commetaneis
936 2601 1077 2666 eiusdem
1094 2602 1252 2666 universis
1263 2601 1331 2666 illic
1345 2599 1479 2684 legit-time

378 2710 561 2774 convocetis
579 2715 612 2774 et
640 2710 845 2792 presentibus
876 2709 1058 2774 accedendo
1084 2711 1276 2775 statuissent
1300 2715 1334 2774 et
1359 2708 1482 2790 reliquis-

376 2822 449 2882 sent
465 2817 599 2881 eandem
624 2816 752 2901 prefato
777 2815 912 2881 Andree
929 2819 962 2880 in
977 2817 1071 2881 metis
1097 2815 1393 2896 infradeclarandis‚
1408 2814 1481 2878 cuius

376 2931 463 2988 terre
479 2925 553 2988 ville
570 2932 790 2989 commetanee
806 2931 883 2990 sunt
897 2925 976 2990 heo:
995 2923 1036 2990 ab
1053 2925 1177 2990 oriente
1202 2924 1281 2988 villa
1296 2922 1480 3008 Egedhaaas-

376 3032 501 3097 nadasd
518 3031 600 3118 (igy)
618 3054 689 3096 cum
707 3054 772 3116 qua
787 3039 877 3098 tenet
901 3039 1022 3097 metam
1047 3031 1239 3116 melpatha'lr
1256 3039 1409 3112 vocatam,
1424 3029 1482 3094 inde

364 3140 482 3204 tendit
498 3140 539 3205 ad
556 3141 716 3223 quendam
733 3147 876 3206 montem
893 3143 949 3224 qui
965 3141 1060 3224 vulgo
1088 3139 1405 3206 Thrudovachehura
1419 3161 1482 3203 nun·

265 3295 268 3302 -
377 3253 517 3332 cupatur
531 3247 587 3312 ubi
604 3247 704 3313 habet
720 3255 838 3314 metam
857 3271 929 3314 cum
946 3248 1232 3333 Eghazasnadasd‚
1245 3271 1304 3334 per
1314 3250 1483 3314 aciemeius·

269 3385 274 3398 ¹
376 3357 449 3421 dem
474 3357 592 3421 montis
617 3357 776 3422 currendo
793 3357 881 3422 cadit
905 3359 939 3423 in
968 3357 1132 3442 quoddam
1152 3359 1293 3424 rivulum
1317 3360 1373 3443 qui
1397 3355 1483 3421 Zuha·

378 3464 538 3550 pruzinka
564 3463 684 3529 dicitur
716 3487 812 3549 quem
846 3465 992 3531 saliendo
1025 3467 1171 3531 ascendit
1196 3467 1362 3550 quandam
1386 3465 1482 3531 vallem

376 3571 633 3638 Klochochwald
649 3573 682 3636 in
700 3594 763 3655 quo
790 3567 998 3639 ¹ascendendo
1024 3575 1171 3657 pervenit
1186 3571 1229 3638 ad
1254 3597 1355 3639 unum
1372 3573 1482 3640 fontem.

376 3679 451 3744 inde
467 3678 573 3745 tendit
589 3678 631 3744 ad
647 3680 812 3762 quandam
828 3687 955 3765 petram
973 3681 1133 3747 currendo
1158 3688 1231 3765 pert
1248 3680 1262 3766 (
1277 3733 1284 3746 .
1303 3733 1309 3746 .
1326 3731 1334 3746 .
1351 3733 1359 3747 .
1375 3681 1388 3768 )
1403 3679 1482 3744 berch

376 3787 465 3852 eadit
474 3789 507 3850 in
518 3808 635 3871 aquam
646 3787 811 3852 Pruzinka
826 3796 983 3871 vocatam,
994 3789 1141 3855 saliendo
1151 3791 1297 3874 pervenit
1312 3791 1349 3854 in
1365 3789 1482 3854 rivulum

304 3881 306 3889 ¹
376 3897 431 3979 qni
441 3895 537 3978 uulgo
548 3894 831 3980 Moschapathaka
842 3897 970 3982 dicitur,
979 3898 1181 3964 ascendendo
1192 3899 1341 3982 pervenit
1352 3899 1394 3963 ed
1404 3917 1482 3962 unum

375 4004 497 4069 fontem
514 4002 570 4068 ubi
587 4007 676 4068 tenet
691 4011 812 4069 metam
829 4028 901 4070 cum
918 4006 1076 4089 prosumo,
1105 4006 1181 4071 inde
1207 4005 1315 4070 tendit
1331 4025 1484 4091 perunum

374 4110 485 4194 berch,
495 4111 654 4176 currendo
671 4133 729 4195 per
746 4111 759 4197 (
776 4163 929 4179 .......
946 4111 960 4200 )
978 4113 1120 4180 eiusdem
1137 4115 1285 4198 pervenit
1301 4115 1346 4180 ad
1362 4119 1483 4180 montem

378 4221 434 4304 qui
451 4219 547 4303 vulgo
564 4218 693 4306 (Haab)
710 4220 831 4286 dicitur
846 4223 921 4288 inde
939 4222 981 4287 ad
997 4219 1172 4308 (Poonam)
1198 4243 1309 4288 corani
1341 4220 1485 4300 Bidos-ky

374 4333 499 4408 vocata,
510 4326 584 4392 inde
595 4328 786 4394 declinando
803 4331 948 4396 saliendo
960 4353 1080 4416 aquam
1089 4329 1190 4396 Bolos
1200 4331 1406 4398 ascendendo
1416 4350 1487 4395 mon-

375 4442 441 4500 tom
458 4436 514 4517 qui
530 4436 626 4516 vulgo
642 4435 769 4502 Liri-dat
788 4439 908 4504 dicitur
929 4462 986 4522 per
1002 4441 1104 4504 eciem
1122 4439 1265 4506 eiusdem
1282 4441 1438 4506 currendo
1452 4457 1488 4501 as-

376 4542 541 4606 cendendo
558 4546 785 4626 supremitates
795 4548 936 4630 vallium,
947 4547 1022 4612 inde
1032 4548 1073 4614 ad
1085 4571 1182 4614 unum
1195 4549 1336 4614 rivulum
1354 4547 1489 4613 Zuhanos

377 4657 525 4714 vocatum
543 4651 697 4716 adunam
715 4661 840 4737 petram
858 4678 920 4738 que
938 4655 1070 4740 veresky
1082 4657 1266 4722 dicitnrubi
1285 4665 1376 4722 tenet
1388 4663 1486 4720 motem
