3154 5474
269 436 271 444 ·
372 420 437 480 496
741 424 1163 493 aurocronr-ouuturrin.

374 595 492 680 quibus
523 596 564 662 ad
592 619 665 662 eum
690 597 850 680 pertinuit
873 597 1019 681 predicto
1045 595 1151 662 Paulo
1184 602 1217 661 et
1249 598 1311 662 suis
1325 597 1469 662 heredibus

372 706 406 770 iu
430 706 704 789 permutacionem
730 705 814 770 dicte
839 705 1048 789 possessionis
1074 725 1131 769 sue
1147 702 1308 772 dedisset.
1324 754 1331 770 .
1346 704 1468 769 similiter

372 819 531 898 perpetuo
541 820 573 879 et
589 813 1084 897 irrevocabiliterpossidendam
1100 863 1107 878 .
1124 863 1131 878 .
1147 813 1274 878 Datum
1288 811 1365 878 feria
1379 813 1470 898 quinta

371 921 522 988 videlicet
537 924 570 986 in
587 923 876 1006 vigiliabeatorum
894 923 1116 1006 apostolorum
1126 921 1226 986 Petri
1243 929 1275 986 et
1291 921 1470 1003 Paulinum

373 1030 494 1096 domini
509 1029 564 1096 Μ0
580 1027 682 1096 0000
697 1027 836 1094 XXX0.

479 1175 504 1224 Α
534 1175 669 1240 lrstptalan
700 1175 856 1226 toredozett
880 1173 1059 1240 pecsetjdv013
1085 1173 1217 1238 credetije
1239 1187 1256 1224 a
1281 1187 1320 1238 gr.
1344 1173 1424 1238 Osdky
1444 1189 1471 1221 cs.

371 1265 454 1316 laessi
467 1265 540 1315 lban.

856 1373 1017 1382 ——-.-·--

898 1590 972 1654 426.

373 1755 470 1818 1330.
479 1757 556 1840 jou.
573 1755 625 1818 29.
645 1753 674 1818 A
690 1755 785 1840 pydri
801 1753 961 1838 kdptulan
978 1751 1006 1816 1.
1024 1751 1151 1838 deoly
1165 1750 1277 1836 cisely
1290 1754 1472 1837 parancsdro

372 1887 393 1928 a
425 1863 614 1948 bakoopde'li
629 1872 761 1928 convent
771 1861 960 1948 pccadtjc'rdl
993 1886 1014 1926 c
1044 1861 1202 1944 teljesitett
1227 1860 1379 1944 ciasqddct
1409 1862 1471 1922 eddo

819 1969 971 2054 jeleute'st
986 1970 1039 2034 ad.

482 2164 489 2180 .
509 2164 515 2180 .
533 2111 652 2180 Oarolo
670 2163 676 2178 .
694 2163 700 2178 .
716 2114 785 2197 regi
802 2165 808 2178 .
826 2163 832 2177 .
850 2111 1029 2197 capitulum
1044 2109 1230 2176 Jauriensis
1246 2110 1376 2176 ecclesie
1390 2159 1396 2174 .
1411 2158 1417 2172 .
1430 2108 1471 2171 lit·

371 2226 460 2286 teras
476 2220 667 2286 excellencie
677 2225 782 2286 vestre
792 2271 799 2286 .
810 2271 817 2286 .
827 2221 1005 2304 recepimus
1015 2219 1102 2285 hunc
1118 2226 1263 2286 tenorem
1281 2221 1475 2285 continentes:

373 2329 552 2396 Karalus.
578 2381 584 2395 .
609 2346 667 2394 rex
694 2380 700 2395 .
727 2381 733 2395 .
759 2331 902 2414 capitulo
934 2329 1068 2394 ecclesie
1094 2328 1279 2396 Jaurieusis
1304 2326 1475 2392 ..fidelitati

373 2444 478 2504 vestre
496 2489 503 2504 .
520 2487 527 2502 .
544 2437 733 2504 mandamus
750 2444 909 2522 quatenus
925 2445 1066 2502 vestrum
1083 2436 1166 2502 detis
1181 2436 1344 2502 homiuem
1366 2457 1419 2520 pro
1441 2440 1474 2497 te-

374 2545 526 2610 stimonio
543 2543 742 2628 fidedignum
758 2567 868 2612 coram
885 2567 948 2630 quo
965 2545 1136 2610 Emericus
1161 2545 1200 2609 de
1216 2543 1306 2610 Pech
1323 2544 1411 2608 horno
1432 2563 1475 2606 no-

373 2659 440 2717 ster
455 2653 537 2718 sciat
554 2660 587 2717 et
604 2653 749 2736 inquirat
766 2675 862 2737 super
879 2653 1097 2719 omnimodam
1114 2654 1293 2733 veritatem,
1318 2653 1343 2715 si
1358 2671 1474 2716 couren-

372 2767 428 2826 tus
445 2761 484 2824 de
500 2761 581 2826 Beel
596 2761 749 2828 habuerit
765 2761 908 2846 sigillum
923 2763 1014 2827 cuius
1030 2761 1140 2844 vigore
1158 2759 1430 2845 comprovinciales
1439 2757 1477 2820 sui

374 2868 423 2930 uti
438 2873 569 2952 possent
585 2869 618 2933 in
634 2871 740 2935 causis
757 2891 868 2935 eorum
884 2869 1118 2954 prosequendis
1134 2891 1229 2952 quem
1255 2868 1421 2934 admodum
1435 2865 1475 2928 lit-

376 2981 462 3042 teras
478 2978 615 3043 aliorum
632 2985 857 3061 conventuum,
876 2984 909 3042 et
924 2983 1024 3062 prout
1040 2979 1162 3043 veritas
1188 2977 1279 3044 vobis
1295 2977 1334 3042 de
1349 2977 1406 3041 hoo
1420 2994 1479 3039 eou-

375 3084 497 3150 stiterit
521 3086 614 3152 nobis
639 3085 781 3152 fideliter
812 3087 1006 3152 rescribatis.
1036 3084 1164 3152 Datum
1179 3088 1213 3150 in
1238 3084 1420 3168 Vissegrad‚
1435 3081 1475 3145 die

375 3191 535 3258 dominico
552 3195 699 3277 proximo
716 3199 790 3279 post
805 3193 922 3260 festum
939 3191 1153 3259 Ascensionis
1169 3193 1301 3276 domini,
1317 3211 1398 3256 anno
1413 3191 1479 3254 eius·

376 3299 449 3365 dem
464 3299 641 3367 Millesimo
658 3303 883 3368 trecentesimo
900 3303 1070 3368 tricesimo.
1088 3301 1159 3368 Nos
1174 3302 1276 3386 igitur
1292 3351 1299 3366 .
1315 3351 1322 3364 .
1341 3321 1410 3364 eum
1423 3317 1478 3380 pre·

375 3407 462 3476 dicto
493 3407 643 3475 Emerico
675 3411 715 3476 de
746 3411 837 3476 Pech
869 3411 997 3477 homine
1028 3418 1138 3478 restro
1177 3417 1324 3476 nostrum
1356 3409 1480 3474 misimus

374 3516 538 3582 hominem
569 3517 719 3584 videlicet
744 3519 887 3585 Paulum
913 3519 1118 3584 sacerdotum
1144 3519 1233 3584 chori
1260 3519 1364 3584 nostri
1387 3567 1416 3584 ..
1436 3515 1480 3599 qui

374 3625 501 3691 demum
518 3625 558 3690 ud
575 3649 632 3692 uos
648 3629 765 3693 reversi
784 3678 790 3694 .
807 3679 814 3694 .
831 3627 1038 3694 affirmarunt
1054 3627 1172 3711 quoda
1188 3627 1350 3693 nobilibus
1367 3627 1480 3692 comita·

374 3737 432 3796 tus.
452 3732 701 3818 Vesprimieusis
728 3741 760 3799 et
786 3735 811 3800 J
813 3737 970 3802 auriensis
995 3735 1145 3802 videlieet
1176 3738 1333 3820 magistro
1350 3734 1481 3800 Johauue

374 3839 442 3906 filio
459 3839 582 3907 Thome
598 3843 637 3908 de
653 3842 733 3926 Pok,
750 3844 829 3908 item
845 3843 981 3910 Zunlrur
996 3843 1136 3910 Nicolao
1153 3850 1185 3912 et
1201 3843 1303 3910 Petro
1313 3841 1389 3911 filiis
1404 3839 1482 3906 eoni-

375 3951 417 4014 tis
433 3949 588 4018 Hectoris
603 3951 643 4018 de
660 3951 779 4038 Dalka,
794 3955 874 4020 item
889 3954 1026 4021 Matheo
1043 3953 1109 4020 filio
1134 3953 1304 4038 Lamperti
1330 3955 1371 4019 de
1386 3969 1482 4038 genere

374 4055 476 4142 Papa,
492 4059 571 4124 item
586 4059 744 4125 Ladizlao
761 4059 829 4126 filio
846 4061 1029 4128 Salomonis
1046 4063 1085 4128 de
1102 4061 1270 4146 ssuhach,
1280 4065 1360 4128 item
1370 4060 1396 4126 J
1396 4075 1482 4126 caune

374 4163 441 4230 filio
456 4161 597 4232 Arnoldi
614 4166 654 4239 de
669 4165 803 4253 Koach‚
817 4171 895 4236 item
910 4167 1048 4237 Andrec
1064 4171 1104 4235 dc
1120 4167 1248 4252 Gauna,
1273 4171 1353 4236 item
1369 4169 1480 4236 Joanue

375 4277 409 4338 et
423 4271 596 4340 Dominico
613 4271 689 4340 filiis
715 4275 900 4362 Laurencii‚
925 4279 1004 4344 item
1028 4277 1203 4344 Dominico
1227 4277 1295 4343 filio
1320 4272 1482 4343 Kursehiui

375 4387 408 4444 et
423 4379 559 4446 Iwanka
574 4381 614 4446 de
632 4381 770 4468 Thewel‚
795 4386 874 4450 item
889 4383 1059 4452 Anthonio
1075 4383 1142 4450 filio
1159 4393 1192 4450 et
1207 4383 1232 4451 J
1234 4407 1340 4451 caune
1357 4385 1395 4450 de
1411 4379 1483 4450 Saul.

374 4489 452 4554 item
468 4486 594 4555 Potheu
620 4487 825 4560 Clementino
841 4500 874 4559 et
889 4495 999 4560 Deseu
1015 4494 1056 4560 de
1080 4493 1222 4580 Bedege‚
1249 4496 1327 4560 item
1344 4495 1482 4580 magistro
