3132 5470
584 954 587 962 ·
618 918 697 991 301.

110 1076 194 1138 1327.
212 1073 238 1138 Λ
257 1073 359 1139 bardai
375 1077 532 1162 laptula-u
543 1077 614 1140 olor
625 1079 796 1143 Zedmtolci
811 1081 948 1146 Honord
964 1085 1080 1170 ledrrya
1094 1083 1222 1170 Aplent,

106 1183 242 1246 oltritolt
257 1184 492 1268 rremzetatpbeli
507 1185 620 1248 Parcit
631 1186 746 1250 Istoda
762 1197 899 1276 &zveppa
916 1193 1126 1276 rrpilvriaa'tjm
1137 1196 1220 1279 kopp

200 1292 427 1378 ledoyaepyerli
442 1291 637 1378 illetc'r'so'qa'ru
649 1298 740 1358 orizae.
756 1295 876 1377 fiuo'rea‘
891 1299 1113 1384 kielo'pitetto'k.

108 1515 110 1520 .
198 1450 386 1535 Capitulum
411 1450 571 1518 Budensis
597 1454 733 1520 ecelesia
759 1506 789 1520 ..
816 1457 858 1521 ad
883 1457 1105 1525 universorum
1136 1461 1217 1526 noti-

104 1559 175 1622 ciam
191 1610 197 1624 .
214 1609 220 1624 .
236 1561 384 1626 volumus
415 1562 592 1646 pervenire,
611 1563 698 1646 quod
713 1565 832 1630 nobilis
859 1572 892 1631 et
916 1567 1067 1650 religiosa
1084 1567 1215 1634 domina

103 1665 215 1752 Aglent
229 1671 358 1735 nomine
375 1670 490 1735 relicta
506 1672 633 1736 comitis
650 1671 808 1756 Stephani
825 1673 903 1742 dicti
920 1675 1031 1742 Puroh
1047 1677 1087 1741 de
1098 1699 1216 1761 genere

102 1775 205 1842 Ratolt
219 1779 287 1844 filia
302 1779 454 1844 videlicet
469 1777 669 1866 Nicolaifilii
680 1781 837 1868 Henardy
849 1784 888 1848 de
900 1782 1042 1850 Sambuo
1061 1785 1100 1849 de
1111 1793 1218 1852 oestro

103 1882 205 1952 Sibille
221 1886 259 1950 de
276 1893 384 1952 castro
409 1886 554 1952 Budensi
579 1897 655 1954 ante
682 1891 861 1956 claustrum
886 1893 974 1958 beati
999 1892 1161 1958 Johannis
1178 1894 1220 1959 ab

101 2016 158 2058 una
171 2001 270 2078 parte,
286 1997 365 2060 item
381 1997 536 2078 magister
551 1995 729 2061 Henardus
744 1996 831 2062 filius
847 2000 994 2081 magistri
1012 1999 1143 2065 Nicolai
1153 2000 1211 2064 filii

101 2101 234 2168 Henardi
251 2103 352 2168 frater
368 2102 511 2167 eiusdem
528 2103 655 2168 domine
680 2127 739 2188 pro
766 2128 799 2170 se
832 2113 864 2170 et
880 2107 1037 2188 magistro
1054 2107 1211 2174 Ladizlao

100 2209 176 2278 dicto
200 2213 288 2276 calvo
313 2211 415 2276 fratre
440 2233 497 2275 suo
522 2211 601 2274 item
626 2233 685 2293 pro
711 2212 884 2278 Dominioo
910 2213 978 2278 filio
995 2214 1086 2280 Bake
1102 2215 1215 2280 fratris

100 2321 142 2382 sui
157 2320 196 2384 ab
220 2322 325 2384 ultera
350 2340 460 2384 eoram
484 2319 577 2384 nobis
602 2321 816 2402 personaliter
841 2323 1011 2386 constituti
1028 2321 1141 2387 eadem
1157 2321 1212 2387 ‹lo-

99 2427 176 2492 mina
199 2429 312 2493 habita
338 2426 575 2492 deliberacione
609 2427 747 2511 provida
771 2433 804 2492 et
829 2427 1010 2493 deliberata
1034 2429 1217 2512 provisione

100 2557 179 2617 spem
194 2541 226 2600 et
241 2558 368 2601 omnem
383 2535 534 2600 fiduciam
551 2536 583 2600 in
600 2537 668 2600 vita
684 2542 718 2600 et
733 2538 766 2600 in
782 2543 887 2601 morte
902 2559 960 2622 per
977 2537 1139 2622 predictos
1151 2538 1215 2603 fra-

99 2649 156 2708 tres
172 2665 243 2708 suos
260 2667 293 2709 se
309 2645 430 2710 habere
446 2665 579 2728 sperans
609 2645 644 2708 in
659 2643 815 2728 futurum,
830 2647 900 2709 vive
917 2647 1003 2710 vocis
1019 2645 1150 2710 oraculo
1166 2653 1216 2710 ost

98 2753 231 2819 confessa
256 2754 343 2838 quod
369 2756 508 2838 receptis
535 2755 771 2838 qninquaginta
795 2757 913 2820 mareis
938 2755 995 2818 fini
1021 2756 1149 2838 argenti
1173 2755 1215 2820 ad

96 2861 261 2942 pleniorem
272 2862 511 2946 expedicionem
521 2855 740 2945 predictorum
749 2862 888 2927 fratrum
899 2884 1032 2928 suorum
1043 2863 1082 2928 de
1093 2870 1212 2946 quarta

95 2991 147 3032 sua
162 2969 251 3035 filiali
266 2969 309 3033 ab
327 2971 473 3035 omnibus
489 2969 743 3052 possessionibus
771 2969 957 3033 eorumdem
982 2970 1123 3036 fratrum
1139 2992 1211 3036 suo-

93 3100 159 3142 rum
172 3077 312 3144 filiorum
326 3077 478 3142 videlicet
493 3075 624 3143 Nicolai
641 3083 673 3141 et
698 3077 789 3141 Bake
813 3076 1037 3160 predictorum
1064 3077 1103 3141 de
1119 3079 1212 3160 regni

94 3187 311 3251 consuetudine
342 3185 403 3250 sibi
429 3186 629 3269 provenienti
646 3185 765 3251 eisdem
791 3183 948 3250 iratribus
983 3186 1049 3249 suis
1081 3187 1211 3250 omnino

91 3296 237 3362 relaxarit
261 3347 268 3361 .
295 3347 302 3361 .
330 3295 457 3360 Datum
482 3317 540 3378 per
565 3317 679 3360 manus
706 3294 836 3359 discreti
858 3295 918 3358 viri
944 3296 1091 3378 magistri
1116 3293 1208 3359 Petri

91 3404 211 3470 lectoris
227 3405 359 3470 ecclesie
375 3408 493 3485 nostre,
511 3424 595 3468 anno
613 3403 732 3468 domiui
763 3403 819 3467 Μ0
836 3399 937 3466 0000
953 3401 1045 3466 XX⁰
1061 3403 1210 3486 septima

90 3511 182 3577 Petro
198 3519 335 3595 cantore,
351 3512 377 3578 J
378 3510 478 3576 aeobo
495 3511 636 3593 custode,
653 3511 678 3575 J
680 3511 808 3576 ohanne
825 3509 957 3590 decano,
974 3511 1130 3592 magistro
1147 3509 1211 3574 Po-

89 3621 181 3703 soni0‚
197 3619 297 3684 Petro
315 3621 480 3704 quondam
496 3620 628 3701 decano,
640 3619 741 3684 Petro
758 3617 878 3700 Siculo,
898 3617 1069 3683 Dominioo
1086 3614 1210 3682 Orissio

89 3728 275 3812 presbiteria,
291 3727 317 3793 J
319 3729 445 3794 ohanne
462 3751 501 3794 aa
517 3730 621 3794 altero
647 3727 801 3794 Johanue
826 3728 999 3811 magistris,
1024 3727 1208 3791 Laurenoio

88 3843 117 3900 et
131 3836 255 3904 Jacobo
272 3838 461 3920 presbiteris
479 3839 659 3921 ueterisque
676 3837 840 3904 canonicis
856 3835 1078 3900 existentibus.

186 4002 280 4066 Fitggo
292 4001 424 4064 peosattel
437 4001 465 4050 ts
478 4001 546 4050 felsb
559 4001 653 4051 resztn
669 4001 702 4050 Α.
715 4003 747 4050 Β.
763 4000 790 4049 0.
805 3999 1087 4064 cyrographummal;
1116 3999 1209 4048 erede-

86 4091 257 4156 tijemegvan
279 4106 311 4142 az
330 4106 398 4140 orez.
421 4093 476 4140 ltar
497 4091 596 4154 kinost.
623 4095 690 4141 oszt.
704 4092 737 4140 N.
748 4091 780 4139 R.
794 4092 826 4138 A.
850 4094 910 4140 603.
925 4094 967 4140 28.
991 4089 1056 4151 dipl.
1083 4091 1113 4138 lt.
1130 4091 1207 4136 2469.

85 4183 173 4234 Kozli:
185 4181 289 4231 Vincze
303 4181 403 4231 (labor.
