<?xml version="1.0" encoding="UTF-8"?>
<!DOCTYPE html PUBLIC "-//W3C//DTD XHTML 1.0 Transitional//EN"
    "http://www.w3.org/TR/xhtml1/DTD/xhtml1-transitional.dtd">
<html xmlns="http://www.w3.org/1999/xhtml" xml:lang="en" lang="en">
 <head>
  <title>
</title>
<meta http-equiv="Content-Type" content="text/html;charset=utf-8" />
  <meta name='ocr-system' content='tesseract 3.04.00' />
  <meta name='ocr-capabilities' content='ocr_page ocr_carea ocr_par ocr_line ocrx_word'/>
</head>
<body>
  <div class='ocr_page' id='page_1' title='image "./codexdiplomatic01nagygoog_0444.png"; bbox 0 0 3130 5470; ppageno 0'>
   <div class='ocr_carea' id='block_1_1' title="bbox 522 497 818 572">
    <p class='ocr_par' dir='ltr' id='par_1_1' title="bbox 522 497 818 572">
     <span class='ocr_line' id='line_1_1' title="bbox 522 497 818 572; baseline -0.017 0"><span class='ocrx_word' id='word_1_1' title='bbox 522 508 777 572; x_wconf 71' lang='lat' dir='ltr'>lammens.</span> <span class='ocrx_word' id='word_1_2' title='bbox 813 497 818 500; x_wconf 75' lang='grc'><strong>’</strong></span> 
     </span>
    </p>
   </div>
   <div class='ocr_carea' id='block_1_2' title="bbox 613 761 686 823">
    <p class='ocr_par' dir='ltr' id='par_1_2' title="bbox 613 761 686 823">
     <span class='ocr_line' id='line_1_2' title="bbox 613 761 686 823; baseline 0.014 -1"><span class='ocrx_word' id='word_1_3' title='bbox 613 761 686 823; x_wconf 85' lang='grc'><strong>373.</strong></span> 
     </span>
    </p>
   </div>
   <div class='ocr_carea' id='block_1_3' title="bbox 83 887 1281 4795">
    <p class='ocr_par' dir='ltr' id='par_1_3' title="bbox 93 887 1213 1192">
     <span class='ocr_line' id='line_1_3' title="bbox 94 887 1212 976; baseline -0.001 -23"><span class='ocrx_word' id='word_1_4' title='bbox 94 891 179 953; x_wconf 80' lang='grc'><em>1329.</em></span> <span class='ocrx_word' id='word_1_5' title='bbox 198 913 274 976; x_wconf 74' lang='lat' dir='ltr'>cup.</span> <span class='ocrx_word' id='word_1_6' title='bbox 291 891 344 954; x_wconf 83' lang='lat'>23.</span> <span class='ocrx_word' id='word_1_7' title='bbox 361 887 391 954; x_wconf 85' lang='lat' dir='ltr'><strong><em>A</em></strong></span> <span class='ocrx_word' id='word_1_8' title='bbox 407 889 531 954; x_wconf 72' lang='lat' dir='ltr'>tardari</span> <span class='ocrx_word' id='word_1_9' title='bbox 547 898 680 954; x_wconf 79' lang='lat' dir='ltr'>conceal</span> <span class='ocrx_word' id='word_1_10' title='bbox 697 888 770 954; x_wconf 77' lang='lat' dir='ltr'>elur</span> <span class='ocrx_word' id='word_1_11' title='bbox 801 888 968 971; x_wconf 74' lang='lat' dir='ltr'>Jcoosfio</span> <span class='ocrx_word' id='word_1_12' title='bbox 994 887 1131 974; x_wconf 76' lang='lat' dir='ltr'>Gerpelp</span> <span class='ocrx_word' id='word_1_13' title='bbox 1153 910 1212 974; x_wconf 73' lang='lat' dir='ltr'>epp</span> 
     </span>
     <span class='ocr_line' id='line_1_4' title="bbox 93 996 1213 1083; baseline -0.002 -21"><span class='ocrx_word' id='word_1_14' title='bbox 93 999 214 1079; x_wconf 81' lang='lat' dir='ltr'>rc‘szrdl,</span> <span class='ocrx_word' id='word_1_15' title='bbox 230 1002 302 1064; x_wconf 77' lang='lat' dir='ltr'>mdo</span> <span class='ocrx_word' id='word_1_16' title='bbox 318 998 438 1062; x_wconf 71' lang='lat' dir='ltr'>rdozrb&#39;l</span> <span class='ocrx_word' id='word_1_17' title='bbox 453 998 552 1062; x_wconf 85' lang='lat' dir='ltr'>Pe&#39;tcr</span> <span class='ocrx_word' id='word_1_18' title='bbox 568 999 601 1061; x_wconf 73' lang='lat' dir='ltr'>do</span> <span class='ocrx_word' id='word_1_19' title='bbox 618 997 767 1061; x_wconf 79' lang='lat' dir='ltr'>tostcc&#39;rci</span> <span class='ocrx_word' id='word_1_20' title='bbox 782 1020 803 1060; x_wconf 83' lang='lat' dir='ltr'>a</span> <span class='ocrx_word' id='word_1_21' title='bbox 826 996 1001 1083; x_wconf 75' lang='lat' dir='ltr'>Vcipfclyo&#39;</span> <span class='ocrx_word' id='word_1_22' title='bbox 1011 996 1128 1061; x_wconf 71' lang='lat' dir='ltr'>melleet</span> <span class='ocrx_word' id='word_1_23' title='bbox 1144 1005 1213 1060; x_wconf 77' lang='grc' dir='ltr'>ὄνό-</span> 
     </span>
     <span class='ocr_line' id='line_1_5' title="bbox 245 1106 1044 1192; baseline -0.004 -21"><span class='ocrx_word' id='word_1_24' title='bbox 245 1106 580 1172; x_wconf 77' lang='lat' dir='ltr'>lcdltbirlclcrc‘szec&#39;ket</span> <span class='ocrx_word' id='word_1_25' title='bbox 596 1109 725 1191; x_wconf 78' lang='lat' dir='ltr'>eppmdo</span> <span class='ocrx_word' id='word_1_26' title='bbox 742 1106 845 1170; x_wconf 74' lang='lat' dir='ltr'>bozon</span> <span class='ocrx_word' id='word_1_27' title='bbox 852 1106 1044 1192; x_wconf 80' lang='lat' dir='ltr'>fo&#39;lcsztjdlc.</span> 
     </span>
    </p>

    <p class='ocr_par' dir='ltr' id='par_1_4' title="bbox 83 1230 1281 4795">
     <span class='ocr_line' id='line_1_6' title="bbox 191 1230 1213 1313; baseline -0.001 -16"><span class='ocrx_word' id='word_1_28' title='bbox 191 1283 198 1297; x_wconf 94' lang='lat'>.</span> <span class='ocrx_word' id='word_1_29' title='bbox 215 1281 222 1297; x_wconf 93' lang='lat'>.</span> <span class='ocrx_word' id='word_1_30' title='bbox 240 1233 266 1299; x_wconf 88' lang='lat' dir='ltr'><strong>J</strong></span> <span class='ocrx_word' id='word_1_31' title='bbox 267 1232 385 1298; x_wconf 86' lang='lat' dir='ltr'>acobus</span> <span class='ocrx_word' id='word_1_32' title='bbox 400 1231 608 1296; x_wconf 86' lang='lat' dir='ltr'>miseracione</span> <span class='ocrx_word' id='word_1_33' title='bbox 618 1230 726 1295; x_wconf 81' lang='lat' dir='ltr'>divina</span> <span class='ocrx_word' id='word_1_34' title='bbox 735 1231 917 1313; x_wconf 89' lang='lat' dir='ltr'>prepositus</span> <span class='ocrx_word' id='word_1_35' title='bbox 926 1230 1112 1296; x_wconf 89' lang='lat' dir='ltr'>monasterii</span> <span class='ocrx_word' id='word_1_36' title='bbox 1121 1230 1213 1296; x_wconf 88' lang='lat' dir='ltr'>beato</span> 
     </span>
     <span class='ocr_line' id='line_1_7' title="bbox 96 1337 1212 1424; baseline 0 -20"><span class='ocrx_word' id='word_1_37' title='bbox 96 1342 221 1424; x_wconf 77' lang='lat' dir='ltr'>virginis</span> <span class='ocrx_word' id='word_1_38' title='bbox 231 1340 270 1405; x_wconf 89' lang='lat' dir='ltr'>de</span> <span class='ocrx_word' id='word_1_39' title='bbox 287 1339 399 1406; x_wconf 80' lang='lat' dir='ltr'>Turch</span> <span class='ocrx_word' id='word_1_40' title='bbox 410 1347 440 1405; x_wconf 90' lang='lat' dir='ltr'>et</span> <span class='ocrx_word' id='word_1_41' title='bbox 453 1341 628 1405; x_wconf 85' lang='lat' dir='ltr'>conventus</span> <span class='ocrx_word' id='word_1_42' title='bbox 644 1337 707 1403; x_wconf 92' lang='lat' dir='ltr'>loci</span> <span class='ocrx_word' id='word_1_43' title='bbox 718 1337 858 1403; x_wconf 86' lang='lat' dir='ltr'>eiusdem</span> <span class='ocrx_word' id='word_1_44' title='bbox 870 1389 876 1404; x_wconf 94' lang='lat'><em>.</em></span> <span class='ocrx_word' id='word_1_45' title='bbox 887 1389 893 1403; x_wconf 95' lang='lat'><em>.</em></span> <span class='ocrx_word' id='word_1_46' title='bbox 905 1337 946 1403; x_wconf 88' lang='lat' dir='ltr'>ad</span> <span class='ocrx_word' id='word_1_47' title='bbox 955 1339 1177 1404; x_wconf 80' lang='lat' dir='ltr'>universorum</span> <span class='ocrx_word' id='word_1_48' title='bbox 1188 1390 1212 1404; x_wconf 92' lang='lat'>..</span> 
     </span>
     <span class='ocr_line' id='line_1_8' title="bbox 93 1443 1213 1530; baseline -0.001 -17"><span class='ocrx_word' id='word_1_49' title='bbox 93 1450 239 1514; x_wconf 73' lang='lat' dir='ltr'>noticiam</span> <span class='ocrx_word' id='word_1_50' title='bbox 256 1499 263 1514; x_wconf 92' lang='lat'><strong>.</strong></span> <span class='ocrx_word' id='word_1_51' title='bbox 280 1500 287 1514; x_wconf 93' lang='lat'><strong>.</strong></span> <span class='ocrx_word' id='word_1_52' title='bbox 306 1447 454 1514; x_wconf 80' lang='lat' dir='ltr'>nolumus</span> <span class='ocrx_word' id='word_1_53' title='bbox 469 1447 645 1530; x_wconf 83' lang='lat' dir='ltr'>pervenire,</span> <span class='ocrx_word' id='word_1_54' title='bbox 661 1445 748 1530; x_wconf 90' lang='lat' dir='ltr'>quod</span> <span class='ocrx_word' id='word_1_55' title='bbox 758 1443 935 1530; x_wconf 86' lang='lat' dir='ltr'>Gregorius</span> <span class='ocrx_word' id='word_1_56' title='bbox 954 1445 1039 1511; x_wconf 90' lang='lat' dir='ltr'>filius</span> <span class='ocrx_word' id='word_1_57' title='bbox 1050 1445 1075 1510; x_wconf 85' lang='lat' dir='ltr'><strong>J</strong></span> <span class='ocrx_word' id='word_1_58' title='bbox 1077 1447 1213 1512; x_wconf 89' lang='lat' dir='ltr'>ohannis</span> 
     </span>
     <span class='ocr_line' id='line_1_9' title="bbox 92 1555 1211 1642; baseline 0.001 -21"><span class='ocrx_word' id='word_1_59' title='bbox 92 1557 515 1642; x_wconf 79' lang='lat' dir='ltr'>exunopartePetrusvero</span> <span class='ocrx_word' id='word_1_60' title='bbox 528 1555 766 1622; x_wconf 82' lang='lat' dir='ltr'>cumfratribus</span> <span class='ocrx_word' id='word_1_61' title='bbox 782 1557 846 1621; x_wconf 88' lang='lat' dir='ltr'>suis</span> <span class='ocrx_word' id='word_1_62' title='bbox 862 1556 1011 1622; x_wconf 82' lang='lat' dir='ltr'>videlicet</span> <span class='ocrx_word' id='word_1_63' title='bbox 1027 1555 1162 1622; x_wconf 87' lang='lat' dir='ltr'>Iwahun</span> <span class='ocrx_word' id='word_1_64' title='bbox 1179 1564 1211 1623; x_wconf 92' lang='grc' dir='ltr'>θῖ</span> 
     </span>
     <span class='ocr_line' id='line_1_10' title="bbox 93 1665 1213 1752; baseline 0.001 -20"><span class='ocrx_word' id='word_1_65' title='bbox 93 1665 221 1752; x_wconf 71' lang='lat' dir='ltr'>Joanjex</span> <span class='ocrx_word' id='word_1_66' title='bbox 237 1667 340 1734; x_wconf 85' lang='lat' dir='ltr'>altera</span> <span class='ocrx_word' id='word_1_67' title='bbox 350 1717 357 1733; x_wconf 91' lang='lat'><strong>.</strong></span> <span class='ocrx_word' id='word_1_68' title='bbox 369 1719 376 1733; x_wconf 92' lang='lat'><strong>.</strong></span> <span class='ocrx_word' id='word_1_69' title='bbox 388 1666 522 1732; x_wconf 84' lang='lat' dir='ltr'>confessi</span> <span class='ocrx_word' id='word_1_70' title='bbox 533 1671 608 1731; x_wconf 90' lang='lat' dir='ltr'>sunt</span> <span class='ocrx_word' id='word_1_71' title='bbox 624 1717 631 1731; x_wconf 93' lang='lat'><strong>.</strong></span> <span class='ocrx_word' id='word_1_72' title='bbox 648 1717 655 1731; x_wconf 90' lang='lat'><strong>.</strong></span> <span class='ocrx_word' id='word_1_73' title='bbox 672 1665 759 1750; x_wconf 87' lang='lat' dir='ltr'>quod</span> <span class='ocrx_word' id='word_1_74' title='bbox 767 1666 961 1731; x_wconf 86' lang='lat' dir='ltr'>hereditates</span> <span class='ocrx_word' id='word_1_75' title='bbox 970 1667 1115 1751; x_wconf 88' lang='lat' dir='ltr'>ipsorum</span> <span class='ocrx_word' id='word_1_76' title='bbox 1126 1667 1213 1733; x_wconf 89' lang='lat' dir='ltr'>circa</span> 
     </span>
     <span class='ocr_line' id='line_1_11' title="bbox 91 1774 1213 1861; baseline 0 -21"><span class='ocrx_word' id='word_1_77' title='bbox 91 1775 215 1840; x_wconf 85' lang='lat' dir='ltr'>fluvium</span> <span class='ocrx_word' id='word_1_78' title='bbox 230 1776 320 1861; x_wconf 83' lang='lat' dir='ltr'>Wag</span> <span class='ocrx_word' id='word_1_79' title='bbox 337 1777 506 1841; x_wconf 77' lang='lat' dir='ltr'>existentes</span> <span class='ocrx_word' id='word_1_80' title='bbox 537 1778 571 1840; x_wconf 95' lang='lat' dir='ltr'>in</span> <span class='ocrx_word' id='word_1_81' title='bbox 588 1775 668 1841; x_wconf 87' lang='lat' dir='ltr'>duas</span> <span class='ocrx_word' id='word_1_82' title='bbox 683 1779 792 1859; x_wconf 87' lang='lat' dir='ltr'>partes</span> <span class='ocrx_word' id='word_1_83' title='bbox 809 1795 890 1860; x_wconf 87' lang='lat' dir='ltr'>equa</span> <span class='ocrx_word' id='word_1_84' title='bbox 915 1774 1006 1840; x_wconf 89' lang='lat' dir='ltr'>lance</span> <span class='ocrx_word' id='word_1_85' title='bbox 1033 1776 1213 1840; x_wconf 83' lang='lat' dir='ltr'>divisissent</span> 
     </span>
     <span class='ocr_line' id='line_1_12' title="bbox 91 1883 1214 1970; baseline 0.002 -23"><span class='ocrx_word' id='word_1_86' title='bbox 91 1885 131 1947; x_wconf 88' lang='lat' dir='ltr'>ita</span> <span class='ocrx_word' id='word_1_87' title='bbox 146 1883 231 1967; x_wconf 85' lang='lat' dir='ltr'>quod</span> <span class='ocrx_word' id='word_1_88' title='bbox 248 1891 375 1970; x_wconf 87' lang='lat' dir='ltr'>aparte</span> <span class='ocrx_word' id='word_1_89' title='bbox 392 1884 542 1950; x_wconf 82' lang='lat' dir='ltr'>orientali</span> <span class='ocrx_word' id='word_1_90' title='bbox 558 1885 715 1950; x_wconf 88' lang='lat' dir='ltr'>mittendo</span> <span class='ocrx_word' id='word_1_91' title='bbox 747 1887 866 1950; x_wconf 88' lang='lat' dir='ltr'>sortem</span> <span class='ocrx_word' id='word_1_92' title='bbox 893 1885 985 1950; x_wconf 81' lang='lat' dir='ltr'>cessit</span> <span class='ocrx_word' id='word_1_93' title='bbox 1009 1884 1109 1950; x_wconf 88' lang='lat' dir='ltr'>Petro</span> <span class='ocrx_word' id='word_1_94' title='bbox 1126 1889 1214 1950; x_wconf 87' lang='lat' dir='ltr'>ante·</span> 
     </span>
     <span class='ocr_line' id='line_1_13' title="bbox 91 1991 1215 2077; baseline 0.004 -23"><span class='ocrx_word' id='word_1_95' title='bbox 91 1991 169 2054; x_wconf 89' lang='lat' dir='ltr'>dicto</span> <span class='ocrx_word' id='word_1_96' title='bbox 195 2015 268 2056; x_wconf 90' lang='lat' dir='ltr'>cum</span> <span class='ocrx_word' id='word_1_97' title='bbox 294 1992 450 2058; x_wconf 82' lang='lat' dir='ltr'>fratribus</span> <span class='ocrx_word' id='word_1_98' title='bbox 475 1993 563 2057; x_wconf 91' lang='lat' dir='ltr'>suis.</span> <span class='ocrx_word' id='word_1_99' title='bbox 581 2042 587 2056; x_wconf 93' lang='lat'><em>.</em></span> <span class='ocrx_word' id='word_1_100' title='bbox 605 1992 643 2056; x_wconf 89' lang='lat' dir='ltr'>de</span> <span class='ocrx_word' id='word_1_101' title='bbox 669 1993 761 2077; x_wconf 88' lang='lat' dir='ltr'>parte</span> <span class='ocrx_word' id='word_1_102' title='bbox 785 2012 860 2056; x_wconf 83' lang='lat' dir='ltr'>vero</span> <span class='ocrx_word' id='word_1_103' title='bbox 887 1991 1079 2057; x_wconf 87' lang='lat' dir='ltr'>occidentali</span> <span class='ocrx_word' id='word_1_104' title='bbox 1094 1994 1158 2058; x_wconf 82' lang='lat' dir='ltr'>sive</span> <span class='ocrx_word' id='word_1_105' title='bbox 1176 1993 1215 2058; x_wconf 86' lang='lat' dir='ltr'>dc</span> 
     </span>
     <span class='ocr_line' id='line_1_14' title="bbox 91 2097 1214 2184; baseline 0.004 -21"><span class='ocrx_word' id='word_1_106' title='bbox 91 2107 176 2182; x_wconf 87' lang='lat' dir='ltr'>porte</span> <span class='ocrx_word' id='word_1_107' title='bbox 191 2100 291 2166; x_wconf 90' lang='lat' dir='ltr'>libule</span> <span class='ocrx_word' id='word_1_108' title='bbox 317 2101 465 2166; x_wconf 89' lang='lat' dir='ltr'>similiter</span> <span class='ocrx_word' id='word_1_109' title='bbox 482 2102 576 2166; x_wconf 78' lang='lat' dir='ltr'>cessit</span> <span class='ocrx_word' id='word_1_110' title='bbox 591 2100 715 2184; x_wconf 82' lang='lat' dir='ltr'>prefato</span> <span class='ocrx_word' id='word_1_111' title='bbox 732 2097 893 2183; x_wconf 82' lang='lat' dir='ltr'>Gregorio</span> <span class='ocrx_word' id='word_1_112' title='bbox 919 2099 986 2166; x_wconf 91' lang='lat' dir='ltr'>filio</span> <span class='ocrx_word' id='word_1_113' title='bbox 1003 2100 1029 2167; x_wconf 89' lang='lat' dir='ltr'><strong>J</strong></span> <span class='ocrx_word' id='word_1_114' title='bbox 1030 2101 1165 2167; x_wconf 90' lang='lat' dir='ltr'>ohannis</span> <span class='ocrx_word' id='word_1_115' title='bbox 1182 2152 1189 2168; x_wconf 91' lang='lat'><strong>.</strong></span> <span class='ocrx_word' id='word_1_116' title='bbox 1207 2152 1214 2167; x_wconf 93' lang='lat'><strong><em>.</em></strong></span> 
     </span>
     <span class='ocr_line' id='line_1_15' title="bbox 92 2206 1215 2292; baseline 0.008 -24"><span class='ocrx_word' id='word_1_117' title='bbox 92 2227 219 2287; x_wconf 82' lang='lat' dir='ltr'>quarum</span> <span class='ocrx_word' id='word_1_118' title='bbox 245 2207 375 2290; x_wconf 89' lang='lat' dir='ltr'>quidem</span> <span class='ocrx_word' id='word_1_119' title='bbox 407 2207 598 2272; x_wconf 84' lang='lat' dir='ltr'>divisionum</span> <span class='ocrx_word' id='word_1_120' title='bbox 612 2212 695 2271; x_wconf 86' lang='lat' dir='ltr'>meta</span> <span class='ocrx_word' id='word_1_121' title='bbox 720 2207 782 2272; x_wconf 86' lang='lat' dir='ltr'>hoc</span> <span class='ocrx_word' id='word_1_122' title='bbox 807 2206 919 2272; x_wconf 86' lang='lat' dir='ltr'>ordine</span> <span class='ocrx_word' id='word_1_123' title='bbox 945 2207 1165 2292; x_wconf 85' lang='lat' dir='ltr'>distinguntur</span> <span class='ocrx_word' id='word_1_124' title='bbox 1181 2212 1215 2278; x_wconf 91' lang='lat' dir='ltr'>in</span> 
     </span>
     <span class='ocr_line' id='line_1_16' title="bbox 91 2314 1216 2402; baseline 0.008 -26"><span class='ocrx_word' id='word_1_125' title='bbox 91 2314 228 2394; x_wconf 86' lang='lat' dir='ltr'>predicta</span> <span class='ocrx_word' id='word_1_126' title='bbox 243 2317 458 2400; x_wconf 88' lang='lat' dir='ltr'>possessione:</span> <span class='ocrx_word' id='word_1_127' title='bbox 490 2318 595 2402; x_wconf 86' lang='lat' dir='ltr'>prima</span> <span class='ocrx_word' id='word_1_128' title='bbox 626 2317 712 2381; x_wconf 90' lang='lat' dir='ltr'>enim</span> <span class='ocrx_word' id='word_1_129' title='bbox 742 2321 828 2381; x_wconf 88' lang='lat' dir='ltr'>meta</span> <span class='ocrx_word' id='word_1_130' title='bbox 842 2317 957 2401; x_wconf 90' lang='lat' dir='ltr'>incipit</span> <span class='ocrx_word' id='word_1_131' title='bbox 983 2319 1069 2384; x_wconf 87' lang='lat' dir='ltr'>circa</span> <span class='ocrx_word' id='word_1_132' title='bbox 1083 2317 1216 2385; x_wconf 85' lang='lat' dir='ltr'>fluvium</span> 
     </span>
     <span class='ocr_line' id='line_1_17' title="bbox 92 2421 1215 2507; baseline 0.008 -23"><span class='ocrx_word' id='word_1_133' title='bbox 92 2421 182 2507; x_wconf 71' lang='lat' dir='ltr'>wag,</span> <span class='ocrx_word' id='word_1_134' title='bbox 207 2426 264 2490; x_wconf 91' lang='lat' dir='ltr'>ubi</span> <span class='ocrx_word' id='word_1_135' title='bbox 289 2425 349 2491; x_wconf 91' lang='lat' dir='ltr'>sub</span> <span class='ocrx_word' id='word_1_136' title='bbox 373 2447 438 2490; x_wconf 89' lang='lat' dir='ltr'>uno</span> <span class='ocrx_word' id='word_1_137' title='bbox 464 2425 559 2491; x_wconf 88' lang='lat' dir='ltr'>salice</span> <span class='ocrx_word' id='word_1_138' title='bbox 586 2431 633 2490; x_wconf 90' lang='grc' dir='ltr'>θεῖ</span> <span class='ocrx_word' id='word_1_139' title='bbox 663 2445 729 2490; x_wconf 91' lang='lat' dir='ltr'>una</span> <span class='ocrx_word' id='word_1_140' title='bbox 754 2428 839 2490; x_wconf 88' lang='lat' dir='ltr'>meta</span> <span class='ocrx_word' id='word_1_141' title='bbox 855 2431 960 2490; x_wconf 88' lang='lat' dir='ltr'>terrea</span> <span class='ocrx_word' id='word_1_142' title='bbox 976 2427 1094 2492; x_wconf 82' lang='lat' dir='ltr'>atinde</span> <span class='ocrx_word' id='word_1_143' title='bbox 1110 2428 1215 2492; x_wconf 90' lang='lat' dir='ltr'>tendit</span> 
     </span>
     <span class='ocr_line' id='line_1_18' title="bbox 91 2532 1217 2618; baseline 0.005 -25"><span class='ocrx_word' id='word_1_144' title='bbox 91 2552 192 2596; x_wconf 79' lang='lat' dir='ltr'>versus</span> <span class='ocrx_word' id='word_1_145' title='bbox 206 2532 373 2597; x_wconf 84' lang='lat' dir='ltr'>meridiem</span> <span class='ocrx_word' id='word_1_146' title='bbox 389 2554 448 2616; x_wconf 88' lang='lat' dir='ltr'>per</span> <span class='ocrx_word' id='word_1_147' title='bbox 464 2533 619 2618; x_wconf 89' lang='lat' dir='ltr'>quosdam</span> <span class='ocrx_word' id='word_1_148' title='bbox 645 2554 747 2617; x_wconf 84' lang='lat' dir='ltr'>agros,</span> <span class='ocrx_word' id='word_1_149' title='bbox 766 2553 867 2616; x_wconf 87' lang='lat' dir='ltr'>propa</span> <span class='ocrx_word' id='word_1_150' title='bbox 891 2533 974 2597; x_wconf 85' lang='lat' dir='ltr'>viam</span> <span class='ocrx_word' id='word_1_151' title='bbox 990 2533 1152 2616; x_wconf 82' lang='lat' dir='ltr'>publicam</span> <span class='ocrx_word' id='word_1_152' title='bbox 1169 2539 1217 2599; x_wconf 97' lang='grc' dir='ltr'>θεῖ</span> 
     </span>
     <span class='ocr_line' id='line_1_19' title="bbox 94 2640 1281 2726; baseline 0.004 -23"><span class='ocrx_word' id='word_1_153' title='bbox 94 2640 186 2704; x_wconf 86' lang='lat' dir='ltr'>eciam</span> <span class='ocrx_word' id='word_1_154' title='bbox 201 2663 267 2706; x_wconf 88' lang='lat' dir='ltr'>una</span> <span class='ocrx_word' id='word_1_155' title='bbox 292 2645 377 2706; x_wconf 90' lang='lat' dir='ltr'>meta</span> <span class='ocrx_word' id='word_1_156' title='bbox 402 2649 507 2707; x_wconf 89' lang='lat' dir='ltr'>terrea</span> <span class='ocrx_word' id='word_1_157' title='bbox 523 2647 556 2708; x_wconf 91' lang='grc' dir='ltr'>θῖ</span> <span class='ocrx_word' id='word_1_158' title='bbox 571 2643 617 2706; x_wconf 89' lang='lat' dir='ltr'>sic</span> <span class='ocrx_word' id='word_1_159' title='bbox 633 2641 890 2725; x_wconf 86' lang='lat' dir='ltr'>pertranseundo</span> <span class='ocrx_word' id='word_1_160' title='bbox 915 2642 1000 2706; x_wconf 79' lang='lat' dir='ltr'>viam</span> <span class='ocrx_word' id='word_1_161' title='bbox 1015 2663 1073 2726; x_wconf 88' lang='lat' dir='ltr'>per</span> <span class='ocrx_word' id='word_1_162' title='bbox 1089 2641 1214 2708; x_wconf 90' lang='lat' dir='ltr'>bonum</span> <span class='ocrx_word' id='word_1_163' title='bbox 1280 2664 1281 2668; x_wconf 48' lang='lat'>¹</span> 
     </span>
     <span class='ocr_line' id='line_1_20' title="bbox 91 2751 1213 2836; baseline 0.005 -24"><span class='ocrx_word' id='word_1_164' title='bbox 91 2752 226 2832; x_wconf 87' lang='lat' dir='ltr'>spacium</span> <span class='ocrx_word' id='word_1_165' title='bbox 242 2751 447 2836; x_wconf 77' lang='lat' dir='ltr'>pervenitad</span> <span class='ocrx_word' id='word_1_166' title='bbox 463 2774 565 2817; x_wconf 90' lang='lat' dir='ltr'>unum</span> <span class='ocrx_word' id='word_1_167' title='bbox 580 2751 680 2816; x_wconf 88' lang='lat' dir='ltr'>berch</span> <span class='ocrx_word' id='word_1_168' title='bbox 705 2753 739 2816; x_wconf 89' lang='lat' dir='ltr'>in</span> <span class='ocrx_word' id='word_1_169' title='bbox 756 2754 847 2816; x_wconf 91' lang='lat' dir='ltr'>cuius</span> <span class='ocrx_word' id='word_1_170' title='bbox 864 2752 1030 2816; x_wconf 86' lang='lat' dir='ltr'>cacumine</span> <span class='ocrx_word' id='word_1_171' title='bbox 1048 2756 1097 2816; x_wconf 92' lang='grc' dir='ltr'>θεῖ</span> <span class='ocrx_word' id='word_1_172' title='bbox 1113 2753 1213 2818; x_wconf 84' lang='lat' dir='ltr'>eciam</span> 
     </span>
     <span class='ocr_line' id='line_1_21' title="bbox 92 2859 1216 2943; baseline 0.007 -23"><span class='ocrx_word' id='word_1_173' title='bbox 92 2878 151 2922; x_wconf 88' lang='lat' dir='ltr'>una</span> <span class='ocrx_word' id='word_1_174' title='bbox 181 2867 268 2925; x_wconf 87' lang='lat' dir='ltr'>meta</span> <span class='ocrx_word' id='word_1_175' title='bbox 300 2866 414 2942; x_wconf 85' lang='lat' dir='ltr'>terrea,</span> <span class='ocrx_word' id='word_1_176' title='bbox 432 2859 547 2924; x_wconf 85' lang='lat' dir='ltr'>deiude</span> <span class='ocrx_word' id='word_1_177' title='bbox 572 2861 759 2943; x_wconf 87' lang='lat' dir='ltr'>peripsum</span> <span class='ocrx_word' id='word_1_178' title='bbox 789 2859 889 2924; x_wconf 88' lang='lat' dir='ltr'>barch</span> <span class='ocrx_word' id='word_1_179' title='bbox 922 2860 1118 2925; x_wconf 88' lang='lat' dir='ltr'>transeundo</span> <span class='ocrx_word' id='word_1_180' title='bbox 1149 2884 1216 2928; x_wconf 89' lang='lat' dir='ltr'>ma-</span> 
     </span>
     <span class='ocr_line' id='line_1_22' title="bbox 90 2967 1215 3052; baseline 0.004 -21"><span class='ocrx_word' id='word_1_181' title='bbox 90 2988 184 3049; x_wconf 79' lang='lat' dir='ltr'>gnum</span> <span class='ocrx_word' id='word_1_182' title='bbox 199 2969 344 3050; x_wconf 82' lang='lat' dir='ltr'>spacium</span> <span class='ocrx_word' id='word_1_183' title='bbox 369 2969 515 3052; x_wconf 82' lang='lat' dir='ltr'>pervenit</span> <span class='ocrx_word' id='word_1_184' title='bbox 540 2967 581 3032; x_wconf 91' lang='lat' dir='ltr'>ad</span> <span class='ocrx_word' id='word_1_185' title='bbox 605 2967 776 3052; x_wconf 82' lang='lat' dir='ltr'>planiciem</span> <span class='ocrx_word' id='word_1_186' title='bbox 791 2968 848 3032; x_wconf 92' lang='lat' dir='ltr'>ubi</span> <span class='ocrx_word' id='word_1_187' title='bbox 866 2969 965 3033; x_wconf 88' lang='lat' dir='ltr'>eciam</span> <span class='ocrx_word' id='word_1_188' title='bbox 983 2971 1030 3032; x_wconf 90' lang='lat' dir='ltr'>est</span> <span class='ocrx_word' id='word_1_189' title='bbox 1045 2988 1110 3032; x_wconf 90' lang='lat' dir='ltr'>una</span> <span class='ocrx_word' id='word_1_190' title='bbox 1128 2977 1215 3035; x_wconf 89' lang='lat' dir='ltr'>meta</span> 
     </span>
     <span class='ocr_line' id='line_1_23' title="bbox 89 3075 1214 3160; baseline 0.004 -23"><span class='ocrx_word' id='word_1_191' title='bbox 89 3085 197 3157; x_wconf 75' lang='lat' dir='ltr'>terrea,</span> <span class='ocrx_word' id='word_1_192' title='bbox 222 3083 254 3142; x_wconf 88' lang='grc' dir='ltr'>θῖ</span> <span class='ocrx_word' id='word_1_193' title='bbox 279 3078 325 3142; x_wconf 87' lang='lat' dir='ltr'>sic</span> <span class='ocrx_word' id='word_1_194' title='bbox 356 3077 395 3142; x_wconf 91' lang='lat' dir='ltr'>de</span> <span class='ocrx_word' id='word_1_195' title='bbox 424 3076 481 3141; x_wconf 91' lang='lat' dir='ltr'>illa</span> <span class='ocrx_word' id='word_1_196' title='bbox 505 3075 641 3160; x_wconf 78' lang='lat' dir='ltr'>planicie</span> <span class='ocrx_word' id='word_1_197' title='bbox 667 3076 862 3142; x_wconf 89' lang='lat' dir='ltr'>transeundo</span> <span class='ocrx_word' id='word_1_198' title='bbox 893 3078 1040 3160; x_wconf 85' lang='lat' dir='ltr'>pervenit</span> <span class='ocrx_word' id='word_1_199' title='bbox 1056 3076 1098 3142; x_wconf 88' lang='lat' dir='ltr'>ad</span> <span class='ocrx_word' id='word_1_200' title='bbox 1114 3099 1214 3142; x_wconf 89' lang='lat' dir='ltr'>unam</span> 
     </span>
     <span class='ocr_line' id='line_1_24' title="bbox 88 3183 1214 3270; baseline 0.004 -24"><span class='ocrx_word' id='word_1_201' title='bbox 88 3183 199 3249; x_wconf 72' lang='lat' dir='ltr'>sallom</span> <span class='ocrx_word' id='word_1_202' title='bbox 239 3191 271 3250; x_wconf 93' lang='grc' dir='ltr'>θῖ</span> <span class='ocrx_word' id='word_1_203' title='bbox 311 3187 344 3250; x_wconf 92' lang='lat' dir='ltr'>iu</span> <span class='ocrx_word' id='word_1_204' title='bbox 374 3186 432 3250; x_wconf 91' lang='lat' dir='ltr'>illa</span> <span class='ocrx_word' id='word_1_205' title='bbox 465 3185 549 3251; x_wconf 86' lang='lat' dir='ltr'>valle</span> <span class='ocrx_word' id='word_1_206' title='bbox 589 3185 750 3252; x_wconf 90' lang='lat' dir='ltr'>modicum</span> <span class='ocrx_word' id='word_1_207' title='bbox 791 3187 990 3252; x_wconf 87' lang='lat' dir='ltr'>recurvando</span> <span class='ocrx_word' id='word_1_208' title='bbox 1033 3207 1065 3252; x_wconf 90' lang='grc' dir='ltr'>εθ</span> <span class='ocrx_word' id='word_1_209' title='bbox 1105 3207 1214 3270; x_wconf 83' lang='lat' dir='ltr'>pervo-</span> 
     </span>
     <span class='ocr_line' id='line_1_25' title="bbox 89 3293 1215 3379; baseline 0.004 -23"><span class='ocrx_word' id='word_1_210' title='bbox 89 3293 135 3357; x_wconf 91' lang='lat' dir='ltr'>nit</span> <span class='ocrx_word' id='word_1_211' title='bbox 166 3293 206 3358; x_wconf 85' lang='lat' dir='ltr'>od</span> <span class='ocrx_word' id='word_1_212' title='bbox 236 3315 335 3359; x_wconf 88' lang='lat' dir='ltr'>unam</span> <span class='ocrx_word' id='word_1_213' title='bbox 374 3295 458 3360; x_wconf 81' lang='lat' dir='ltr'>riam</span> <span class='ocrx_word' id='word_1_214' title='bbox 491 3317 589 3379; x_wconf 88' lang='lat' dir='ltr'>quam</span> <span class='ocrx_word' id='word_1_215' title='bbox 620 3294 819 3360; x_wconf 85' lang='lat' dir='ltr'>transeundo</span> <span class='ocrx_word' id='word_1_216' title='bbox 851 3293 955 3359; x_wconf 89' lang='lat' dir='ltr'>tendit</span> <span class='ocrx_word' id='word_1_217' title='bbox 986 3294 1027 3359; x_wconf 91' lang='lat' dir='ltr'>ad</span> <span class='ocrx_word' id='word_1_218' title='bbox 1058 3295 1215 3379; x_wconf 90' lang='lat' dir='ltr'>quosdam</span> 
     </span>
     <span class='ocr_line' id='line_1_26' title="bbox 88 3402 1214 3487; baseline 0.004 -23"><span class='ocrx_word' id='word_1_219' title='bbox 88 3421 180 3484; x_wconf 84' lang='lat' dir='ltr'>agros</span> <span class='ocrx_word' id='word_1_220' title='bbox 194 3403 250 3468; x_wconf 89' lang='lat' dir='ltr'>ubi</span> <span class='ocrx_word' id='word_1_221' title='bbox 266 3404 367 3468; x_wconf 86' lang='lat' dir='ltr'>eciam</span> <span class='ocrx_word' id='word_1_222' title='bbox 392 3407 439 3468; x_wconf 87' lang='lat' dir='ltr'>est</span> <span class='ocrx_word' id='word_1_223' title='bbox 464 3425 528 3469; x_wconf 86' lang='lat' dir='ltr'>una</span> <span class='ocrx_word' id='word_1_224' title='bbox 552 3409 638 3468; x_wconf 89' lang='lat' dir='ltr'>meta</span> <span class='ocrx_word' id='word_1_225' title='bbox 653 3409 769 3487; x_wconf 88' lang='lat' dir='ltr'>terrea,</span> <span class='ocrx_word' id='word_1_226' title='bbox 795 3402 909 3468; x_wconf 90' lang='lat' dir='ltr'>deinde</span> <span class='ocrx_word' id='word_1_227' title='bbox 925 3404 1043 3468; x_wconf 87' lang='lat' dir='ltr'>transit</span> <span class='ocrx_word' id='word_1_228' title='bbox 1058 3403 1100 3468; x_wconf 88' lang='lat' dir='ltr'>ad</span> <span class='ocrx_word' id='word_1_229' title='bbox 1117 3409 1214 3487; x_wconf 89' lang='lat' dir='ltr'>caput</span> 
     </span>
     <span class='ocr_line' id='line_1_27' title="bbox 88 3509 1213 3596; baseline 0.004 -24"><span class='ocrx_word' id='word_1_230' title='bbox 88 3509 178 3574; x_wconf 88' lang='lat' dir='ltr'>unius</span> <span class='ocrx_word' id='word_1_231' title='bbox 193 3509 287 3576; x_wconf 83' lang='lat' dir='ltr'>rivuli</span> <span class='ocrx_word' id='word_1_232' title='bbox 304 3518 336 3576; x_wconf 89' lang='lat' dir='ltr'>et</span> <span class='ocrx_word' id='word_1_233' title='bbox 351 3533 410 3596; x_wconf 90' lang='lat' dir='ltr'>per</span> <span class='ocrx_word' id='word_1_234' title='bbox 426 3513 531 3596; x_wconf 88' lang='lat' dir='ltr'>ipsum</span> <span class='ocrx_word' id='word_1_235' title='bbox 548 3511 743 3576; x_wconf 86' lang='lat' dir='ltr'>transeundo</span> <span class='ocrx_word' id='word_1_236' title='bbox 760 3512 906 3596; x_wconf 86' lang='lat' dir='ltr'>pervenit</span> <span class='ocrx_word' id='word_1_237' title='bbox 921 3513 1039 3576; x_wconf 89' lang='lat' dir='ltr'>iterum</span> <span class='ocrx_word' id='word_1_238' title='bbox 1056 3512 1097 3576; x_wconf 90' lang='lat' dir='ltr'>ad</span> <span class='ocrx_word' id='word_1_239' title='bbox 1112 3535 1213 3578; x_wconf 89' lang='lat' dir='ltr'>unum</span> 
     </span>
     <span class='ocr_line' id='line_1_28' title="bbox 86 3614 1215 3704; baseline 0.005 -24"><span class='ocrx_word' id='word_1_240' title='bbox 86 3614 181 3682; x_wconf 84' lang='lat' dir='ltr'>berch</span> <span class='ocrx_word' id='word_1_241' title='bbox 210 3640 267 3702; x_wconf 91' lang='lat' dir='ltr'>per</span> <span class='ocrx_word' id='word_1_242' title='bbox 290 3621 411 3685; x_wconf 87' lang='lat' dir='ltr'>bonurn</span> <span class='ocrx_word' id='word_1_243' title='bbox 428 3623 572 3704; x_wconf 88' lang='lat' dir='ltr'>spacium</span> <span class='ocrx_word' id='word_1_244' title='bbox 587 3622 621 3685; x_wconf 90' lang='lat' dir='ltr'>in</span> <span class='ocrx_word' id='word_1_245' title='bbox 653 3623 743 3686; x_wconf 91' lang='lat' dir='ltr'>cuius</span> <span class='ocrx_word' id='word_1_246' title='bbox 776 3621 941 3686; x_wconf 88' lang='lat' dir='ltr'>cacumine</span> <span class='ocrx_word' id='word_1_247' title='bbox 968 3625 1015 3685; x_wconf 89' lang='lat' dir='ltr'>est</span> <span class='ocrx_word' id='word_1_248' title='bbox 1032 3623 1133 3685; x_wconf 87' lang='lat' dir='ltr'>eciam</span> <span class='ocrx_word' id='word_1_249' title='bbox 1149 3642 1215 3686; x_wconf 89' lang='lat' dir='ltr'>una</span> 
     </span>
     <span class='ocr_line' id='line_1_29' title="bbox 89 3728 1214 3814; baseline 0.006 -26"><span class='ocrx_word' id='word_1_250' title='bbox 89 3731 172 3790; x_wconf 91' lang='lat' dir='ltr'>meta</span> <span class='ocrx_word' id='word_1_251' title='bbox 186 3731 299 3812; x_wconf 87' lang='lat' dir='ltr'>terrea,</span> <span class='ocrx_word' id='word_1_252' title='bbox 313 3737 423 3814; x_wconf 87' lang='lat' dir='ltr'>postea</span> <span class='ocrx_word' id='word_1_253' title='bbox 454 3730 493 3795; x_wconf 87' lang='lat' dir='ltr'>dc</span> <span class='ocrx_word' id='word_1_254' title='bbox 508 3729 564 3796; x_wconf 91' lang='lat' dir='ltr'>illo</span> <span class='ocrx_word' id='word_1_255' title='bbox 581 3731 681 3796; x_wconf 90' lang='lat' dir='ltr'>berch</span> <span class='ocrx_word' id='word_1_256' title='bbox 697 3729 860 3796; x_wconf 89' lang='lat' dir='ltr'>descendit</span> <span class='ocrx_word' id='word_1_257' title='bbox 876 3730 917 3794; x_wconf 90' lang='lat' dir='ltr'>ad</span> <span class='ocrx_word' id='word_1_258' title='bbox 941 3728 1214 3814; x_wconf 84' lang='lat' dir='ltr'>Hlynnykpotoca</span> 
     </span>
     <span class='ocr_line' id='line_1_30' title="bbox 87 3833 1211 3922; baseline 0.005 -26"><span class='ocrx_word' id='word_1_259' title='bbox 87 3839 116 3896; x_wconf 89' lang='lat' dir='ltr'>et</span> <span class='ocrx_word' id='word_1_260' title='bbox 133 3833 235 3917; x_wconf 90' lang='lat' dir='ltr'>ipsum</span> <span class='ocrx_word' id='word_1_261' title='bbox 250 3837 446 3904; x_wconf 87' lang='lat' dir='ltr'>transeundo</span> <span class='ocrx_word' id='word_1_262' title='bbox 463 3839 497 3902; x_wconf 92' lang='lat' dir='ltr'>in</span> <span class='ocrx_word' id='word_1_263' title='bbox 522 3839 596 3922; x_wconf 89' lang='lat' dir='ltr'>ripa</span> <span class='ocrx_word' id='word_1_264' title='bbox 622 3839 688 3903; x_wconf 90' lang='lat' dir='ltr'>eius</span> <span class='ocrx_word' id='word_1_265' title='bbox 715 3845 762 3902; x_wconf 90' lang='grc' dir='ltr'>θεῖ</span> <span class='ocrx_word' id='word_1_266' title='bbox 788 3839 886 3902; x_wconf 87' lang='lat' dir='ltr'>eciam</span> <span class='ocrx_word' id='word_1_267' title='bbox 914 3859 979 3902; x_wconf 89' lang='lat' dir='ltr'>una</span> <span class='ocrx_word' id='word_1_268' title='bbox 995 3844 1082 3902; x_wconf 85' lang='lat' dir='ltr'>meta</span> <span class='ocrx_word' id='word_1_269' title='bbox 1098 3843 1211 3920; x_wconf 88' lang='lat' dir='ltr'>terrea,</span> 
     </span>
     <span class='ocr_line' id='line_1_31' title="bbox 89 3940 1212 4031; baseline 0.005 -27"><span class='ocrx_word' id='word_1_270' title='bbox 89 3940 199 4008; x_wconf 87' lang='lat' dir='ltr'>deinde</span> <span class='ocrx_word' id='word_1_271' title='bbox 215 3946 412 4012; x_wconf 87' lang='lat' dir='ltr'>transeundo</span> <span class='ocrx_word' id='word_1_272' title='bbox 437 3968 495 4031; x_wconf 88' lang='lat' dir='ltr'>per</span> <span class='ocrx_word' id='word_1_273' title='bbox 510 3968 664 4031; x_wconf 82' lang='lat' dir='ltr'>magnum</span> <span class='ocrx_word' id='word_1_274' title='bbox 690 3947 834 4031; x_wconf 88' lang='lat' dir='ltr'>spacium</span> <span class='ocrx_word' id='word_1_275' title='bbox 858 3949 892 4012; x_wconf 94' lang='lat' dir='ltr'>in</span> <span class='ocrx_word' id='word_1_276' title='bbox 919 3946 1060 4031; x_wconf 89' lang='lat' dir='ltr'>quadam</span> <span class='ocrx_word' id='word_1_277' title='bbox 1074 3945 1212 4031; x_wconf 89' lang='lat' dir='ltr'>planicie</span> 
     </span>
     <span class='ocr_line' id='line_1_32' title="bbox 89 4054 1213 4141; baseline 0.005 -27"><span class='ocrx_word' id='word_1_278' title='bbox 89 4054 135 4114; x_wconf 89' lang='grc' dir='ltr'>θεῖ</span> <span class='ocrx_word' id='word_1_279' title='bbox 151 4054 248 4118; x_wconf 87' lang='lat' dir='ltr'>eciam</span> <span class='ocrx_word' id='word_1_280' title='bbox 263 4075 328 4119; x_wconf 89' lang='lat' dir='ltr'>una</span> <span class='ocrx_word' id='word_1_281' title='bbox 343 4059 430 4120; x_wconf 89' lang='lat' dir='ltr'>meta</span> <span class='ocrx_word' id='word_1_282' title='bbox 445 4060 558 4140; x_wconf 87' lang='lat' dir='ltr'>terrea,</span> <span class='ocrx_word' id='word_1_283' title='bbox 569 4063 600 4120; x_wconf 89' lang='lat' dir='ltr'>et</span> <span class='ocrx_word' id='word_1_284' title='bbox 615 4060 689 4141; x_wconf 89' lang='lat' dir='ltr'>post</span> <span class='ocrx_word' id='word_1_285' title='bbox 703 4057 762 4122; x_wconf 92' lang='lat' dir='ltr'>hec</span> <span class='ocrx_word' id='word_1_286' title='bbox 777 4077 834 4140; x_wconf 87' lang='lat' dir='ltr'>per·</span> <span class='ocrx_word' id='word_1_287' title='bbox 849 4055 1020 4141; x_wconf 88' lang='lat' dir='ltr'>planiciem</span> <span class='ocrx_word' id='word_1_288' title='bbox 1035 4055 1213 4140; x_wconf 88' lang='lat' dir='ltr'>predictam</span> 
     </span>
     <span class='ocr_line' id='line_1_33' title="bbox 93 4163 1212 4252; baseline 0.009 -32"><span class='ocrx_word' id='word_1_289' title='bbox 93 4163 284 4228; x_wconf 87' lang='lat' dir='ltr'>transeundo</span> <span class='ocrx_word' id='word_1_290' title='bbox 300 4185 359 4248; x_wconf 89' lang='lat' dir='ltr'>per</span> <span class='ocrx_word' id='word_1_291' title='bbox 374 4163 495 4230; x_wconf 93' lang='lat' dir='ltr'>bonum</span> <span class='ocrx_word' id='word_1_292' title='bbox 511 4167 656 4250; x_wconf 87' lang='lat' dir='ltr'>spacium</span> <span class='ocrx_word' id='word_1_293' title='bbox 672 4169 776 4231; x_wconf 91' lang='lat' dir='ltr'>totum</span> <span class='ocrx_word' id='word_1_294' title='bbox 792 4187 900 4232; x_wconf 85' lang='lat' dir='ltr'>versus</span> <span class='ocrx_word' id='word_1_295' title='bbox 916 4165 1080 4231; x_wconf 85' lang='lat' dir='ltr'>meridiem</span> <span class='ocrx_word' id='word_1_296' title='bbox 1105 4183 1212 4252; x_wconf 86' lang='lat' dir='ltr'>perve-</span> 
     </span>
     <span class='ocr_line' id='line_1_34' title="bbox 88 4268 1211 4357; baseline 0.007 -27"><span class='ocrx_word' id='word_1_297' title='bbox 88 4268 136 4331; x_wconf 93' lang='lat' dir='ltr'>nit</span> <span class='ocrx_word' id='word_1_298' title='bbox 151 4271 280 4337; x_wconf 85' lang='lat' dir='ltr'>tandem</span> <span class='ocrx_word' id='word_1_299' title='bbox 297 4272 339 4337; x_wconf 93' lang='lat' dir='ltr'>ad</span> <span class='ocrx_word' id='word_1_300' title='bbox 353 4277 455 4338; x_wconf 85' lang='lat' dir='ltr'>metas</span> <span class='ocrx_word' id='word_1_301' title='bbox 470 4277 556 4339; x_wconf 88' lang='lat' dir='ltr'>terre</span> <span class='ocrx_word' id='word_1_302' title='bbox 573 4274 613 4339; x_wconf 88' lang='lat' dir='ltr'>do</span> <span class='ocrx_word' id='word_1_303' title='bbox 629 4273 731 4340; x_wconf 83' lang='lat' dir='ltr'>sibula</span> <span class='ocrx_word' id='word_1_304' title='bbox 747 4273 804 4339; x_wconf 91' lang='lat' dir='ltr'>ubi</span> <span class='ocrx_word' id='word_1_305' title='bbox 821 4277 929 4339; x_wconf 91' lang='lat' dir='ltr'>nostre</span> <span class='ocrx_word' id='word_1_306' title='bbox 946 4275 1030 4338; x_wconf 88' lang='lat' dir='ltr'>mete</span> <span class='ocrx_word' id='word_1_307' title='bbox 1047 4275 1211 4357; x_wconf 90' lang='lat' dir='ltr'>cumipso-</span> 
     </span>
     <span class='ocr_line' id='line_1_35' title="bbox 85 4379 1210 4464; baseline 0.008 -26"><span class='ocrx_word' id='word_1_308' title='bbox 85 4395 156 4440; x_wconf 90' lang='lat' dir='ltr'>rum</span> <span class='ocrx_word' id='word_1_309' title='bbox 170 4379 263 4444; x_wconf 87' lang='lat' dir='ltr'>metis</span> <span class='ocrx_word' id='word_1_310' title='bbox 279 4380 520 4464; x_wconf 84' lang='lat' dir='ltr'>coniunguntur</span> <span class='ocrx_word' id='word_1_311' title='bbox 536 4383 592 4448; x_wconf 90' lang='lat' dir='ltr'>ubi</span> <span class='ocrx_word' id='word_1_312' title='bbox 609 4382 709 4447; x_wconf 88' lang='lat' dir='ltr'>eciam</span> <span class='ocrx_word' id='word_1_313' title='bbox 725 4387 772 4446; x_wconf 90' lang='lat' dir='ltr'>est</span> <span class='ocrx_word' id='word_1_314' title='bbox 797 4403 862 4446; x_wconf 91' lang='lat' dir='ltr'>una</span> <span class='ocrx_word' id='word_1_315' title='bbox 878 4385 964 4446; x_wconf 87' lang='lat' dir='ltr'>meta</span> <span class='ocrx_word' id='word_1_316' title='bbox 980 4384 1086 4446; x_wconf 86' lang='lat' dir='ltr'>terrea</span> <span class='ocrx_word' id='word_1_317' title='bbox 1104 4386 1135 4446; x_wconf 86' lang='lat' dir='ltr'>et</span> <span class='ocrx_word' id='word_1_318' title='bbox 1151 4380 1210 4448; x_wconf 92' lang='lat' dir='ltr'>ibi·</span> 
     </span>
     <span class='ocr_line' id='line_1_36' title="bbox 84 4481 1210 4574; baseline 0.009 -28"><span class='ocrx_word' id='word_1_319' title='bbox 84 4481 156 4549; x_wconf 91' lang='lat' dir='ltr'>dem</span> <span class='ocrx_word' id='word_1_320' title='bbox 169 4489 251 4552; x_wconf 86' lang='lat' dir='ltr'>mete</span> <span class='ocrx_word' id='word_1_321' title='bbox 269 4489 495 4574; x_wconf 87' lang='lat' dir='ltr'>terminantur,</span> <span class='ocrx_word' id='word_1_322' title='bbox 521 4495 553 4555; x_wconf 89' lang='lat' dir='ltr'>et</span> <span class='ocrx_word' id='word_1_323' title='bbox 567 4493 718 4574; x_wconf 88' lang='lat' dir='ltr'>preterea</span> <span class='ocrx_word' id='word_1_324' title='bbox 744 4488 918 4574; x_wconf 89' lang='lat' dir='ltr'>quamdam</span> <span class='ocrx_word' id='word_1_325' title='bbox 942 4487 1083 4554; x_wconf 89' lang='lat' dir='ltr'>insulam</span> <span class='ocrx_word' id='word_1_326' title='bbox 1100 4493 1132 4555; x_wconf 87' lang='lat' dir='ltr'>et</span> <span class='ocrx_word' id='word_1_327' title='bbox 1147 4490 1210 4556; x_wconf 82' lang='lat' dir='ltr'>vir·</span> 
     </span>
     <span class='ocr_line' id='line_1_37' title="bbox 83 4589 1208 4683; baseline 0.011 -29"><span class='ocrx_word' id='word_1_328' title='bbox 83 4589 208 4674; x_wconf 88' lang='lat' dir='ltr'>gultum</span> <span class='ocrx_word' id='word_1_329' title='bbox 224 4617 320 4678; x_wconf 90' lang='lat' dir='ltr'>quam</span> <span class='ocrx_word' id='word_1_330' title='bbox 338 4597 565 4664; x_wconf 83' lang='lat' dir='ltr'>circafluvium</span> <span class='ocrx_word' id='word_1_331' title='bbox 576 4598 663 4683; x_wconf 86' lang='lat' dir='ltr'>Wag</span> <span class='ocrx_word' id='word_1_332' title='bbox 678 4597 809 4664; x_wconf 88' lang='lat' dir='ltr'>insimul</span> <span class='ocrx_word' id='word_1_333' title='bbox 819 4596 1208 4666; x_wconf 78' lang='lat' dir='ltr'>haberadinoscebantur</span> 
     </span>
     <span class='ocr_line' id='line_1_38' title="bbox 84 4701 1211 4795; baseline 0.008 -28"><span class='ocrx_word' id='word_1_334' title='bbox 84 4701 226 4768; x_wconf 89' lang='lat' dir='ltr'>similiter</span> <span class='ocrx_word' id='word_1_335' title='bbox 241 4705 275 4770; x_wconf 93' lang='lat' dir='ltr'>in</span> <span class='ocrx_word' id='word_1_336' title='bbox 292 4705 371 4773; x_wconf 90' lang='lat' dir='ltr'>duas</span> <span class='ocrx_word' id='word_1_337' title='bbox 387 4711 495 4793; x_wconf 88' lang='lat' dir='ltr'>partes</span> <span class='ocrx_word' id='word_1_338' title='bbox 506 4707 683 4776; x_wconf 86' lang='lat' dir='ltr'>diviserunt</span> <span class='ocrx_word' id='word_1_339' title='bbox 699 4729 836 4795; x_wconf 89' lang='lat' dir='ltr'>quarum</span> <span class='ocrx_word' id='word_1_340' title='bbox 851 4707 957 4794; x_wconf 90' lang='lat' dir='ltr'>prima</span> <span class='ocrx_word' id='word_1_341' title='bbox 970 4728 989 4772; x_wconf 90' lang='lat' dir='ltr'>a</span> <span class='ocrx_word' id='word_1_342' title='bbox 998 4709 1090 4792; x_wconf 88' lang='lat' dir='ltr'>parte</span> <span class='ocrx_word' id='word_1_343' title='bbox 1107 4709 1211 4777; x_wconf 86' lang='lat' dir='ltr'>orien-</span> 
     </span>
    </p>
   </div>
   <div class='ocr_carea' id='block_1_4' title="bbox 0 0 1570 5470">
    <p class='ocr_par' dir='ltr' id='par_1_5' title="bbox 0 0 1570 5470">
     <span class='ocr_line' id='line_1_39' title="bbox 0 0 1570 5470; baseline 0 1"><span class='ocrx_word' id='word_1_344' title='bbox 0 0 1570 5470; x_wconf 95' lang='lat' dir='ltr'> </span> 
     </span>
    </p>
   </div>
  </div>
 </body>
</html>
