3172 5462
553 475 647 538 1324.
664 493 737 539 Aru.
755 473 806 538 27.
1177 475 1240 538 127

110 679 243 725 suornm
278 653 478 741 prefatorum
503 656 710 739 comparavit,
742 653 858 738 quibus
884 653 1032 720 omnibus
1056 675 1115 739 per
1139 655 1244 739 ipsum

110 871 205 938 nobis
222 871 377 938 exhibitis
402 872 434 938 in
453 872 543 938 nullo
568 871 638 956 ipso
664 872 781 937 comite
805 868 942 938 Andrea
965 871 1068 938 fratre
1093 893 1150 937 suo
1170 892 1266 937 con·-

110 981 303 1064 tradicente,
320 982 397 1066 qnia
415 981 521 1065 ipsum
537 981 687 1046 comitem
703 977 872 1046 Andream
887 981 1014 1046 nullum
1030 982 1080 1046 ius
1100 981 1244 1065 proprie·

110 1090 191 1155 tatis
215 1090 267 1154 vel
292 1089 425 1155 dominii
443 1089 478 1154 in
496 1088 752 1174 possessionibus
770 1111 828 1174 per
845 1090 952 1174 ipsum
977 1091 1127 1156 comitem
1153 1087 1245 1173 Gyu-

112 1197 180 1262 lam
203 1197 372 1282 requisitis
411 1203 443 1262 et
469 1198 664 1281 comparatis
688 1197 866 1282 atingebat,
902 1197 1110 1264 nihilominus
1133 1201 1245 1262 tamen

110 1304 199 1370 idem
223 1327 330 1371 comes
357 1302 468 1390 Gyula
483 1305 655 1372 fraternali
678 1306 801 1390 pietate
818 1311 851 1372 et
866 1307 1021 1373 memoria
1036 1305 1243 1392 providencia

108 1419 220 1480 motus
245 1419 279 1481 et
309 1413 461 1481 inductus
485 1415 519 1480 in
550 1414 745 1499 quibusdam
765 1413 1019 1501 possessionibus
1050 1416 1116 1481 suis
1143 1413 1242 1480 infra-

109 1523 243 1609 scriptis
267 1524 373 1609 ipsum
399 1525 548 1591 comitem
572 1520 743 1590 Andream
766 1524 901 1591 fratrem
917 1541 1009 1592 suum
1027 1544 1135 1590 coram
1150 1523 1246 1589 nobis

109 1633 323 1717 participavit
354 1654 434 1716 quas
464 1633 574 1717 vigore
610 1632 813 1716 presencium
847 1632 1060 1716 declaramus,
1092 1631 1244 1698 videlieet

109 1739 248 1806 fundum
266 1743 354 1806 curie
371 1742 473 1824 ipsius
483 1741 608 1806 comitis
624 1739 756 1833 Hozlon
765 1745 894 1825 patrem
909 1741 1053 1825 ipsorum
1069 1741 1103 1805 in
1118 1761 1244 1824 posses·

110 1850 202 1914 sione
229 1848 479 1934 Kystopolchan
505 1849 581 1914 olim
606 1849 675 1914 iure
691 1849 889 1916 hereditario
906 1849 1148 1934 contingentem
1171 1870 1244 1913 cum

110 1956 239 2022 duabus
255 1957 475 2024 mansionibus
487 1980 527 2023 ex
541 1962 680 2042 utraque
695 1963 790 2042 parte
800 1959 902 2042 ipsius
918 1956 1011 2023 fundi
1026 1956 1245 2023 vicinantibus

110 2086 186 2130 cum
202 2065 351 2130 omnibus
367 2065 566 2131 utilitatibus
583 2069 615 2130 et
624 2066 832 2149 pertinenciis
852 2066 1037 2132 earumdem
1049 2066 1133 2131 sicut
1148 2068 1243 2148 pater

107 2173 257 2256 ipsorum
273 2195 293 2238 a
308 2174 451 2258 primevo
467 2174 611 2258 possedit
626 2175 773 2240 obtenuit
790 2197 862 2241 oum
878 2175 994 2240 ienetis
1005 2174 1107 2239 eciam
1123 2173 1157 2236 in
1168 2172 1245 2238 duo-

112 2281 176 2346 bus
197 2282 278 2346 locis
294 2282 506 2348 existentibus
523 2283 608 2348 circa
632 2280 764 2348 fluvium
790 2282 992 2368 Thopolnica
1017 2281 1248 2362 adiacentibus,

107 2390 190 2454 item
216 2390 352 2455 terciam
377 2396 505 2474 partem
531 2393 743 2477 possessionis
767 2391 876 2476 Bolug
901 2396 1013 2457 vocate
1039 2439 1046 2454 .
1073 2439 1079 2454 .
1106 2389 1243 2454 dedit..

108 2497 174 2580 ipsi
200 2499 314 2564 comiti
337 2495 472 2564 Andree
496 2499 592 2566 fratri
609 2522 666 2566 suo
684 2521 827 2584 ..super
847 2499 964 2584 quibus
980 2497 1242 2584 possessionariis

107 2605 321 2689 porcionibus
345 2606 432 2671 idem
451 2629 556 2673 comes
582 2605 733 2674 Andreas
760 2613 954 2674 contentus.
972 2657 978 2671 .
996 2606 1039 2672 ad
1062 2606 1122 2671 hec
1148 2626 1181 2670 se
1214 2612 1247 2671 et

108 2735 187 2779 suos
212 2713 349 2780 heredes
365 2765 372 2781 .
389 2765 396 2780 .
413 2715 575 2801 obligavit,
601 2718 688 2800 quod
713 2718 763 2782 si.
780 2719 873 2801 ‚ipse
898 2715 1051 2780 Andreas
1083 2721 1141 2780 aut
1175 2713 1245 2779 eins

107 2821 249 2889 heredes
273 2829 487 2890 memoratum
513 2827 663 2891 comitem
690 2824 834 2910 Gyulam
861 2825 912 2890 vel
936 2846 1009 2890 suos
1034 2823 1245 2908 posteritates

107 2933 244 2996 racione
272 2931 486 3016 inpeticionis
519 2935 738 3018 cuiuscunque
763 2934 924 3018 particule
940 2932 1151 3016 possessionis
1176 2953 1243 2996 non

108 3044 286 3104 contentus
312 3061 409 3123 super
432 3039 588 3123 predictis
612 3043 874 3126 possessionariis
898 3041 1106 3126 porcionibus
1133 3061 1243 3104 coram

107 3147 226 3231 quovis
242 3145 349 3210 iudice
367 3147 564 3230 molestaret,
581 3156 698 3215 extunc
708 3172 791 3234 pena
807 3148 1052 3215 manifestorum
1069 3147 1246 3212 calumnia-

105 3263 222 3325 torum,
236 3254 423 3337 puniantur.
439 3255 564 3321 Datum
584 3257 723 3324 secundo
741 3259 793 3323 die
810 3257 885 3322 sesti
900 3256 990 3322 beati
1006 3253 1141 3338 Georgii
1159 3275 1243 3318 mar-

105 3363 192 3445 tiris,
211 3383 297 3427 anno
315 3361 435 3428 domini
455 3361 795 3431 M⁰OOO1110XX1110
813 3371 939 3451 quarto.

220 3509 310 3559 Kulso
320 3511 579 3578 pecsttnyomaival
590 3530 596 3578 3
607 3478 737 3581 eredetije
747 3529 779 3566 az
789 3530 857 3566 orsa.
869 3515 924 3567 ltsir
933 3515 1032 3565 kincst.
1043 3519 1109 3562 oszt.
1122 3511 1154 3563 N.
1166 3509 1199 3562 R.
1211 3511 1244 3562 A.

109 3604 172 3653 113.
184 3604 227 3651 33.
238 3601 306 3664 dipl.
317 3602 347 3652 lt.
361 3604 438 3652 2241.
450 3603 530 3654 szli
540 3620 546 3654 ε
558 3605 660 3656 Vinczc
671 3606 771 3658 Grtbor.

603 3767 720 3778 *nnn-nn·—
726 3769 756 3778 -ι-

107 4094 211 4159 1324.
227 4117 298 4181 apr.
316 4093 368 4160 27.
396 4094 423 4161 I.
450 4093 576 4182 Kar-alp
592 4095 703 4183 birsily
719 4121 740 4162 c
765 4093 961 4183 bil-tlensipbe
979 4105 1051 4162 escit
1068 4093 1246 4163 Get-Keleai

105 4205 345 4290 nemzetae'pbeli
360 4204 536 4288 Lotlzardfi
558 4207 665 4270 Debes
680 4207 801 4289 firinob
825 4207 1014 4290 Jarompoa
1040 4215 1120 4270 osolt
1144 4205 1246 4270 Vulbo‘

105 4313 296 4400 udrmepyei
320 4313 461 4376 oirrokcit
486 4311 622 4399 Gcrpelp
637 4315 757 4397 flcirrob
783 4315 971 4378 Milrlo'aoab
997 4313 1245 4397 odomdrayozza.

219 4453 368 4520 Karolus
385 4504 393 4520 .
409 4504 416 4520 .
433 4477 490 4520 rex
522 4505 553 4522 ..
586 4455 628 4523 ad
653 4458 876 4523 universorum
906 4456 1110 4522 noticiam..
1128 4455 1245 4521 harum

103 4566 193 4632 serie
220 4564 368 4629 volumus
393 4566 570 4648 pervenire,
589 4565 677 4649 quod
702 4563 855 4632 Andreas
880 4565 987 4632 Desev
1004 4582 1037 4630 et
1052 4563 1242 4630 Lothardus

103 4672 169 4740 filii
195 4673 339 4740 Dionisii
355 4671 414 4737 filii
431 4673 593 4740 Lothardi
610 4673 649 4739 de
670 4697 787 4759 genere
805 4672 1023 4741 Goth-Koloe
1040 4695 1059 4738 a
1075 4675 1127 4740 via
1143 4671 1245 4740 fideli-
