3130 5470
341 447 406 512 leo
705 463 892 516 lurouuom
909 450 1125 516 ousuluunln.

342 630 591 713 acquisicionem
608 652 699 696 suam
716 652 813 715 super
829 631 916 715 ipsos
932 651 1034 713 usque
1050 651 1136 694 nunc
1161 627 1339 696 habendam
1353 649 1440 714 prose

342 740 399 822 qui
415 741 538 805 valeret
554 747 591 805 ut
607 741 648 806 ab
664 741 814 806 ulteriori
830 763 886 806 sue
902 741 969 805 litis
995 741 1235 822 inquietacione
1252 746 1284 804 et
1298 740 1442 822 fatigatim

342 869 493 931 processu
510 850 638 932 quirent
657 849 800 932 expediri
818 849 941 914 valeret
956 871 1015 933 pro
1033 869 1066 913 se
1084 848 1257 932 destinare,
1274 853 1306 912 et
1321 849 1389 931 quia
1401 869 1443 931 pe-

341 956 477 1020 ticiones
493 956 714 1040 predictorum
730 956 829 1021 Pauli
845 957 921 1022 bani
939 964 971 1022 et
987 954 1122 1022 Andros
1154 957 1266 1022 fratris
1291 957 1338 1022 sui
1352 959 1381 1021 in
1394 957 1442 1020 bac

340 1069 435 1145 parte
452 1086 592 1129 consone
618 1071 712 1130 erant
727 1065 858 1130 veritati
876 1085 948 1128 cum
974 1072 1211 1147 prememorato
1238 1066 1383 1148 magistro
1397 1065 1443 1128 Jo-

342 1171 438 1235 banni
457 1171 543 1238 dicto
560 1171 665 1238 Bolus
682 1171 723 1238 ad
750 1194 876 1237 omnem
905 1173 1154 1254 acquisicionem
1180 1179 1214 1238 et
1238 1174 1443 1257 litigionarian

342 1281 548 1362 quescionem
578 1304 673 1366 super
689 1283 775 1364 ipsos
790 1281 932 1346 Paulum
948 1282 1067 1348 banum
1093 1289 1125 1347 et
1151 1279 1318 1348 Andrean
1333 1279 1443 1344 fratrem

343 1409 437 1454 suum
452 1389 636 1456 habendam
652 1395 689 1455 ut
704 1390 746 1454 ab
763 1389 912 1456 ulteriori
928 1391 1171 1473 inquietacione
1202 1412 1258 1454 sue
1283 1391 1346 1455 litis
1360 1409 1441 1472 usque

343 1518 428 1560 nuuc
459 1497 684 1580 quovismodo
701 1503 816 1564 contra
846 1499 933 1580 ipsos
959 1520 1018 1583 per
1044 1500 1150 1582 ipsum
1175 1499 1295 1562 moveri
1319 1495 1444 1580 queuntis

342 1605 444 1688 quieti
454 1605 585 1672 valeant
600 1628 800 1691 permanere,
815 1613 946 1673 octavas
956 1607 1053 1672 medii
1064 1605 1319 1691 Quadragesime
1334 1611 1443 1689 proter·

341 1714 428 1778 mino
460 1715 720 1798 assignassemus,
751 1715 835 1782 idem
852 1716 1007 1798 magister
1032 1715 1058 1781 J
1060 1715 1205 1782 ohannes
1231 1714 1335 1780 dictus
1357 1712 1441 1778 Bolus

341 1823 494 1906 predictis
519 1823 626 1889 Paulo
652 1825 737 1890 bano
764 1830 798 1889 et
825 1821 963 1890 Andros
986 1823 1202 1909 personaliter
1228 1822 1398 1888 astantibus
1411 1819 1443 1883 ul

342 1936 486 1996 nostram
502 1931 683 1998 accedendo
699 1934 900 2016 presenciam
916 1939 1030 1998 contre
1046 1931 1175 1998 eosdem
1191 1930 1331 1996 Paulum
1345 1929 1445 1994 banuru

346 2044 379 2102 et
394 2039 563 2104 Andream
580 2042 749 2124 proposuit
766 2063 802 2107 eo
819 2041 915 2106 modo
932 2047 969 2106 ut
985 2041 1201 2125 possessiones
1217 2037 1310 2106 Okch
1329 2035 1446 2122 Gyoget

344 2144 480 2230 Weytih
497 2149 530 2212 in
558 2149 715 2215 comitatu
742 2148 946 2234 Symigiensi‚
972 2146 1104 2233 Oheney
1130 2148 1244 2232 Bachy
1261 2146 1361 2212 Sarsd
1384 2145 1450 2210 Res·

343 2253 507 2320 kachofew
524 2257 557 2321 in
575 2259 734 2324 comitatu
750 2257 951 2342 Tymisiensi,
967 2257 1089 2322 Fullak
1121 2261 1154 2321 et
1170 2255 1350 2340 Seruusdey
1364 2255 1392 2320 in
1406 2274 1447 2316 co-

342 2364 462 2430 mitatu
480 2361 652 2430 Orodiensi
670 2387 709 2430 ac
744 2365 882 2450 quedam
899 2365 980 2430 silva
995 2365 1028 2430 in
1053 2365 1253 2448 possessione
1278 2362 1404 2432 Verbice
1423 2361 1449 2422 iu

343 2472 501 2536 comitatu
519 2472 558 2536 de
574 2471 721 2538 Wolkou
738 2473 889 2538 adiacens
915 2473 1051 2538 indivise
1068 2473 1175 2538 adhuc
1201 2473 1287 2538 inter
1311 2473 1390 2554 ipsos
1402 2469 1449 2532 bu-
1532 2471 1533 2506 l

343 2581 497 2646 berentur
529 2581 703 2664 dequibus
720 2587 877 2665 tanquam
894 2581 933 2646 de
949 2582 1073 2646 iuribus
1101 2582 1246 2666 paternis
1272 2602 1357 2645 suam
1373 2577 1452 2641 vellet

344 2690 512 2774 percipere
527 2690 713 2773 porcionem
730 2691 812 2755 alias
829 2691 914 2755 enim
932 2690 1165 2774 acquisiciones
1190 2709 1251 2754 nec
1267 2685 1451 2772 superiectis

347 2797 608 2881 possessionariis
625 2818 684 2863 nec
700 2798 774 2864 aliis
790 2805 1059 2865 nocumentorum
1076 2797 1247 2882 generibus
1264 2803 1370 2862 contra
1380 2795 1452 2877 ipsos

347 2906 481 2971 haberet
497 2906 656 2989 aliquales
672 2907 737 2972 imo
753 2902 840 2972 facta
856 2907 927 2991 ipsa
943 2907 1099 2971 divisione
1130 2907 1171 2971 ab
1196 2907 1284 2972 omni
1309 2911 1390 2969 motu
1405 2921 1450 2965 sue

348 3014 416 3078 litis
434 3014 561 3080 eosdem
578 3011 719 3080 Paulum
736 3014 856 3080 banum
874 3021 907 3079 et
923 3011 1093 3078 Andream
1109 3013 1243 3079 fratrem
1260 3034 1350 3078 suum
1365 3027 1450 3090 usque
1531 3017 1532 3022 ’

348 3121 444 3187 modo
460 3123 580 3186 moveri
598 3121 736 3186 valentis
761 3128 918 3206 perpetuo
935 3119 1087 3206 pacificos
1103 3122 1311 3188 committeret
1335 3125 1365 3184 ct
1379 3117 1451 3200 quic-

348 3237 407 3314 tos,
424 3251 489 3314 quo
521 3231 634 3296 audito
651 3229 749 3295 iidem
765 3229 889 3295 Paulus
915 3229 1018 3295 banus
1044 3235 1075 3294 et
1101 3227 1255 3294 Andreas
1279 3227 1451 3292 iratersuus

347 3339 482 3405 terciam
498 3343 625 3423 partem
642 3340 681 3404 de
698 3339 847 3405 omnibus
873 3339 1037 3422 premissis
1064 3336 1316 3422 possessionibus
1340 3341 1371 3400 et
1386 3333 1450 3398 silva

351 3447 540 3531 supradicta
572 3455 709 3533 excepta
725 3449 873 3532 predicta
898 3447 1100 3531 possessione
1126 3445 1248 3511 Fullak
1274 3467 1368 3528 quam
1382 3437 1452 3524 apul

349 3553 556 3639 Mycbaelem
571 3555 675 3621 filium
688 3555 820 3621 Nicolai
837 3555 876 3620 de
892 3553 1013 3621 Sancto
1030 3553 1203 3638 Mycbeele
1231 3553 1451 3636 generacionem

346 3665 490 3748 ipsorum
508 3685 575 3729 esse
591 3663 797 3730 affirmarunt
813 3663 985 3728 extradere
1002 3663 1063 3746 ipsi
1079 3663 1237 3746 magistro
1262 3659 1288 3726 J
1289 3658 1400 3726 obanui
1413 3654 1449 3718 di·

348 3779 400 3839 cto
416 3772 523 3839 Botus
541 3780 762 3839 assumserunt
779 3772 982 3857 postulantes
999 3771 1153 3836 terminos
1170 3769 1299 3834 debitos
1313 3767 1352 3834 ad
1367 3769 1450 3852 ipsam
1529 3805 1530 3850 y

346 3879 536 3947 divisionem
552 3879 735 3945 faciendam
751 3901 809 3964 per
825 3901 884 3945 nos
901 3879 962 3944 sibi
979 3879 1146 3962 assignari,
1171 3876 1257 3941 unde
1282 3897 1339 3942 nos
1354 3872 1452 3941 aedibs

350 3987 532 4054 huiusmodi
551 3989 774 4054 consentaneis
791 3987 1072 4072 proposioionibus
1103 3989 1251 4072 parcium
1267 4005 1399 4051 unacum
1412 3980 1452 4044 ba·

343 4095 475 4161 ronibus
492 4102 524 4160 et
539 4096 702 4163 nobilibus
718 4097 811 4180 regni
825 4095 993 4162 nobiscum
1010 4095 1154 4160 tribunal
1181 4093 1330 4159 iudiciale
1363 4087 1452 4156 seden-

346 4203 433 4269 tibus
464 4204 663 4269 decrevimus
695 4203 868 4270 iudicando
901 4203 990 4288 quod
1019 4205 1125 4287 primo
1157 4202 1301 4266 omnium
1320 4199 1451 4282 magister
1528 4219 1529 4230 ³

349 4309 468 4378 Gallus
485 4309 571 4377 filius
586 4311 735 4378 Pertoldi
752 4313 802 4378 vel
819 4311 954 4380 Gebech
965 4314 990 4377 si
1000 4314 1071 4396 ipse
1086 4311 1226 4378 defuerit
1242 4311 1339 4375 homo
1355 4301 1452 4374 donini

347 4421 434 4504 regis
450 4425 598 4504 presente
626 4421 813 4486 testimonio
841 4420 1041 4487 honorabilis
1074 4419 1208 4503 capituli
1225 4411 1454 4502 Quinqueecclc

342 4529 455 4594 siensis
472 4550 551 4613 quos
567 4536 678 4614 partes
694 4529 727 4592 in
744 4529 905 4594 communi
922 4529 1083 4594 adducere
1099 4533 1324 4594 assumserunt
1332 4527 1364 4591 in
1380 4527 1448 4588 octa-
1527 4563 1528 4572 η

340 4637 386 4702 vis
404 4635 644 4702 Penthecostes
661 4657 748 4702 nunc
764 4637 908 4702 venturis
935 4635 1092 4703 adsocies
1117 4635 1279 4702 dictarum
1305 4629 1454 4726 possessio·
