3172 5462
361 481 425 546 134
724 495 912 546 snuonsoav
928 483 1145 545 osuluvrta.

901 769 974 833 120.

369 935 464 999 1324.
499 933 665 1020 Viseprttd,
683 937 760 1018 mctj.
776 935 807 998 8.
826 932 852 996 Ι.
869 933 996 1018 deoty
1015 931 1129 1017 kil-aly
1146 931 1248 1014 Ille‘sfi
1266 932 1360 996 Pe‘ter
1367 931 1495 1016 fluitant

368 1044 451 1108 nristt
467 1042 675 1107 hlttlenotoelo
690 1042 823 1106 Rimdez
840 1043 873 1104 c'a
897 1041 1041 1126 Lopnjtb'
1066 1050 1147 1106 neott
1166 1040 1307 1137 Noprrtd
1316 1041 1496 1127 vdrmrepyei

472 1151 682 1230 birtclcoitat,
699 1150 817 1214 Tuovds
828 1148 1127 1234 erdttya‘oojdctnok
1143 1148 1393 1233 artcnartoyozza.

472 1291 543 1359 Nos
568 1289 715 1358 Karalus
731 1341 737 1357 .
755 1342 762 1357 .
778 1312 836 1356 rex
852 1339 859 1356 .
876 1341 883 1356 .
900 1287 1119 1373 significamus
1137 1341 1143 1355 .
1160 1340 1167 1355 .
1185 1290 1274 1376 quod
1299 1313 1494 1375 quamquam

363 1399 547 1482 Michaelis,
571 1399 674 1481 Petri,
699 1398 898 1482 Leustachii,
922 1397 1042 1482 Myhus
1068 1403 1101 1464 et
1116 1398 1224 1465 Jacou
1249 1397 1393 1465 filiorum
1407 1399 1497 1465 Petri

366 1507 425 1572 filii
449 1507 533 1593 Elye
558 1509 746 1592 specialium
765 1506 944 1574 infidelium
959 1513 1144 1572 nostrorum
1160 1506 1320 1573 maleficia
1337 1513 1370 1573 et
1386 1507 1497 1574 abhor-

364 1614 465 1681 rende
480 1615 689 1682 infidelitates
703 1637 767 1700 que
787 1615 881 1682 nobis
892 1636 930 1682 ac
946 1616 1071 1681 cunctis
1088 1616 1290 1681 exstantibus
1313 1617 1435 1682 nostris
1453 1639 1499 1681 re·

366 1723 502 1808 gnicolis
511 1723 635 1808 liquido
646 1731 760 1808 patent
770 1730 804 1790 et
813 1724 909 1809 opido
929 1725 1146 1789 inclarescunt
1162 1723 1243 1790 adeo
1261 1745 1301 1788 ex
1312 1725 1363 1789 sui
1380 1725 1501 1790 eviden-

366 1833 416 1898 cia
441 1833 619 1898 damnabili
644 1834 711 1899 sint
735 1835 862 1900 notorie
887 1838 924 1898 ut
949 1835 1040 1898 nulla
1062 1833 1337 1917 tergiversacione
1363 1840 1497 1916 possunt

369 1941 536 2023 occultari,
552 1945 660 2007 tamen
676 1963 716 2007 ne
732 1943 766 2007 in
782 1949 911 2009 nostros
928 1941 1110 2026 regnicolas
1135 1941 1253 2024 quibus
1269 1939 1428 2008 ineffabili
1444 1943 1502 2008 cle-

367 2049 495 2114 mencia
519 2050 742 2116 universorum
767 2052 926 2136 principis
944 2051 1136 2135 disponente
1151 2050 1247 2134 pleno
1263 2051 1433 2134 regiminis
1449 2073 1503 2134 gu-

367 2157 544 2222 bernaculo
569 2156 710 2225 feliciter
734 2159 933 2244 presidemus
962 2165 995 2224 ct
1010 2160 1103 2224 iuxta
1119 2159 1252 2224 verbum
1268 2159 1503 2244 psalmigraphi

367 2263 523 2332 iudicium
548 2267 617 2350 regi
633 2268 774 2351 petentis
791 2274 824 2333 et
849 2268 1011 2333 iusticiam
1035 2266 1102 2333 filio
1119 2268 1204 2351 regis
1220 2268 1292 2332 dari
1317 2290 1385 2333 non
1403 2269 1505 2333 solum

370 2373 412 2440 ad
428 2374 606 2458 regendum
632 2375 689 2441 sed
704 2377 816 2459 pocius
833 2375 875 2441 ad
890 2376 1075 2442 faciendum
1084 2377 1247 2442 iusticiam
1263 2398 1395 2461 preesse
1412 2377 1506 2442 debe-

368 2504 440 2548 mus
464 2483 618 2566 equitatis
638 2483 795 2550 servando
820 2486 984 2551 tramitem
1009 2490 1042 2550 et
1057 2484 1220 2568 prodesse,
1244 2484 1443 2550 insolescere
1459 2485 1507 2548 vel

369 2591 567 2676 precipitare
576 2591 752 2676 videamur,
764 2593 922 2676 quasdam
935 2593 1097 2658 dictorum
1106 2591 1286 2658 infidelium
1304 2614 1345 2656 ex
1360 2591 1508 2676 pluribus

368 2698 617 2765 nefandissimas
637 2699 798 2766 facciones
823 2703 961 2786 posteris
977 2722 1037 2786 pro
1052 2701 1208 2766 memoria
1226 2700 1444 2766 reservandas
1469 2723 1507 2765 nr

370 2808 478 2873 labem
503 2807 685 2876 huiusmodi
709 2810 911 2876 infidelitatis
937 2811 1166 2877 contrahentes
1189 2809 1310 2875 similia
1341 2809 1506 2874 infrascri-

369 2917 436 3002 ptis
461 2923 649 3001 presumant
674 2921 847 3003 attentare‚
862 2917 1067 3003 presentibus
1093 2917 1244 2984 duximus
1260 2915 1507 2983 annotandum:

372 3025 492 3109 prefati
528 3025 688 3110 siquidem
712 3025 857 3092 infideles
891 3028 983 3112 regni
1014 3028 1118 3094 nostri
1148 3027 1295 3112 precipui
1326 3031 1511 3091 vastatores

372 3131 463 3198 ducti
488 3132 674 3200 rebellionis
698 3135 814 3219 spiritu
827 3136 862 3201 in
879 3141 1077 3201 contemtum
1100 3136 1189 3219 regie
1219 3153 1338 3201 corone
1354 3139 1388 3199 et
1404 3137 1512 3198 status

372 3241 492 3324 regalis
509 3241 703 3308 excellencie
726 3245 898 3310 materiam
914 3244 1115 3328 malignandi
1125 3244 1344 3328 concipientes
1359 3264 1418 3327 per
1433 3263 1512 3307 suos

372 3355 520 3433 posteros
554 3351 810 3417 lamentabiliter
843 3352 1049 3419 recolendam
1085 3374 1261 3438 eorumque
1296 3349 1512 3418 detestabiles

374 3455 509 3522 affectus
525 3459 560 3522 in
576 3480 633 3524 sue
648 3459 818 3526 manifeste
834 3462 1030 3547 perdicionis
1045 3461 1200 3528 indicium
1216 3461 1257 3528 ad
1274 3458 1426 3526 effectum
1437 3481 1512 3543 per-

376 3563 495 3628 ducere
506 3566 681 3651 cupientes,
702 3573 810 3634 castra
820 3591 879 3636 sua
894 3567 1212 3636 videlicetflolouku
1223 3567 1348 3653 Boglos
1364 3573 1397 3633 et
1413 3566 1514 3632 Ztra·

375 3670 459 3737 hura
474 3677 591 3738 vocata
600 3675 749 3741 manibus
766 3675 895 3742 Mathei
911 3676 970 3742 filii
985 3675 1077 3741 Petri
1095 3676 1134 3741 de
1151 3675 1340 3741 Trinchinio
1357 3675 1513 3740 damnate

375 3781 530 3846 memorie
554 3784 658 3848 nostri
673 3783 814 3852 infidelis
830 3784 1045 3868 tradiderunt,
1065 3785 1238 3869 dequibus
1256 3785 1375 3869 quippe
1393 3785 1513 3848 castris

376 3889 541 3955 accersitis
566 3891 688 3958 viribus
712 3897 868 3979 agregsto
894 3895 1038 3959 exercitu
1055 3895 1088 3959 et
1104 3915 1235 3959 suorum
1252 3893 1447 3976 complicum
1464 3893 1513 3957 iu·

376 3998 462 4081 giter
487 3999 639 4068 ordinata
662 4009 792 4070 caterva
816 4006 886 4088 ipse
903 4010 1012 4069 noster
1028 4002 1168 4068 infidelis
1192 4001 1285 4087 regni
1300 4001 1402 4086 predo
1427 4002 1513 4066 nrul-

376 4113 483 4172 tarum
494 4109 673 4177 animarum
684 4111 848 4198 flagellum
856 4112 995 4178 etserale
1005 4109 1358 4196 supplicium,iufinitas
1367 4111 1401 4175 in
1410 4132 1515 4195 reguo

382 4221 493 4280 nostro
505 4220 666 4286 commisit
685 4223 865 4306 vastitates
885 4241 991 4286 mares
1002 4227 1035 4284 et
1050 4219 1195 4302 feminas,
1205 4239 1322 4303 pueros
1334 4224 1367 4284 et
1375 4218 1517 4303 puellas

380 4326 551 4406 presertim
577 4327 690 4394 viduas
716 4335 749 4396 et
776 4331 915 4413 virgines
941 4327 1185 4393 dehonestando
1212 4327 1388 4392 crudeliter
1415 4327 1515 4392 denu-

381 4429 488 4495 dando
506 4437 538 4497 ct
554 4435 651 4520 impie
668 4438 854 4523 iugulando,
871 4439 1015 4522 quinimo
1026 4437 1225 4503 monasteria
1241 4441 1274 4502 et
1283 4438 1396 4521 plures
1413 4439 1517 4504 eccle-

378 4537 443 4601 sias
453 4538 561 4604 (livino
571 4547 692 4610 nomini
705 4546 872 4612 dedicatas
887 4547 1013 4612 calcata
1025 4545 1076 4610 dei
1086 4545 1271 4610 reverencia
1281 4551 1315 4611 et
1325 4553 1518 4612 sanctorum

379 4645 446 4708 cius
474 4651 667 4719 temeritatis
688 4677 768 4721 ausu
789 4657 945 4740 paganico
970 4653 1202 4739 confringendo
1227 4654 1291 4720 imo
1308 4656 1419 4723 verius
1436 4657 1521 4744 ignis
