3132 5470
584 490 764 554 lasaron.
782 493 834 553 25.

684 891 758 953 327.

152 1031 249 1095 1328.
257 1033 336 1116 jan.
355 1032 407 1096 25.
438 1030 468 1098 A
485 1036 692 1119 aomoppodri
708 1044 838 1098 convent
857 1034 930 1099 eldtt
945 1035 1093 1122 Fcoyedi
1116 1037 1211 1103 Beda
1231 1037 1283 1120 ft-

149 1139 249 1227 oycdi
263 1139 469 1207 hirtokrtsze't
485 1165 506 1205 o
516 1141 582 1205 Bae
600 1141 836 1226 nem-zetsegbeli
856 1143 1126 1227 Tiocdorficiealc
1138 1145 1284 1230 Gepe'oek

569 1250 731 1315 drdkdrcn
747 1249 864 1333 eladjo.

258 1389 330 1458 Nos
347 1396 522 1458 conventus
536 1393 725 1458 monasterii
742 1373 857 1458 sancti
871 1392 982 1476 Egidii
999 1393 1039 1459 de
1056 1391 1192 1479 Simigio
1219 1417 1284 1461 me·

151 1501 252 1566 morie
263 1500 524 1566 commendamus
540 1500 627 1585 quod
642 1501 737 1566 Beda
752 1499 840 1567 filius
851 1500 944 1566 Petri
960 1501 1000 1567 de
1015 1502 1150 1568 Fuened
1166 1504 1208 1569 ab
1219 1527 1285 1570 una
1313 1519 1315 1525 “

150 1615 246 1692 parte
261 1610 416 1692 magister
432 1607 525 1694 Gege
540 1608 626 1676 filins
643 1608 828 1676 Theodorii.
837 1610 877 1675 de
892 1632 1011 1694 genere
1027 1611 1106 1676 Bew
1122 1633 1162 1677 ex
1177 1612 1285 1677 altere

153 1718 371 1800 personaliter
397 1739 507 1785 coram
532 1717 625 1784 nobis
650 1719 821 1784 constituti
846 1719 1011 1803 predictus
1035 1719 1131 1785 Beda
1146 1721 1285 1786 assernit

153 1827 226 1890 viva
242 1849 320 1893 voce
336 1833 374 1894 ut
390 1833 493 1894 totam
517 1829 803 1913 possessionariom
828 1827 1015 1912 porcionem
1039 1850 1131 1894 suam
1146 1829 1181 1894 in
1197 1828 1287 1894 diota

154 1936 358 2018 possessione
373 1935 508 2001 Fuened
524 1937 629 2021 ipsum
646 1937 887 2019 contingentem
910 1943 1045 2020 excepta
1061 1936 1174 2019 viginti
1191 1939 1283 2021 quin-

154 2065 216 2126 que
232 2045 345 2128 iugera
361 2051 522 2112 terrarum
538 2051 571 2111 et
586 2045 697 2111 senilia
713 2050 854 2130 quatuor
868 2045 1034 2113 hominum
1053 2045 1215 2112 sufficiens
1224 2067 1284 2131 per

153 2151 238 2216 diem
254 2151 414 2219 falcatore
439 2155 474 2219 in
497 2145 663 2220 territorio
689 2153 833 2218 eiusdem
857 2153 933 2218 ville
958 2155 993 2219 in
1017 2155 1089 2220 loeo
1105 2155 1285 2239 vulgariter

152 2258 300 2326 Kuchnd
316 2263 481 2346 appellato
498 2264 673 2328 existenoia
688 2285 748 2348 pro
764 2262 881 2346 viginti
895 2265 1014 2328 marcis
1030 2262 1178 2348 predicto
1189 2262 1285 2348 Gege

153 2418 160 2434 .
179 2420 185 2434 .
202 2369 422 2437 vendidisset.
440 2421 448 2437 .
463 2371 610 2457 predicta
636 2372 752 2455 viginti
765 2373 919 2456 quinque
934 2373 1047 2455 ingere
1070 2377 1231 2436 terrarum
1255 2378 1288 2437 et

156 2477 270 2543 senilia
279 2499 339 2562 pro
349 2500 382 2544 se
392 2479 563 2545 retinendo
574 2481 1064 2560 senreservand03ssseruerunt
1076 2480 1176 2544 eciam
1186 2478 1287 2544 iidem

156 2586 253 2652 Boda
263 2593 296 2652 et
311 2586 422 2672 Gegus
432 2589 521 2674 quod
529 2591 563 2655 in
573 2591 733 2656 universis
749 2591 855 2656 causis
870 2591 956 2655 inter
965 2590 1052 2674 ipsos
1068 2639 1075 2654 .
1091 2639 1099 2654 .
1115 2587 1236 2654 habitis
1256 2637 1264 2653 .
1281 2637 1289 2652 .

157 2717 192 2760 se
208 2703 344 2780 propter
374 2697 495 2763 bonum
511 2700 600 2783 pacis
613 2749 625 2784 .·
641 2748 648 2764 .
665 2699 850 2782 expeditum
871 2697 1088 2764 reddidissent
1104 2747 1111 2762 .
1127 2747 1135 2762 .
1152 2697 1291 2762 asseruit

156 2807 260 2870 eciam
274 2805 441 2890 predictus
457 2803 570 2890 Gegus
586 2829 687 2872 unum
703 2807 841 2873 fundum
857 2809 944 2872 curie
969 2827 1026 2872 seu
1050 2807 1158 2873 locum
1174 2806 1287 2870 sessio-

154 2913 263 2978 nalem
294 2913 333 2978 de
364 2916 565 2999 possessione
596 2937 655 2981 sua
678 2915 813 2981 Fuened
838 2921 954 2982 vocata
971 2966 977 2981 .
994 2966 1001 2981 .
1017 2915 1142 2981 scilicet
1166 2913 1287 2979 invice

155 3020 300 3086 eiusdem
315 3024 523 3106 possessionis
538 3045 559 3088 a
573 3029 669 3108 parte
685 3025 836 3089 orientali
853 3025 1002 3089 existenti
1027 3025 1062 3089 in
1076 3022 1141 3087 fine
1157 3043 1178 3086 a
1192 3028 1289 3106 parte

156 3131 414 3213 septemtrionali
429 3132 464 3196 in
479 3131 604 3197 dnobus
620 3133 786 3215 iugeribus
803 3138 890 3197 terre
905 3133 1098 3197 existentem
1114 3130 1240 3195 dedisse
1256 3179 1264 3195 .
1281 3178 1289 3194 .

155 3237 302 3321 predicto
318 3237 413 3305 Boda
428 3289 435 3305 .
452 3289 459 3305 .
475 3245 632 3325 perpetuo
647 3239 813 3324 possidere
823 3290 830 3305 .
841 3291 848 3305 .
858 3227 982 3307 Datun'r
993 3227 1130 3306 sabbato
1139 3237 1288 3322 proximo

155 3353 230 3429 post
246 3337 364 3414 festum
378 3345 572 3415 Nativitatis
588 3349 693 3415 sancti
708 3347 734 3414 J
735 3349 872 3414 ohannis
887 3349 1046 3433 Baptiste,
1064 3368 1150 3412 anno
1167 3346 1290 3411 domini

158 3453 213 3520 Μ0
229 3453 332 3523 000⁰
347 3455 439 3521 XX⁰
455 3463 578 3522 octavo.
638 3497 641 3504 ,

266 3619 418 3685 Hdtlapjrin
431 3621 523 3685 pecset
546 3621 721 3685 nyomaive13
747 3619 875 3686 eredetije
897 3635 929 3670 az
951 3634 1021 3670 orsz.
1044 3620 1074 3670 lt.
1099 3619 1199 3668 kinost.
1221 3621 1289 3668 oszt.

162 3710 194 3759 N.
208 3711 240 3760 R.
256 3711 287 3760 A.
306 3716 380 3761 1711.
396 3715 418 3762 3.
434 3711 500 3775 dipl.
514 3711 568 3761 ltar
591 3715 669 3762 2500.
684 3711 765 3760 Kozli
777 3727 783 3761 τ
797 3711 899 3760 Vinoze
910 3709 1010 3760 Gabor.
