3152 5472
350 501 412 565 586
701 518 887 565 aarouuom
905 507 1122 566 ounluvrtu.

349 681 469 746 ordinis
501 683 603 749 semoti
630 681 807 766 Augustini
838 681 1087 768 vesprimiensis
1118 682 1273 749 dioecesis
1303 682 1452 748 secundum

350 791 501 858 instituta
517 797 549 858 et
569 791 629 858 sub
646 812 725 858 eura
748 790 888 858 fratrum
914 790 1036 859 ordinis
1061 791 1301 876 predicatorum
1326 792 1453 874 viventes,

352 898 438 981 quod
457 900 627 984 percepcio
653 899 859 966 emolumenti
885 899 973 984 quod
998 899 1038 964 de
1063 900 1132 966 foro
1157 907 1252 985 porte
1277 899 1454 968 Castrabude

351 1007 436 1074 dicte
452 1007 605 1074 dioecesis
623 1009 768 1094 quolibet
784 1010 835 1075 die
861 1009 990 1076 sabbati
1015 1011 1224 1094 proveniebat
1249 1009 1389 1094 quodque
1410 1011 1455 1074 tri·

351 1117 464 1183 butum
480 1125 696 1202 nuncupatur,
712 1118 754 1183 ad
770 1117 874 1184 dictas
889 1118 1078 1202 priorissam
1094 1127 1127 1184 et
1143 1117 1454 1201 eonventnn1,quibns

350 1224 427 1290 lieet
442 1224 564 1291 habere
579 1225 746 1310 proprium
763 1227 796 1292 in
813 1226 975 1291 communi
991 1247 1030 1291 ex
1045 1225 1172 1291 indulto
1190 1225 1274 1291 sedis
1299 1225 1452 1310 apostolice

352 1333 482 1418 speciali
500 1333 539 1399 de
555 1335 691 1419 antiqua
707 1341 740 1400 et
764 1335 946 1420 approbata
971 1341 1004 1400 et
1028 1335 1185 1401 haetenus
1210 1334 1340 1419 pacifice
1362 1333 1451 1399 obser-

350 1449 425 1508 vata
442 1445 668 1510 consvetudine
685 1445 864 1510 dinoscitur
879 1444 1040 1529 pertinere
1057 1451 1090 1510 et
1106 1451 1173 1509 tam
1189 1442 1451 1528 prelatepriorissa

351 1557 383 1615 et
400 1559 575 1617 conventus
599 1573 694 1634 quam
711 1553 767 1618 ille
784 1571 846 1636 que
870 1553 905 1616 in
930 1552 1016 1618 dicto
1042 1553 1239 1618 monasterio
1255 1561 1452 1636 precesserunt

350 1658 477 1723 eaedem
502 1659 632 1726 fuerant
647 1661 681 1725 in
697 1661 835 1746 pacifica
854 1661 1054 1744 possessione
1079 1661 1130 1726 vel
1155 1661 1249 1744 quasi
1274 1659 1348 1724 iuris
1369 1659 1452 1742 perei-

349 1768 458 1852 piendi
474 1769 635 1854 prelatum
661 1770 911 1834 emolumentum
928 1791 947 1834 a
964 1776 1109 1854 tempore
1125 1771 1215 1834 cuins
1231 1769 1265 1832 in
1282 1769 1451 1864 contrarium

351 1879 506 1943 memoria
521 1899 586 1944 non
603 1879 721 1962 existit,
737 1898 848 1943 verum
864 1878 1056 1944 universitas
1081 1877 1159 1944 dicti
1184 1878 1249 1943 loci
1275 1873 1452 1942 Castrabude

351 1991 464 2050 eontra
479 1988 667 2070 premissam
685 1985 947 2052 consvetudinem
963 1991 1084 2052 temere
1094 1987 1259 2051 venientes
1279 1991 1311 2050 et
1325 1983 1364 2048 ad
1378 1981 1450 2047 dero-

349 2092 516 2174 gacionem
532 2095 684 2178 priorisse
702 2101 734 2160 ct
750 2101 925 2160 conventus
941 2101 973 2159 et
988 2095 1176 2161 monasterii
1186 2093 1382 2178 prefatorum
1395 2111 1452 2175 pra-

351 2199 399 2264 vis
415 2201 552 2284 ingeniis
578 2203 769 2268 anhelantes
788 2202 971 2268 temeritate
998 2204 1131 2288 propria
1146 2203 1377 2269 constituerunt
1390 2221 1452 2264 nua-

351 2309 445 2374 dines
461 2332 519 2394 per
536 2310 731 2394 ‹prindenam
748 2317 824 2376 ante
850 2319 882 2376 et
906 2317 980 2396 post
1004 2311 1120 2377 festum
1136 2311 1371 2377 Decollacionis
1384 2307 1451 2372 beati

349 2418 510 2485 debannis
535 2419 685 2504 Baptista
710 2419 743 2484 in
769 2419 880 2485 eodem
900 2421 971 2488 leco
992 2418 1196 2486 Castrabude
1225 2419 1317 2484 amris
1341 2415 1452 2500 singulis

350 2526 514 2593 faciendas
531 2535 563 2593 et
585 2527 713 2612 publice
739 2527 926 2595 indixerunt
951 2528 1039 2614 quod
1065 2529 1175 2594 nullus
1200 2525 1333 2612 aliquod
1356 2524 1453 2590 emolu·

349 2643 492 2702 mentum
508 2637 559 2702 vel
574 2635 733 2702 tributum
749 2635 889 2704 solveret
907 2638 1002 2704 dictis
1027 2637 1168 2703 abatissa
1185 2643 1218 2702 et
1235 2633 1395 2701 conventui
1410 2630 1453 2696 du·

349 2743 497 2812 rantibus
512 2745 664 2811 nundinis
680 2745 852 2812 antedictis
867 2748 901 2812 in
917 2747 1069 2831 priorisse
1081 2751 1256 2811 conventus
1274 2751 1306 2810 et
1320 2750 1453 2808 nroueste·
1544 2777 1545 2796 t

348 2855 389 2919 rii
404 2854 622 2938 predictorum
638 2853 850 2938 preiudicium
867 2876 931 2920 non
948 2855 1108 2921 modicum
1119 2860 1152 2919 et
1168 2873 1355 2937 gravantem
1370 2869 1453 2932 quare

350 2963 443 3028 nobis
460 2962 569 3028 eedem
585 2964 742 3048 priorissa
759 2971 792 3029 et
809 2971 983 3030 conventus
998 2963 1166 3028 humiliter
1192 2961 1412 3045 supplicarunt,
1426 2962 1453 3020 ut

349 3070 518 3154 providere
533 3071 610 3154 ipsis
626 3072 658 3136 in
675 3071 737 3138 hac
752 3080 845 3157 parte
862 3073 901 3138 de
926 3079 1087 3157 oportuno
1113 3069 1256 3135 remedio
1274 3085 1452 3134 erueremus:

352 3179 503 3262 quocirca
536 3179 725 3245 discrecioni
750 3187 806 3245 tue
840 3201 898 3265 per
923 3179 1103 3264 apostolica
1127 3177 1250 3260 scripta
1280 3173 1453 3247 mandamus,
1543 3217 1544 3220 κ

351 3291 510 3369 ‹lustenus
526 3287 675 3371 partibus
695 3289 880 3353 convocatis
905 3289 1018 3353 audias
1044 3307 1174 3352 causam
1199 3291 1232 3350 et
1259 3279 1453 3368 appellarisne

351 3401 477 3460 remota
493 3394 601 3460 ‹lebito
618 3392 682 3460 fine
708 3393 837 3461 decidas
863 3395 984 3460 iaciens
1010 3393 1097 3478 quod
1124 3392 1302 3459 decreveris
1325 3410 1377 3474 per
1397 3407 1453 3452 cen-

351 3525 460 3570 suram
491 3505 740 3570 ecrlesiasticam
770 3503 906 3571 firmiter
941 3505 1114 3571 observari.
1146 3502 1260 3570 Testes
1292 3507 1390 3568 autem
1410 3495 1451 3579 qui

352 3612 472 3677 fuerint
489 3613 596 3678 vocati
621 3612 648 3676 si
666 3633 698 3678 se
725 3613 834 3697 gracia
850 3613 925 3679 odio
941 3614 991 3677 rel
1017 3612 1131 3678 timore
1157 3609 1378 3690 subtraxerint,
1398 3625 1452 3670 een-

352 3741 428 3785 sura
438 3719 533 3786 simili
545 3721 767 3805 appellacione
778 3727 922 3787 cessante
933 3723 1109 3806 compellas
1119 3719 1250 3786 veritati
1262 3715 1455 3784 testimonium

350 3831 530 3916 perhibere.
557 3829 681 3896 Datum
706 3827 877 3914 Avinione,
903 3837 994 3896 sexto
1019 3830 1092 3896 idus
1117 3827 1254 3914 Aprilis,
1275 3825 1457 3913 pontificatus

352 3939 456 4005 nostri
472 3959 557 4005 ranno
576 3945 665 4005 sexto
683 3937 815 4005 decimo.

459 4101 556 4166 seggo
570 4102 663 4166 peccet
678 4103 856 4168 nyornaiva15
871 4101 1000 4167 credetije
1014 4117 1047 4152 az
1062 4115 1131 4152 orsz.
1145 4101 1199 4150 ltar
1214 4101 1312 4150 kincst.
1326 4101 1386 4149 oszt.
1398 4096 1456 4144 Mor.

353 4193 385 4244 V.
399 4193 469 4246 Bud.
486 4197 525 4243 15.
549 4197 589 4241 11.
602 4192 668 4256 dipl.
691 4191 765 4243 lter:
780 4197 858 4242 2712.
872 4191 953 4242 szli
965 4209 970 4242 :
983 4193 1093 4243 Koraos
1106 4191 1139 4242 N.
