3130 5470
344 445 409 508 410
699 461 887 510 sssouuom
904 451 1120 510 ouulsurtn.

345 623 488 708 eionaria
504 623 656 688 donativa
672 645 729 706 per
745 623 867 690 domini
890 625 993 690 nostri
1018 626 1105 709 regis
1129 625 1363 710 benignitatem
1375 628 1444 694 robo-

343 729 447 796 rando
463 729 602 796 luissent
618 731 800 816 approbata
816 738 849 798 et
865 734 1024 817 privilegii
1040 734 1091 799 sui
1121 733 1342 800 ratificaoione
1357 734 1443 802 confir·

343 846 433 906 mata
448 860 513 906 non
539 839 690 906 obstante
715 860 752 905 eo
778 839 865 926 quod
890 843 1023 926 quidam
1046 843 1235 926 iobagiones
1261 845 1443 912 exercituales

344 950 504 1032 reginales
530 949 810 1014 demonstracione
834 950 1050 1034 quarumdam
1074 952 1262 1036 patenoium
1286 953 1443 1019 litterarum

345 1059 473 1124 domine
489 1057 671 1144 Elysabeth
696 1059 808 1142 regine
824 1059 986 1143 quondam
1011 1059 1184 1145 Hungnrie
1210 1063 1367 1128 consortis
1380 1065 1443 1146 regis

339 1167 487 1234 Ladislai
505 1168 591 1234 clare
607 1167 846 1234 recordacionis
863 1169 1000 1234 eandem
1015 1168 1178 1235 dominam
1193 1170 1339 1252 reginam
1349 1170 1443 1236 dictam

338 1277 573 1359 possessionem
604 1275 776 1360 Warangh
807 1276 849 1342 ab
874 1277 951 1360 ipsis
983 1275 1147 1342 Corrardo
1179 1281 1214 1342 et
1243 1275 1388 1343 Jobsnne
1401 1299 1442 1342 au-

339 1383 473 1450 terendo
490 1405 546 1449 sue
577 1384 717 1468 reginali
746 1385 965 1451 iurisdiccioni
991 1385 1182 1470 simpliciter
1213 1385 1443 1468 comprobabant

338 1493 529 1574 subiecisse;
560 1515 671 1560 uerum
703 1493 780 1577 quia
810 1495 957 1578 priorum
981 1515 1097 1579 regum
1128 1493 1322 1560 donaciones
1347 1500 1441 1579 elper-

338 1601 547 1684 petuaciones
577 1601 640 1666 rite
670 1621 818 1685 proeesse
857 1623 917 1685 per
955 1607 1160 1686 posterorum
1190 1622 1305 1686 regum
1333 1606 1385 1667 aut
1408 1621 1444 1665 re

339 1691 488 1794 ginarnm
518 1710 719 1794 privacioncs
751 1731 816 1775 non
833 1711 1027 1776 conveniunt
1052 1710 1175 1777 aboleri
1200 1715 1260 1776 aut
1284 1712 1401 1796 penitus
1420 1709 1444 1772 in

339 1819 469 1882 irritum
493 1819 639 1884 revocari
663 1819 725 1884 nisi
752 1818 911 1884 demerita
936 1840 1137 1886 succrescere
1163 1819 1444 1902 dignoscantmnos

340 1925 392 1989 cui
409 1946 448 1989 ex
465 1925 599 2010 speciali
614 1927 703 2010 regie
735 1927 967 1992 commissionis
983 1925 1209 1992 munificencia
1234 1947 1330 2010 super
1346 1924 1443 1991 talibus

341 2033 589 2100 condicioneriis
629 2033 885 2118 possessionibus
919 2035 1074 2101 iudicium
1113 2035 1222 2100 facere
1261 2033 1444 2100 incumbebat

339 2140 571 2223 premissorum
601 2141 891 2208 instrumentorum
907 2143 1017 2226 rigore
1043 2142 1151 2208 edocti
1176 2163 1231 2208 eas
1256 2145 1444 2226 agnoscentes

339 2249 402 2317 rite
418 2255 451 2314 et
466 2251 710 2316 racionabiliter
726 2251 806 2336 ipsis
821 2250 898 2316 filiis
923 2250 1086 2317 Johannis
1111 2249 1172 2316 filii
1198 2247 1353 2316 Corrardi
1366 2249 1445 2332 perti-
1535 2267 1536 2302 r

338 2379 415 2440 nere
431 2363 499 2424 tam
516 2379 554 2422 ex
570 2363 722 2444 precepto
740 2359 861 2424 domini
876 2359 962 2443 regis
979 2382 1077 2443 qnam
1093 2359 1254 2425 baronum
1264 2363 1298 2424 et
1311 2357 1444 2424 nobilium

339 2465 464 2531 inducti
480 2467 614 2532 oonsilio
629 2473 884 2550 prememoratas
900 2468 1118 2550 possessiones
1149 2467 1229 2551 ipsis
1250 2466 1326 2531 filiis
1340 2463 1445 2530 dohan-

339 2577 389 2640 nis
420 2573 479 2641 filii
505 2572 662 2640 Corrardi
686 2576 858 2642 iudiciaria
883 2578 1080 2643 auctoritate
1104 2575 1261 2642 heredum
1287 2573 1444 2641 suorumin

339 2682 475 2749 heredes
492 2682 747 2750 adiudicavimus
763 2691 922 2770 perpetuo
948 2685 1158 2770 possidendas
1174 2735 1181 2749 .
1198 2735 1205 2750 .
1222 2683 1344 2750 Datum
1358 2683 1387 2748 in
1400 2680 1446 2750 Vi-

341 2790 467 2876 segrad.
484 2793 660 2859 tredecimo
692 2794 743 2859 die
759 2794 996 2879 quindenarum
1011 2795 1100 2859 beati
1116 2791 1253 2878 Georgii
1271 2790 1446 2878 supradicte·
1537 2859 1538 2862 ,

342 2921 423 2983 rum,
439 2921 525 2966 anno
542 2902 663 2968 domini
678 2901 857 2970 Millesimo
874 2900 976 2968 000⁰
991 2901 1083 2968 ΧΧ0
1098 2923 1192 2968 nono.

445 3064 541 3129 tuggo
554 3066 673 3130 pscsdtje
686 3066 820 3130 hitnyzilr
832 3085 839 3132 ;
853 3067 984 3131 credetije
996 3081 1028 3116 az
1046 3081 1115 3116 orez.
1128 3067 1183 3116 ltdr
1196 3065 1295 3118 kincst.
1309 3067 1369 3114 orzt.
1379 3061 1444 3110 Paul.

339 3153 434 3215 Tolna,
451 3159 473 3203 l.
497 3158 521 3204 2.
536 3153 603 3218 dipl.
616 3154 671 3204 lter
682 3171 688 3220 ;
700 3159 779 3206 2541.
805 3156 905 3208 Kozli:
923 3155 1025 3207 Vincze
1045 3155 1145 3206 Gdbor.

885 3319 982 3326 -m--nu-o.

870 3556 943 3616 357.

341 3717 438 3780 1329.
454 3721 532 3803 orcij.
549 3718 602 3780 24.
636 3715 667 3780 A
698 3719 793 3802 poliri
809 3716 967 3803 triptotum
984 3715 1055 3780 uteo
1071 3713 1280 3800 Buttlrydruyi
1304 3709 1446 3776 Dorrrolros

340 3823 462 3910 Durog
478 3835 558 3890 steort
576 3823 667 3908 Gydr
682 3827 867 3911 orireruegyci
892 3825 1033 3889 ti-reotat
1051 3823 1213 3908 Decbyle'ru
1228 3843 1354 3906 munos
1369 3817 1447 3902 thyr'

364 3950 367 3959 ’
708 3934 924 4019 υάννηαρῃηαῖο
940 3932 1100 3997 eloroktct

449 4093 639 4176 Capitulum
664 4090 850 4158 Jauriensis
876 4093 1009 4159 ecclesie
1026 4142 1033 4156 .
1050 4142 1057 4157 .
1074 4091 1116 4156 ad
1140 4089 1356 4156 mrirereorum
1379 4084 1448 4148 noti-

342 4205 424 4268 ciam
440 4253 447 4268 .
464 4253 471 4266 .
487 4203 635 4268 volumus
650 4203 834 4284 pervenire,
861 4201 949 4286 quod
975 4199 1169 4266 Dominicus
1194 4197 1281 4263 filius
1305 4193 1448 4263 dohannis

341 4311 401 4376 filii
417 4311 548 4376 Primus
564 4309 603 4374 dc
619 4311 818 4394 possessione
834 4309 990 4394 Bsthyan
999 4329 1058 4391 pro
1070 4328 1104 4372 se
1115 4312 1148 4372 et
1156 4329 1216 4392 pro
1232 4299 1449 4371 Irankalratre

342 4441 400 4486 suo
417 4421 545 4486 uterino
562 4419 603 4484 ab
619 4441 685 4483 una
700 4423 811 4501 parte,
836 4419 953 4483 nobilis
978 4417 1026 4481 vir·
1054 4437 1159 4480 comes
1185 4413 1378 4498 Dcchylinue
1406 4429 1450 4472 oa-

343 4530 501 4596 stellanus
517 4528 635 4594 montis
661 4529 765 4592 sancti
789 4525 929 4592 Martini
945 4525 985 4591 de
1001 4545 1093 4590 sacro
1118 4529 1228 4588 monte
1244 4518 1403 4587 Pannonio
1417 4537 1450 4580 ex

345 4635 467 4714 alte1a3
498 4634 541 4700 ad
557 4639 701 4699 nostram
718 4635 918 4720 presenciam
943 4630 1128 4698 accedendo
1155 4629 1338 4696 antedictus
1351 4623 1450 4689 Domi·
