3240 5460
358 451 401 513 64
710 460 898 512 lurousosr
915 451 1132 511 onnturrtu.

355 630 451 694 lanus
468 629 566 694 castri
589 628 692 694 nostri
718 626 758 690 de
784 625 989 692 Themeswar
1014 625 1056 690 ad
1072 631 1217 692 nostram
1242 623 1399 692 accedens
1416 644 1490 709 pre-

356 741 496 805 senciam
513 760 634 824 sueque
649 737 817 803 fidelitatis
833 738 968 802 servicia
992 735 1087 804 nobis
1102 739 1249 822 impensa
1265 738 1439 804 declarans
1456 743 1490 802 et

355 869 518 932 exponens
529 846 704 932 quamdam
719 847 951 931 possessionem
966 845 1107 910 Harlran
1122 847 1324 912 nominatam
1338 847 1374 912 in
1390 846 1492 910 eomi-

354 962 428 1021 tatu
444 955 484 1020 de
508 955 642 1021 Barana
667 956 866 1038 existentem,
892 975 1038 1020 asserens
1064 975 1136 1018 eam
1162 975 1230 1020 esse
1254 955 1394 1020 hominis
1421 955 1492 1020 sine

353 1063 472 1129 herede
489 1063 682 1146 decedentis,
699 1069 732 1127 et
751 1085 790 1128 ex
806 1083 844 1129 eo
859 1065 930 1128 iure
946 1068 1056 1128 nostre
1081 1063 1253 1128 collacioni
1268 1064 1491 1146 pertinentem

353 1195 413 1256 pro
429 1171 578 1238 fidelibus
604 1172 670 1236 suis
695 1171 837 1237 serviciis
861 1192 881 1235 a
908 1170 1000 1236 nobis
1017 1171 1078 1236 sibi
1095 1170 1167 1238 dari
1191 1175 1224 1236 et
1239 1177 1396 1256 perpetuo
1415 1191 1491 1236 con·

353 1280 431 1346 feni
446 1281 633 1366 postulavit,
659 1287 692 1346 et
708 1279 785 1364 quia
796 1279 889 1345 nobis
905 1279 945 1344 de
955 1279 1117 1363 qualitate
1133 1285 1166 1346 et
1182 1281 1369 1364 quantitate
1384 1281 1491 1363 ipsius

352 1389 562 1473 possessionis
578 1393 611 1452 et
627 1393 738 1452 utrum
754 1392 863 1452 nostre
875 1387 1044 1453 collacioni
1054 1388 1217 1471 pertineat
1233 1407 1292 1452 nec
1301 1409 1350 1470 ne,
1365 1388 1491 1451 veritas

353 1518 419 1566 non
435 1502 571 1579 constat,
586 1493 738 1559 fidelitati
762 1501 868 1560 vestre
884 1495 1079 1578 precipimus
1095 1516 1153 1579 per
1177 1501 1346 1579 presentes
1373 1502 1491 1579 quate-

353 1627 415 1670 nus
445 1603 528 1670 detis
552 1604 715 1669 hominem
741 1609 884 1668 vestrum
907 1624 967 1688 pro
993 1604 1179 1669 testimonio
1204 1601 1402 1687 fidedignum
1425 1625 1491 1687 quo

352 1718 506 1798 presente
533 1708 685 1776 Andreas
710 1709 796 1776 filius
822 1709 963 1778 Simonis
978 1713 1029 1776 vel
1044 1710 1202 1776 Nicotaus
1228 1711 1334 1776 dietus
1359 1710 1446 1795 Iter,
1463 1713 1490 1777 si

353 1822 492 1888 alterum
507 1820 618 1885 abesse
635 1819 812 1902 contingat,
828 1818 924 1885 homo
951 1825 1061 1884 noster
1076 1818 1236 1904 prefatam
1253 1819 1491 1902 possessionem

354 1930 537 1996 convocatis
562 1928 675 1992 vicinis
701 1934 734 1992 et
769 1929 998 1994 commetaneis
1027 1927 1170 1993 eiusdem
1193 1929 1405 2012 possessionis
1432 1949 1492 2012 per

352 2059 445 2104 veras
462 2043 495 2102 et
512 2038 667 2119 antiquas
683 2041 786 2100 metas
801 2035 1035 2102 reambulando
1055 2037 1155 2100 eciam
1171 2035 1228 2099 ubi
1245 2055 1372 2100 necesse
1388 2033 1492 2100 fuerit

354 2167 453 2212 novas
476 2149 580 2209 metas
614 2143 789 2226 erigendo.
808 2149 958 2210 .statuat
981 2142 1127 2227 predicto
1159 2143 1316 2226 magistro
1342 2139 1491 2227 Georgio

353 2259 510 2339 perpetuo
535 2251 809 2338 possidendam..
827 2252 953 2318 Datum
978 2253 1012 2318 in
1037 2251 1228 2336 Temesuar,
1248 2250 1386 2316 sabbato
1411 2272 1490 2336 pro-

353 2364 439 2428 ximo
465 2367 540 2467 ante
562 2361 754 2427 dominicam
773 2358 879 2445 Oculi,
895 2382 980 2427 anno
1007 2361 1128 2427 domini
1144 2359 1198 2426 Ml
1219 2355 1320 2426 000ο
1334 2361 1490 2426 vicesimo

352 2472 463 2537 tercio.

459 2617 484 2666 Α
500 2614 574 2680 pecsi
593 2614 782 2679 kaptalannak
795 2629 854 2665 erre
879 2617 954 2664 1323.
973 2619 1054 2666 mart.
1070 2613 1149 2666 lien
1168 2614 1227 2665 kelt
1245 2613 1434 2680 jelentesebon
1450 2615 1492 2664 dt-

352 2707 429 2772 lrva3
443 2707 461 2758 l.
476 2706 565 2756 olabb.

837 2849 996 2859 ——----

895 3034 945 3097 57.

253 3257 255 3260 Ι
357 3175 452 3240 1323..
469 3186 563 3240 mort.
589 3176 618 3240 5.
635 3176 683 3240 Az
700 3177 769 3261 cyri
785 3177 944 3261 kdptolan
971 3175 1144 3263 LKciroly
1168 3177 1491 3262 birdlynaltjelenti,

465 3285 548 3370 boqy
565 3283 679 3368 Apro'd
696 3284 822 3348 [stertat
840 3284 1000 3350 Garadna
1016 3285 1186 3350 birtoka'ba
1201 3285 1364 3350 deiterata.

458 3424 717 3509 Ka1·olo..regi
735 3475 765 3490 ..
792 3427 972 3511 capitulum
997 3427 1130 3493 ecclesie
1152 3423 1324 3509 Agriensis
1342 3477 1372 3492 ..
1398 3428 1492 3492 litte-

351 3553 405 3597 ras
421 3539 524 3598 restre
541 3533 725 3598 serenitatis
741 3535 920 3618 recepimus
935 3535 1021 3600 inter
1041 3540 1150 3600 cetera
1167 3535 1379 3618 continentes,
1400 3535 1492 3618 quod

351 3639 555 3706 mitteremus
587 3639 750 3706 hominem
785 3648 931 3708 nostrum
965 3664 1024 3726 pro
1064 3644 1249 3709 testimonio
1283 3641 1492 3728 fidedignum

352 3769 417 3831 quo
448 3755 596 3831 presente
627 3747 813 3832 Stephanus
846 3747 980 3833 Crispus
1011 3750 1051 3816 de
1084 3748 1222 3816 Ohabad
1254 3749 1353 3816 homo
1379 3757 1493 3815 vester

355 3855 519 3938 quandam
550 3857 783 3940 possessionem
817 3854 976 3923 Garadna
1009 3865 1156 3923 vocatam
1191 3859 1224 3922 in
1262 3859 1421 3924 comitatu
1448 3857 1493 3922 de

352 3961 485 4046 Wyuar
500 3964 592 4027 iuxta
617 3962 751 4029 fluvium
777 3963 1122 4036 Hernadexistentem
1145 3987 1218 4031 cum
1235 3966 1383 4032 omnibus
1400 3967 1494 4032 utili-

351 4069 475 4136 tatibus
492 4072 558 4136 suis
583 4071 733 4136 videlicet
758 4071 884 4137 tributo
909 4073 1101 4139 molendinis
1128 4081 1161 4139 et
1186 4075 1259 4139 aliis
1285 4075 1492 4156 quibuslibet

349 4179 559 4261 pertinenciis
584 4180 651 4244 suis
676 4181 860 4245 convocatis
885 4182 997 4246 ricinis
1023 4187 1055 4246 et
1080 4184 1312 4248 commetaneis
1338 4183 1405 4248 suis
1431 4205 1494 4266 per

321 4351 325 4360 ,
353 4292 479 4352 veteres
507 4293 540 4351 et
566 4289 719 4370 antiquas
744 4293 847 4354 metas
879 4289 1112 4355 reambulando
1146 4295 1307 4357 statueret
1331 4292 1495 4374 magistro

350 4389 519 4476 Stephano
536 4393 623 4459 dicto
641 4391 754 4478 Oprod
763 4401 921 4479 perpetuo
938 4396 1165 4480 possidendam
1181 4399 1208 4463 si
1223 4419 1288 4464 non
1304 4395 1399 4462 fieret
1416 4419 1494 4464 con·

352 4499 538 4584 tradiotum,
564 4501 826 4569 condradictores
850 4525 926 4570 vero
943 4506 969 4570 si
995 4506 1052 4589 qui
1078 4504 1194 4572 fierent
1220 4513 1334 4572 eontra
1351 4505 1495 4572 eundem

350 4605 553 4694 Stephanum
579 4609 621 4676 ad
644 4616 785 4677 vestram
801 4613 919 4680 citaret
933 4614 1134 4700 presenciam
1151 4614 1193 4680 ad
1208 4614 1383 4681 terminum
1402 4635 1495 4680 com-
