3154 5474
557 459 800 521 rasennam.
1010 415 1018 440 '
1178 463 1242 525 491

114 657 184 700 ram
201 635 296 701 nobis
314 635 401 719 quod
417 635 554 720 quilibet
563 637 693 722 iobagio
710 637 882 704 cuiuslibet
892 660 1001 704 eorum
1019 645 1139 705 terram
1157 662 1246 706 suam

113 764 171 829 per
188 765 224 810 se
240 749 414 828 purgatam
431 747 540 812 irtacus
557 745 676 811 dictam
693 751 801 811 ortum
817 751 849 811 et
865 747 973 812 vineas
996 769 1071 812 suas
1087 749 1121 812 in
1138 749 1243 814 cuius·

115 874 245 937 cunque
261 855 448 938 porcionem
463 855 608 938 ipsorum
625 855 771 921 cessisset
788 877 852 920 non
868 855 1018 942 obstante
1029 877 1066 922 eo
1079 857 1246 941 quodipse

115 963 252 1028 alterius
277 963 381 1046 partis
406 962 536 1047 iobagio
561 963 706 1028 extiterit
729 964 832 1030 libere
857 963 1037 1048 possidebit
1061 970 1094 1029 et
1119 965 1244 1031 fructus

115 1091 189 1136 suos
207 1092 247 1136 ac
264 1071 426 1136 utilitates
442 1071 600 1156 percipiet
616 1071 739 1154 absque
755 1072 1016 1138 contradictione
1032 1073 1178 1155 aliquali,
1195 1093 1245 1138 ce·

116 1184 225 1244 terum
242 1178 394 1244 dixerunt
419 1178 507 1262 quod
524 1183 627 1244 terras
644 1180 784 1245 arabiles
800 1179 947 1265 predicte
963 1181 1039 1245 ville
1063 1179 1162 1246 Pauli
1193 1200 1247 1244 vo·

116 1293 188 1352 cate
220 1288 312 1353 iuxta
343 1285 475 1352 fluvium
506 1285 660 1353 Karason
692 1287 734 1353 ab
759 1289 829 1373 ipsa
853 1288 932 1354 villa
948 1285 1044 1353 Pauli
1061 1286 1246 1372 incipiendo

36 1463 42 1478 ,
115 1415 220 1480 usque
236 1394 279 1459 ad
294 1397 493 1462 vicinitatem
509 1401 596 1462 terre
613 1395 733 1463 Sedfeu
758 1401 873 1462 vocate
899 1397 933 1461 in
959 1397 1049 1480 quali
1066 1403 1098 1461 et
1123 1401 1247 1480 quanta

116 1506 304 1589 quantitate
321 1505 467 1570 cessisset
482 1506 515 1569 in
532 1506 719 1589 porcionem
735 1504 956 1590 predictorum
972 1503 1114 1570 filiorum
1124 1502 1149 1570 J
1150 1504 1248 1570 ohan·

115 1615 165 1680 nis
182 1635 225 1679 ex
241 1613 306 1679 alia
320 1618 415 1698 parte
430 1613 532 1696 ipsius
547 1613 622 1678 ville
637 1612 679 1679 ab
695 1615 819 1680 oriente
845 1615 938 1680 iuxta
963 1614 1098 1679 eandem
1123 1633 1244 1696 aquam

114 1721 221 1805 iisque
238 1721 281 1787 ad
296 1721 453 1788 terminos
468 1728 554 1786 terre
570 1720 700 1806 Bodyla
715 1727 829 1788 vocate
844 1723 878 1788 in
895 1722 1007 1787 eadem
1023 1722 1105 1786 etin
1122 1725 1248 1804 quanta

118 1831 306 1914 quantitate
323 1836 410 1895 terre
425 1829 576 1897 videlicet
591 1830 731 1896 arabiles
748 1832 918 1897 cessissent
942 1832 977 1897 in
993 1833 1179 1916 porcionem
1196 1848 1247 1893 co·

118 1939 208 2004 mitis
224 1937 322 2004 Pauli
340 1943 372 2004 et
388 1937 447 2004 lilii
463 1940 513 2004 sui
543 1939 772 2023 predictorum,
797 1946 943 2006 ceterum
968 1939 1112 2006 fanetum
1137 1956 1247 2003 eorum

117 2049 212 2114 iuxta
229 2047 363 2113 eandem
378 2047 490 2112 villam
505 2046 603 2112 Pauli
622 2047 664 2112 ud
680 2047 814 2113 eandem
829 2047 941 2114 villam
956 2049 1122 2134 pertinens
1139 2043 1248 2111 simili·

118 2164 170 2221 ter
185 2155 230 2220 ad
254 2155 335 2221 duas
359 2159 469 2239 partes
494 2154 677 2222 divisissent
702 2177 839 2240 quarum
864 2156 1021 2222 medietas
1050 2176 1148 2240 quam
1163 2151 1249 2218 idem

120 2285 228 2331 comes
243 2263 368 2329 Paulus
384 2263 519 2346 elegerit
535 2263 636 2348 ipsius
652 2269 685 2328 et
700 2262 758 2328 filii
775 2266 825 2330 sui
838 2265 903 2332 alia
914 2287 989 2332 vero
1005 2264 1159 2330 medietas
1169 2259 1248 2326 filio·

117 2398 193 2444 rum
209 2375 236 2442 J
237 2373 374 2442 ohannis
391 2371 538 2437 cessisset
553 2373 587 2437 in
602 2373 797 2457 porcionem,
813 2378 846 2438 et
870 2379 946 2458 post
962 2374 1021 2439 hec
1037 2373 1247 2439 accessissent

118 2505 219 2570 super
234 2481 352 2548 faciem
368 2486 454 2547 terre
486 2501 597 2547 eorum
613 2479 754 2565 Bodylia
778 2488 888 2548 vocate
913 2504 1011 2565 quam
1036 2481 1184 2546 similiter
1207 2477 1248 2544 ad

117 2593 202 2658 duas
217 2595 328 2676 partes
344 2589 377 2654 in
393 2587 568 2654 latitudine
584 2587 767 2654 diuisissent
782 2589 965 2674 incipiendo
983 2612 1002 2656 a
1019 2587 1246 2673 septemtrione

115 2704 151 2768 in
167 2700 286 2766 arbore
301 2699 392 2764 nucis
408 2697 464 2762 nbi
481 2700 530 2762 est
545 2702 632 2762 mets
642 2703 757 2781 terrea,
768 2697 885 2764 abhinc
900 2697 1248 2764 ascenditadmontem

116 2829 231 2874 versus
247 2806 416 2872 ecclesiam
433 2809 465 2869 et
482 2825 579 2887 super
595 2805 776 2888 campanile
802 2805 903 2888 ipsius
928 2805 1060 2871 ecclesie
1086 2804 1175 2870 vadit
1190 2825 1248 2888 per

115 2917 261 2983 medium
276 2914 344 2979 eius
359 2934 470 2978 versus
486 2913 645 2978 orientem
661 2913 816 2996 venitque
833 2913 875 2978 ad
885 2912 1059 2979 fenestram
1069 2913 1246 2979 sanctuarii

115 3047 175 3110 pro
193 3028 282 3088 meta
312 3027 452 3086 sumtam
469 3020 515 3086 ibi
546 3021 750 3104 terminatur,
782 3022 873 3087 cuius
904 3021 1059 3088 medietas
1075 3043 1095 3087 a
1111 3025 1248 3105 septem·

115 3134 225 3199 trione
241 3131 352 3197 comiti
368 3129 472 3194 Paulo
489 3133 522 3194 et
538 3127 678 3194 Nicolao
694 3128 761 3196 fibo
778 3151 836 3196 suo
853 3131 917 3196 alia
927 3153 1003 3196 vera
1018 3130 1174 3196 medietas
1184 3127 1249 3209 loci

113 3242 219 3326 ipsius
234 3239 309 3304 ville
325 3261 345 3304 a
360 3237 494 3303 meridie
510 3237 544 3302 in
559 3238 745 3320 porcionem
754 3237 897 3304 filiorum
920 3237 945 3304 J
948 3239 1083 3305 ohannis
1099 3237 1248 3303 similiter

113 3351 265 3416 cessisset
280 3347 508 3432 predictorum,
526 3351 670 3412 ceterum
686 3346 821 3412 fundum
838 3349 923 3413 curie
940 3369 1037 3432 quem
1053 3353 1129 3412 ante
1146 3343 1247 3411 eccle·

112 3463 199 3525 siam
216 3458 304 3522 cirea
320 3455 514 3521 cimiterium
530 3454 572 3519 ad
589 3454 670 3521 duas
687 3461 796 3540 partes
812 3455 995 3521 divisissent
1026 3475 1165 3540 quarum
1183 3473 1248 3517 una

111 3589 194 3654 pars
211 3587 275 3651 que
290 3571 340 3630 est
356 3563 396 3630 ab
412 3564 537 3629 oriente
553 3564 663 3628 comiti
679 3563 785 3630 Paulo
803 3569 835 3628 et
850 3562 917 3629 filio
934 3585 991 3628 sno
1008 3565 1075 3628 alia
1090 3584 1166 3628 vero
1182 3581 1248 3626 me·

112 3677 223 3742 dietas
239 3672 358 3739 eisdem
373 3670 448 3744 filiis
464 3669 489 3735 J
491 3669 628 3737 ohannis
643 3692 744 3754 prope
761 3671 929 3736 ecclesiam
946 3671 1121 3736 existenoia
1137 3669 1247 3735 cessis-

112 3789 191 3850 sent
221 3783 255 3846 in
285 3781 490 3864 porcionem,
521 3783 597 3862 post
638 3779 698 3844 hec
738 3779 946 3844 accessissent
975 3779 1010 3843 in
1040 3777 1149 3844 sillam
1187 3777 1249 3843 Pe·

111 3891 194 3959 turd
224 3893 371 3956 vocatam
404 3907 502 3969 quam
533 3886 681 3950 similiter
712 3885 754 3951 ad
785 3885 866 3952 duas
898 3891 1006 3970 partes
1037 3885 1169 3970 equales
1200 3886 1248 3950 di·

108 4000 266 4066 visissent
304 3993 487 4078 incipiendo
520 4013 539 4057 a
576 3991 718 4059 fenestra
750 4015 846 4077 super
880 3994 994 4059 altaris
1025 3993 1159 4060 ecclesie
1186 4016 1246 4078 pro

106 4115 203 4176 meta
233 4107 371 4189 signata,
410 4101 528 4167 abhinc
557 4101 648 4166 vadit
681 4123 740 4186 per
774 4101 915 4167 medium
940 4101 1082 4167 eiusdem
1114 4101 1246 4168 ecclesie

107 4216 220 4284 sancti
235 4213 329 4278 Petri
346 4216 379 4278 et
394 4211 460 4276 exit
486 4231 582 4294 super
599 4209 778 4294 campanile
804 4208 947 4275 eiusdem
962 4231 1073 4275 versus
1098 4209 1246 4276 occiden-

105 4335 180 4392 tem
197 4323 272 4388 etit
287 4342 346 4406 per
372 4321 475 4404 ipsam
491 4318 602 4384 villam
622 4317 827 4402 declinatque
851 4339 962 4384 versus
989 4318 1174 4403 aquilonem
1191 4317 1244 4384 de·

104 4432 239 4502 scandit
255 4435 364 4496 autem
380 4428 413 4494 iu
430 4433 505 4492 ortu
522 4426 689 4492 cuiusdam
704 4426 845 4493 bominis
855 4431 888 4490 et
903 4425 992 4492 ibiin
1009 4431 1081 4492 orto
1098 4434 1173 4492 sunt
1184 4427 1246 4493 due

104 4549 196 4610 mete
214 4547 321 4605 terree
337 4557 476 4622 quarum
491 4537 526 4601 in
542 4555 607 4601 una
624 4539 674 4602 est
686 4535 802 4602 dumus
812 4537 928 4622 salicis,
945 4534 1063 4602 abhinc
1079 4534 1247 4602 descendit

103 4653 149 4723 ad
166 4649 304 4716 fluvium
319 4646 473 4716 Karesou
488 4647 580 4714 iuxta
597 4667 693 4734 quem
708 4650 785 4714 suut
800 4645 862 4716 due
879 4650 964 4718 mete
976 4642 1131 4733 terroe-et
1141 4644 1187 4714 ibi
1211 4645 1245 4714 in
