<?xml version="1.0" encoding="UTF-8"?>
<!DOCTYPE html PUBLIC "-//W3C//DTD XHTML 1.0 Transitional//EN"
    "http://www.w3.org/TR/xhtml1/DTD/xhtml1-transitional.dtd">
<html xmlns="http://www.w3.org/1999/xhtml" xml:lang="en" lang="en">
 <head>
  <title>
</title>
<meta http-equiv="Content-Type" content="text/html;charset=utf-8" />
  <meta name='ocr-system' content='tesseract 3.04.00' />
  <meta name='ocr-capabilities' content='ocr_page ocr_carea ocr_par ocr_line ocrx_word'/>
</head>
<body>
  <div class='ocr_page' id='page_1' title='image "./codexdiplomatic01nagygoog_0103.png"; bbox 0 0 3172 5462; ppageno 0'>
   <div class='ocr_carea' id='block_1_1' title="bbox 713 485 1133 546">
    <p class='ocr_par' dir='ltr' id='par_1_1' title="bbox 713 485 1133 546">
     <span class='ocr_line' id='line_1_1' title="bbox 713 485 1133 546; baseline 0 -2"><span class='ocrx_word' id='word_1_1' title='bbox 713 499 901 546; x_wconf 78' lang='lat' dir='ltr'><strong>nnscuuonr</strong></span> <span class='ocrx_word' id='word_1_2' title='bbox 917 485 1133 546; x_wconf 70' lang='lat' dir='ltr'><strong>omassum.</strong></span> 
     </span>
    </p>
   </div>
   <div class='ocr_carea' id='block_1_2' title="bbox 893 793 945 854">
    <p class='ocr_par' dir='ltr' id='par_1_2' title="bbox 893 793 945 854">
     <span class='ocr_line' id='line_1_2' title="bbox 893 793 945 854; baseline 0.019 -1"><span class='ocrx_word' id='word_1_3' title='bbox 893 793 945 854; x_wconf 81' lang='lat'><strong>80.</strong></span> 
     </span>
    </p>
   </div>
   <div class='ocr_carea' id='block_1_3' title="bbox 353 935 1474 1237">
    <p class='ocr_par' dir='ltr' id='par_1_3' title="bbox 353 935 1474 1237">
     <span class='ocr_line' id='line_1_3' title="bbox 356 935 1474 1022; baseline -0.003 -18"><span class='ocrx_word' id='word_1_4' title='bbox 356 943 449 1004; x_wconf 80' lang='lat'><em>1323.</em></span> <span class='ocrx_word' id='word_1_5' title='bbox 482 937 648 1022; x_wconf 75' lang='lat' dir='ltr'><strong>Vireprdd,</strong></span> <span class='ocrx_word' id='word_1_6' title='bbox 665 946 741 1020; x_wconf 76' lang='lat' dir='ltr'><strong>sept.</strong></span> <span class='ocrx_word' id='word_1_7' title='bbox 761 936 811 998; x_wconf 83' lang='lat'><strong>12.</strong></span> <span class='ocrx_word' id='word_1_8' title='bbox 837 935 985 999; x_wconf 80' lang='lat' dir='ltr'><strong>Er·zse&#39;l›ct</strong></span> <span class='ocrx_word' id='word_1_9' title='bbox 1012 935 1166 1020; x_wconf 75' lang='lat' dir='ltr'><strong>lrirctlyuc&#39;</strong></span> <span class='ocrx_word' id='word_1_10' title='bbox 1188 961 1227 1000; x_wconf 81' lang='lat' dir='ltr'><strong>az</strong></span> <span class='ocrx_word' id='word_1_11' title='bbox 1248 940 1365 1022; x_wconf 69' lang='lat' dir='ltr'><strong>orszdp</strong></span> <span class='ocrx_word' id='word_1_12' title='bbox 1385 946 1474 1002; x_wconf 77' lang='lat' dir='ltr'><strong>dsszer</strong></span> 
     </span>
     <span class='ocr_line' id='line_1_4' title="bbox 353 1043 1474 1130; baseline -0.003 -19"><span class='ocrx_word' id='word_1_13' title='bbox 353 1045 499 1112; x_wconf 75' lang='lat' dir='ltr'><strong>roooioul</strong></span> <span class='ocrx_word' id='word_1_14' title='bbox 524 1044 666 1128; x_wconf 78' lang='lat' dir='ltr'><strong>tudctjc,</strong></span> <span class='ocrx_word' id='word_1_15' title='bbox 689 1045 771 1128; x_wconf 70' lang='lat' dir='ltr'><strong>kopp</strong></span> <span class='ocrx_word' id='word_1_16' title='bbox 802 1066 823 1105; x_wconf 84' lang='lat' dir='ltr'><strong>a</strong></span> <span class='ocrx_word' id='word_1_17' title='bbox 853 1043 1102 1128; x_wconf 68' lang='lat' dir='ltr'><strong>arcti-pit-saigeti</strong></span> <span class='ocrx_word' id='word_1_18' title='bbox 1131 1045 1280 1127; x_wconf 74' lang='lat' dir='ltr'><strong>eprtczctlc</strong></span> <span class='ocrx_word' id='word_1_19' title='bbox 1303 1043 1474 1130; x_wconf 76' lang='lat' dir='ltr'><strong>jobbcippui</strong></span> 
     </span>
     <span class='ocr_line' id='line_1_5' title="bbox 537 1149 1301 1237; baseline 0 -22"><span class='ocrx_word' id='word_1_20' title='bbox 537 1151 764 1215; x_wconf 77' lang='lat' dir='ltr'><strong>mirideooemtt</strong></span> <span class='ocrx_word' id='word_1_21' title='bbox 790 1149 970 1213; x_wconf 57' lang='lat' dir='ltr'><strong>tormonte</strong></span> <span class='ocrx_word' id='word_1_22' title='bbox 986 1149 1054 1212; x_wconf 77' lang='lat' dir='ltr'><strong>elol</strong></span> <span class='ocrx_word' id='word_1_23' title='bbox 1069 1150 1301 1237; x_wconf 82' lang='lat' dir='ltr'><strong>fo&#39;lmeotettelc.</strong></span> 
     </span>
    </p>
   </div>
   <div class='ocr_carea' id='block_1_4' title="bbox 353 1291 1474 1704">
    <p class='ocr_par' dir='ltr' id='par_1_4' title="bbox 353 1291 1474 1704">
     <span class='ocr_line' id='line_1_6' title="bbox 460 1291 1474 1379; baseline 0 -20"><span class='ocrx_word' id='word_1_24' title='bbox 460 1292 642 1379; x_wconf 80' lang='lat' dir='ltr'><strong>Elyzabeth</strong></span> <span class='ocrx_word' id='word_1_25' title='bbox 658 1341 665 1356; x_wconf 92' lang='lat'><strong>.</strong></span> <span class='ocrx_word' id='word_1_26' title='bbox 683 1341 689 1356; x_wconf 94' lang='lat'><em>.</em></span> <span class='ocrx_word' id='word_1_27' title='bbox 706 1291 820 1373; x_wconf 86' lang='lat' dir='ltr'><strong>regina</strong></span> <span class='ocrx_word' id='word_1_28' title='bbox 837 1341 843 1355; x_wconf 92' lang='lat'><em>.</em></span> <span class='ocrx_word' id='word_1_29' title='bbox 861 1341 867 1355; x_wconf 93' lang='lat'><strong>.</strong></span> <span class='ocrx_word' id='word_1_30' title='bbox 887 1291 1043 1356; x_wconf 84' lang='lat' dir='ltr'><strong>universis</strong></span> <span class='ocrx_word' id='word_1_31' title='bbox 1060 1291 1259 1358; x_wconf 88' lang='lat' dir='ltr'><strong>dicatoribus</strong></span> <span class='ocrx_word' id='word_1_32' title='bbox 1276 1313 1426 1360; x_wconf 86' lang='lat' dir='ltr'><strong>curruum</strong></span> <span class='ocrx_word' id='word_1_33' title='bbox 1447 1301 1474 1359; x_wconf 87' lang='lat' dir='ltr'><strong>et</strong></span> 
     </span>
     <span class='ocr_line' id='line_1_7' title="bbox 353 1399 1474 1485; baseline -0.003 -16"><span class='ocrx_word' id='word_1_34' title='bbox 353 1402 579 1470; x_wconf 74' lang='lat' dir='ltr'>collectoribus</span> <span class='ocrx_word' id='word_1_35' title='bbox 596 1399 815 1484; x_wconf 90' lang='lat' dir='ltr'><strong>quarumlibet</strong></span> <span class='ocrx_word' id='word_1_36' title='bbox 831 1399 1040 1464; x_wconf 88' lang='lat' dir='ltr'><strong>collectarum</strong></span> <span class='ocrx_word' id='word_1_37' title='bbox 1064 1400 1107 1464; x_wconf 85' lang='lat' dir='ltr'><strong>ad</strong></span> <span class='ocrx_word' id='word_1_38' title='bbox 1123 1423 1221 1485; x_wconf 89' lang='lat' dir='ltr'><strong>opera</strong></span> <span class='ocrx_word' id='word_1_39' title='bbox 1237 1407 1417 1468; x_wconf 84' lang='lat' dir='ltr'><strong>castrorum</strong></span> <span class='ocrx_word' id='word_1_40' title='bbox 1430 1404 1474 1466; x_wconf 79' lang='lat' dir='ltr'><strong>uel</strong></span> 
     </span>
     <span class='ocr_line' id='line_1_8' title="bbox 353 1506 1474 1594; baseline -0.003 -17"><span class='ocrx_word' id='word_1_41' title='bbox 353 1514 491 1578; x_wconf 85' lang='lat' dir='ltr'><strong>aliorum</strong></span> <span class='ocrx_word' id='word_1_42' title='bbox 502 1531 633 1594; x_wconf 89' lang='lat' dir='ltr'><strong>operum</strong></span> <span class='ocrx_word' id='word_1_43' title='bbox 645 1506 897 1590; x_wconf 86' lang='lat' dir='ltr'><strong>colligendarum</strong></span> <span class='ocrx_word' id='word_1_44' title='bbox 908 1528 992 1572; x_wconf 86' lang='lat' dir='ltr'><strong>anno</strong></span> <span class='ocrx_word' id='word_1_45' title='bbox 1008 1509 1150 1590; x_wconf 80' lang='lat' dir='ltr'><strong>presenti</strong></span> <span class='ocrx_word' id='word_1_46' title='bbox 1166 1507 1331 1593; x_wconf 89' lang='lat' dir='ltr'><strong>deputatis</strong></span> <span class='ocrx_word' id='word_1_47' title='bbox 1347 1510 1474 1575; x_wconf 87' lang='lat' dir='ltr'><strong>salutem</strong></span> 
     </span>
     <span class='ocr_line' id='line_1_9' title="bbox 354 1613 1474 1704; baseline -0.003 -19"><span class='ocrx_word' id='word_1_48' title='bbox 354 1625 387 1686; x_wconf 89' lang='lat' dir='ltr'><strong>et</strong></span> <span class='ocrx_word' id='word_1_49' title='bbox 412 1619 563 1704; x_wconf 81' lang='lat' dir='ltr'><strong>graciam.</strong></span> <span class='ocrx_word' id='word_1_50' title='bbox 579 1613 661 1681; x_wconf 75' lang='lat' dir='ltr'><strong>(lum</strong></span> <span class='ocrx_word' id='word_1_51' title='bbox 677 1614 825 1680; x_wconf 90' lang='lat' dir='ltr'><strong>dominus</strong></span> <span class='ocrx_word' id='word_1_52' title='bbox 850 1621 960 1678; x_wconf 83' lang='lat' dir='ltr'><strong>noster</strong></span> <span class='ocrx_word' id='word_1_53' title='bbox 978 1637 1035 1679; x_wconf 87' lang='lat' dir='ltr'><strong>rex</strong></span> <span class='ocrx_word' id='word_1_54' title='bbox 1049 1615 1237 1700; x_wconf 85' lang='lat' dir='ltr'><strong>iobagiones</strong></span> <span class='ocrx_word' id='word_1_55' title='bbox 1260 1617 1474 1701; x_wconf 86' lang='lat' dir='ltr'><strong>religiosarum</strong></span> 
     </span>
    </p>
   </div>
   <div class='ocr_carea' id='block_1_5' title="bbox 354 1723 1475 1808">
    <p class='ocr_par' dir='ltr' id='par_1_5' title="bbox 354 1715 1574 1808">
     <span class='ocr_line' id='line_1_10' title="bbox 354 1723 1475 1808; baseline -0.002 -16"><span class='ocrx_word' id='word_1_56' title='bbox 354 1727 557 1792; x_wconf 89' lang='lat' dir='ltr'><strong>dominarum</strong></span> <span class='ocrx_word' id='word_1_57' title='bbox 567 1745 713 1789; x_wconf 90' lang='lat' dir='ltr'><strong>sororum</strong></span> <span class='ocrx_word' id='word_1_58' title='bbox 729 1723 852 1788; x_wconf 86' lang='lat' dir='ltr'><strong>scilicet</strong></span> <span class='ocrx_word' id='word_1_59' title='bbox 862 1723 896 1786; x_wconf 93' lang='lat' dir='ltr'><strong>in</strong></span> <span class='ocrx_word' id='word_1_60' title='bbox 906 1723 1049 1788; x_wconf 87' lang='lat' dir='ltr'><strong>claustro</strong></span> <span class='ocrx_word' id='word_1_61' title='bbox 1059 1723 1154 1788; x_wconf 91' lang='lat' dir='ltr'><strong>beate</strong></span> <span class='ocrx_word' id='word_1_62' title='bbox 1169 1725 1301 1808; x_wconf 82' lang='lat' dir='ltr'><strong>virginis</strong></span> <span class='ocrx_word' id='word_1_63' title='bbox 1318 1725 1357 1791; x_wconf 88' lang='lat' dir='ltr'><strong>de</strong></span> <span class='ocrx_word' id='word_1_64' title='bbox 1373 1725 1475 1790; x_wconf 78' lang='lat' dir='ltr'><strong>Insula</strong></span> 
     </span>
    </p>
   </div>
   <div class='ocr_carea' id='block_1_6' title="bbox 354 1831 1575 3216">
    <p class='ocr_par' dir='ltr' id='par_1_6' title="bbox 354 1831 1575 3216">
     <span class='ocr_line' id='line_1_11' title="bbox 354 1831 1475 1920; baseline -0.003 -18"><span class='ocrx_word' id='word_1_65' title='bbox 354 1837 500 1920; x_wconf 87' lang='lat' dir='ltr'>leporum</span> <span class='ocrx_word' id='word_1_66' title='bbox 518 1832 790 1898; x_wconf 89' lang='lat' dir='ltr'><strong>commoranoium</strong></span> <span class='ocrx_word' id='word_1_67' title='bbox 801 1831 888 1895; x_wconf 86' lang='lat' dir='ltr'><strong>circa</strong></span> <span class='ocrx_word' id='word_1_68' title='bbox 905 1831 991 1894; x_wconf 90' lang='lat' dir='ltr'><strong>idem</strong></span> <span class='ocrx_word' id='word_1_69' title='bbox 1008 1831 1186 1896; x_wconf 87' lang='lat' dir='ltr'><strong>claustrum</strong></span> <span class='ocrx_word' id='word_1_70' title='bbox 1201 1834 1235 1897; x_wconf 90' lang='lat' dir='ltr'><strong>in</strong></span> <span class='ocrx_word' id='word_1_71' title='bbox 1252 1833 1365 1899; x_wconf 88' lang='lat' dir='ltr'><strong>eadem</strong></span> <span class='ocrx_word' id='word_1_72' title='bbox 1375 1835 1475 1899; x_wconf 87' lang='lat' dir='ltr'><strong>insula</strong></span> 
     </span>
     <span class='ocr_line' id='line_1_12' title="bbox 355 1939 1474 2010; baseline -0.004 0"><span class='ocrx_word' id='word_1_73' title='bbox 355 1945 528 2010; x_wconf 75' lang='lat' dir='ltr'><strong>existentes</strong></span> <span class='ocrx_word' id='word_1_74' title='bbox 552 1942 594 2007; x_wconf 88' lang='lat' dir='ltr'><strong>ab</strong></span> <span class='ocrx_word' id='word_1_75' title='bbox 620 1939 804 2005; x_wconf 88' lang='lat' dir='ltr'><strong>huiusmodi</strong></span> <span class='ocrx_word' id='word_1_76' title='bbox 822 1939 1030 2004; x_wconf 83' lang='lat' dir='ltr'><strong>collectarum</strong></span> <span class='ocrx_word' id='word_1_77' title='bbox 1048 1941 1276 2006; x_wconf 83' lang='lat' dir='ltr'><strong>exaccionibus</strong></span> <span class='ocrx_word' id='word_1_78' title='bbox 1293 1943 1344 2008; x_wconf 85' lang='lat' dir='ltr'><strong>vel</strong></span> <span class='ocrx_word' id='word_1_79' title='bbox 1360 1944 1474 2007; x_wconf 76' lang='lat' dir='ltr'><strong>servici-</strong></span> 
     </span>
     <span class='ocr_line' id='line_1_13' title="bbox 355 2048 1475 2135; baseline -0.004 -17"><span class='ocrx_word' id='word_1_80' title='bbox 355 2076 446 2118; x_wconf 84' lang='lat' dir='ltr'><strong>orum</strong></span> <span class='ocrx_word' id='word_1_81' title='bbox 456 2051 652 2135; x_wconf 88' lang='lat' dir='ltr'><strong>impensione</strong></span> <span class='ocrx_word' id='word_1_82' title='bbox 661 2053 796 2132; x_wconf 90' lang='lat' dir='ltr'><strong>propter</strong></span> <span class='ocrx_word' id='word_1_83' title='bbox 805 2048 960 2113; x_wconf 91' lang='lat' dir='ltr'><strong>honorem</strong></span> <span class='ocrx_word' id='word_1_84' title='bbox 976 2049 1071 2114; x_wconf 87' lang='lat' dir='ltr'><strong>beate</strong></span> <span class='ocrx_word' id='word_1_85' title='bbox 1088 2051 1220 2132; x_wconf 87' lang='lat' dir='ltr'><strong>virginis</strong></span> <span class='ocrx_word' id='word_1_86' title='bbox 1237 2055 1269 2115; x_wconf 92' lang='lat' dir='ltr'><strong>et</strong></span> <span class='ocrx_word' id='word_1_87' title='bbox 1286 2050 1475 2116; x_wconf 73' lang='lat' dir='ltr'><strong>oblatorem</strong></span> 
     </span>
     <span class='ocr_line' id='line_1_14' title="bbox 355 2157 1475 2243; baseline -0.004 -17"><span class='ocrx_word' id='word_1_88' title='bbox 355 2159 539 2226; x_wconf 87' lang='lat' dir='ltr'><strong>earumdem</strong></span> <span class='ocrx_word' id='word_1_89' title='bbox 556 2157 758 2222; x_wconf 89' lang='lat' dir='ltr'><strong>dominarum</strong></span> <span class='ocrx_word' id='word_1_90' title='bbox 774 2157 918 2240; x_wconf 74' lang='lat' dir='ltr'><strong>graciose</strong></span> <span class='ocrx_word' id='word_1_91' title='bbox 935 2157 1063 2222; x_wconf 87' lang='lat' dir='ltr'><strong>duxerit</strong></span> <span class='ocrx_word' id='word_1_92' title='bbox 1080 2159 1273 2243; x_wconf 85' lang='lat' dir='ltr'><strong>eximendos,</strong></span> <span class='ocrx_word' id='word_1_93' title='bbox 1289 2160 1432 2224; x_wconf 83' lang='lat' dir='ltr'><strong>volumus</strong></span> <span class='ocrx_word' id='word_1_94' title='bbox 1448 2164 1475 2223; x_wconf 86' lang='lat' dir='ltr'><strong>et</strong></span> 
     </span>
     <span class='ocr_line' id='line_1_15' title="bbox 356 2264 1475 2353; baseline 0 -20"><span class='ocrx_word' id='word_1_95' title='bbox 356 2267 507 2333; x_wconf 86' lang='lat' dir='ltr'><strong>fidelitati</strong></span> <span class='ocrx_word' id='word_1_96' title='bbox 522 2271 629 2331; x_wconf 78' lang='lat' dir='ltr'><strong>vestre</strong></span> <span class='ocrx_word' id='word_1_97' title='bbox 644 2266 858 2348; x_wconf 81' lang='lat' dir='ltr'><strong>precipientes</strong></span> <span class='ocrx_word' id='word_1_98' title='bbox 874 2265 988 2330; x_wconf 86' lang='lat' dir='ltr'><strong>damus</strong></span> <span class='ocrx_word' id='word_1_99' title='bbox 1005 2264 1142 2331; x_wconf 87' lang='lat' dir='ltr'><strong>firmiter</strong></span> <span class='ocrx_word' id='word_1_100' title='bbox 1157 2268 1191 2331; x_wconf 91' lang='lat' dir='ltr'><strong>in</strong></span> <span class='ocrx_word' id='word_1_101' title='bbox 1207 2267 1378 2353; x_wconf 84' lang='lat' dir='ltr'><strong>mandatis,</strong></span> <span class='ocrx_word' id='word_1_102' title='bbox 1406 2289 1475 2352; x_wconf 81' lang='lat' dir='ltr'><strong>qua-</strong></span> 
     </span>
     <span class='ocr_line' id='line_1_16' title="bbox 356 2373 1475 2462; baseline -0.003 -20"><span class='ocrx_word' id='word_1_103' title='bbox 356 2383 449 2442; x_wconf 87' lang='lat' dir='ltr'><strong>tenus</strong></span> <span class='ocrx_word' id='word_1_104' title='bbox 474 2375 602 2441; x_wconf 88' lang='lat' dir='ltr'><strong>eosdem</strong></span> <span class='ocrx_word' id='word_1_105' title='bbox 626 2374 764 2458; x_wconf 90' lang='lat' dir='ltr'><strong>populos</strong></span> <span class='ocrx_word' id='word_1_106' title='bbox 796 2373 999 2439; x_wconf 90' lang='lat' dir='ltr'><strong>dominarum</strong></span> <span class='ocrx_word' id='word_1_107' title='bbox 1024 2376 1244 2458; x_wconf 89' lang='lat' dir='ltr'><strong>predictarum</strong></span> <span class='ocrx_word' id='word_1_108' title='bbox 1270 2377 1356 2442; x_wconf 85' lang='lat' dir='ltr'><strong>circa</strong></span> <span class='ocrx_word' id='word_1_109' title='bbox 1379 2378 1475 2462; x_wconf 87' lang='lat' dir='ltr'><strong>ipsum</strong></span> 
     </span>
     <span class='ocr_line' id='line_1_17' title="bbox 354 2483 1473 2550; baseline -0.002 0"><span class='ocrx_word' id='word_1_110' title='bbox 354 2485 532 2550; x_wconf 89' lang='lat' dir='ltr'><strong>claustrum</strong></span> <span class='ocrx_word' id='word_1_111' title='bbox 548 2483 581 2547; x_wconf 90' lang='lat' dir='ltr'><strong>in</strong></span> <span class='ocrx_word' id='word_1_112' title='bbox 596 2483 703 2547; x_wconf 86' lang='lat' dir='ltr'><strong>insula-</strong></span> <span class='ocrx_word' id='word_1_113' title='bbox 719 2487 954 2546; x_wconf 77' lang='lat' dir='ltr'><strong>commorantes</strong></span> <span class='ocrx_word' id='word_1_114' title='bbox 965 2483 1094 2548; x_wconf 79' lang='lat' dir='ltr'><strong>racione</strong></span> <span class='ocrx_word' id='word_1_115' title='bbox 1111 2504 1264 2549; x_wconf 87' lang='lat' dir='ltr'><strong>curruum</strong></span> <span class='ocrx_word' id='word_1_116' title='bbox 1283 2485 1335 2549; x_wconf 85' lang='lat' dir='ltr'><strong>vel</strong></span> <span class='ocrx_word' id='word_1_117' title='bbox 1347 2485 1473 2550; x_wconf 90' lang='lat' dir='ltr'><strong>aliorum</strong></span> 
     </span>
     <span class='ocr_line' id='line_1_18' title="bbox 356 2589 1575 2676; baseline -0.003 -18"><span class='ocrx_word' id='word_1_118' title='bbox 356 2593 563 2658; x_wconf 87' lang='lat' dir='ltr'><strong>exaccionum</strong></span> <span class='ocrx_word' id='word_1_119' title='bbox 598 2589 640 2654; x_wconf 88' lang='lat' dir='ltr'><strong>ad</strong></span> <span class='ocrx_word' id='word_1_120' title='bbox 666 2611 764 2672; x_wconf 91' lang='lat' dir='ltr'><strong>opera</strong></span> <span class='ocrx_word' id='word_1_121' title='bbox 781 2595 960 2654; x_wconf 87' lang='lat' dir='ltr'><strong>castrorum</strong></span> <span class='ocrx_word' id='word_1_122' title='bbox 977 2590 1027 2654; x_wconf 86' lang='lat' dir='ltr'><strong>vel</strong></span> <span class='ocrx_word' id='word_1_123' title='bbox 1043 2612 1101 2674; x_wconf 93' lang='lat' dir='ltr'><strong>pro</strong></span> <span class='ocrx_word' id='word_1_124' title='bbox 1119 2598 1255 2676; x_wconf 85' lang='lat' dir='ltr'><strong>captura</strong></span> <span class='ocrx_word' id='word_1_125' title='bbox 1270 2593 1404 2676; x_wconf 89' lang='lat' dir='ltr'><strong>piscium</strong></span> <span class='ocrx_word' id='word_1_126' title='bbox 1419 2591 1475 2656; x_wconf 79' lang='lat' dir='ltr'><strong>exi·</strong></span> <span class='ocrx_word' id='word_1_127' title='bbox 1574 2641 1575 2674; x_wconf 52' lang='lat' dir='ltr'><strong>r</strong></span> 
     </span>
     <span class='ocr_line' id='line_1_19' title="bbox 356 2679 1575 2786; baseline -0.002 -20"><span class='ocrx_word' id='word_1_128' title='bbox 356 2701 534 2785; x_wconf 83' lang='lat' dir='ltr'><strong>gendarum</strong></span> <span class='ocrx_word' id='word_1_129' title='bbox 550 2721 613 2764; x_wconf 89' lang='lat' dir='ltr'><strong>non</strong></span> <span class='ocrx_word' id='word_1_130' title='bbox 630 2699 824 2784; x_wconf 79' lang='lat' dir='ltr'><strong>presumatis</strong></span> <span class='ocrx_word' id='word_1_131' title='bbox 841 2699 1014 2764; x_wconf 86' lang='lat' dir='ltr'><strong>molestare</strong></span> <span class='ocrx_word' id='word_1_132' title='bbox 1030 2721 1089 2765; x_wconf 91' lang='lat' dir='ltr'><strong>nec</strong></span> <span class='ocrx_word' id='word_1_133' title='bbox 1104 2700 1147 2766; x_wconf 90' lang='lat' dir='ltr'><strong>ad</strong></span> <span class='ocrx_word' id='word_1_134' title='bbox 1172 2701 1285 2784; x_wconf 84' lang='lat' dir='ltr'><strong>aliqua</strong></span> <span class='ocrx_word' id='word_1_135' title='bbox 1301 2723 1398 2786; x_wconf 83' lang='lat' dir='ltr'><strong>opera</strong></span> <span class='ocrx_word' id='word_1_136' title='bbox 1417 2721 1475 2765; x_wconf 88' lang='lat' dir='ltr'><strong>eos·</strong></span> <span class='ocrx_word' id='word_1_137' title='bbox 1574 2679 1575 2692; x_wconf 11' lang='grc' dir='ltr'>ἵ</span> 
     </span>
     <span class='ocr_line' id='line_1_20' title="bbox 356 2809 1474 2895; baseline -0.002 -21"><span class='ocrx_word' id='word_1_138' title='bbox 356 2810 429 2874; x_wconf 90' lang='lat' dir='ltr'><strong>dem</strong></span> <span class='ocrx_word' id='word_1_139' title='bbox 455 2809 666 2892; x_wconf 85' lang='lat' dir='ltr'><strong>compellatis,</strong></span> <span class='ocrx_word' id='word_1_140' title='bbox 692 2815 725 2873; x_wconf 88' lang='lat' dir='ltr'><strong>et</strong></span> <span class='ocrx_word' id='word_1_141' title='bbox 750 2809 834 2872; x_wconf 87' lang='lat' dir='ltr'><strong>sicut</strong></span> <span class='ocrx_word' id='word_1_142' title='bbox 858 2809 981 2892; x_wconf 82' lang='lat' dir='ltr'><strong>regiam</strong></span> <span class='ocrx_word' id='word_1_143' title='bbox 1007 2815 1039 2874; x_wconf 88' lang='lat' dir='ltr'><strong>et</strong></span> <span class='ocrx_word' id='word_1_144' title='bbox 1064 2815 1209 2875; x_wconf 88' lang='lat' dir='ltr'><strong>nostram</strong></span> <span class='ocrx_word' id='word_1_145' title='bbox 1225 2811 1474 2895; x_wconf 85' lang='lat' dir='ltr'><strong>indignacionem</strong></span> 
     </span>
     <span class='ocr_line' id='line_1_21' title="bbox 356 2915 1475 3002; baseline -0.001 -21"><span class='ocrx_word' id='word_1_146' title='bbox 356 2919 520 2982; x_wconf 87' lang='lat' dir='ltr'><strong>incurrere</strong></span> <span class='ocrx_word' id='word_1_147' title='bbox 554 2915 737 2981; x_wconf 88' lang='lat' dir='ltr'><strong>formidatis</strong></span> <span class='ocrx_word' id='word_1_148' title='bbox 770 2937 861 2980; x_wconf 86' lang='lat' dir='ltr'><strong>secus</strong></span> <span class='ocrx_word' id='word_1_149' title='bbox 894 2915 1001 2980; x_wconf 84' lang='lat' dir='ltr'><strong>facere</strong></span> <span class='ocrx_word' id='word_1_150' title='bbox 1036 2917 1223 2982; x_wconf 86' lang='lat' dir='ltr'><strong>nullatenus</strong></span> <span class='ocrx_word' id='word_1_151' title='bbox 1251 2918 1475 3002; x_wconf 87' lang='lat' dir='ltr'><strong>presummatis.</strong></span> 
     </span>
     <span class='ocr_line' id='line_1_22' title="bbox 356 3021 1474 3110; baseline -0.001 -20"><span class='ocrx_word' id='word_1_152' title='bbox 356 3025 482 3090; x_wconf 83' lang='lat' dir='ltr'><strong>Datum</strong></span> <span class='ocrx_word' id='word_1_153' title='bbox 498 3025 532 3088; x_wconf 87' lang='lat' dir='ltr'><strong>in</strong></span> <span class='ocrx_word' id='word_1_154' title='bbox 548 3021 741 3108; x_wconf 86' lang='lat' dir='ltr'><strong>Wysograd,</strong></span> <span class='ocrx_word' id='word_1_155' title='bbox 765 3023 847 3088; x_wconf 86' lang='lat' dir='ltr'><strong>seria</strong></span> <span class='ocrx_word' id='word_1_156' title='bbox 864 3024 1004 3089; x_wconf 87' lang='lat' dir='ltr'><strong>secunda</strong></span> <span class='ocrx_word' id='word_1_157' title='bbox 1031 3025 1179 3108; x_wconf 85' lang='lat' dir='ltr'><strong>proxima</strong></span> <span class='ocrx_word' id='word_1_158' title='bbox 1194 3033 1268 3110; x_wconf 89' lang='lat' dir='ltr'><strong>post</strong></span> <span class='ocrx_word' id='word_1_159' title='bbox 1284 3026 1402 3092; x_wconf 81' lang='lat' dir='ltr'><strong>festum</strong></span> <span class='ocrx_word' id='word_1_160' title='bbox 1416 3024 1474 3090; x_wconf 86' lang='lat' dir='ltr'><strong>Na·</strong></span> 
     </span>
     <span class='ocr_line' id='line_1_23' title="bbox 359 3131 1474 3216; baseline -0.001 -18"><span class='ocrx_word' id='word_1_161' title='bbox 359 3133 496 3198; x_wconf 86' lang='lat' dir='ltr'><strong>tivitatis</strong></span> <span class='ocrx_word' id='word_1_162' title='bbox 516 3132 610 3198; x_wconf 87' lang='lat' dir='ltr'><strong>beate</strong></span> <span class='ocrx_word' id='word_1_163' title='bbox 627 3133 766 3216; x_wconf 84' lang='lat' dir='ltr'><strong>virginis,</strong></span> <span class='ocrx_word' id='word_1_164' title='bbox 786 3153 870 3196; x_wconf 88' lang='lat' dir='ltr'><strong>anno</strong></span> <span class='ocrx_word' id='word_1_165' title='bbox 888 3132 1009 3197; x_wconf 91' lang='lat' dir='ltr'><strong>domini</strong></span> <span class='ocrx_word' id='word_1_166' title='bbox 1024 3131 1079 3197; x_wconf 77' lang='grc' dir='ltr'><strong>Μο</strong></span> <span class='ocrx_word' id='word_1_167' title='bbox 1095 3131 1196 3200; x_wconf 79' lang='grc' dir='ltr'><strong>000ο</strong></span> <span class='ocrx_word' id='word_1_168' title='bbox 1211 3135 1362 3200; x_wconf 87' lang='lat' dir='ltr'><strong>vicesimo</strong></span> <span class='ocrx_word' id='word_1_169' title='bbox 1379 3135 1474 3201; x_wconf 86' lang='lat' dir='ltr'><strong>tercio.</strong></span> 
     </span>
    </p>
   </div>
   <div class='ocr_carea' id='block_1_7' title="bbox 357 3257 1473 3415">
    <p class='ocr_par' dir='ltr' id='par_1_7' title="bbox 357 3257 1473 3415">
     <span class='ocr_line' id='line_1_24' title="bbox 464 3257 1473 3324; baseline 0.002 -18"><span class='ocrx_word' id='word_1_170' title='bbox 464 3257 614 3322; x_wconf 80' lang='lat' dir='ltr'><strong>Haltlapjain</strong></span> <span class='ocrx_word' id='word_1_171' title='bbox 634 3259 742 3320; x_wconf 77' lang='lat' dir='ltr'><strong>osekely</strong></span> <span class='ocrx_word' id='word_1_172' title='bbox 756 3257 1020 3322; x_wconf 77' lang='lat' dir='ltr'><strong>peeset-tdreddkkel</strong></span> <span class='ocrx_word' id='word_1_173' title='bbox 1032 3276 1038 3322; x_wconf 92' lang='lat'>;</span> <span class='ocrx_word' id='word_1_174' title='bbox 1052 3259 1181 3324; x_wconf 86' lang='lat' dir='ltr'><strong>eredetije</strong></span> <span class='ocrx_word' id='word_1_175' title='bbox 1191 3274 1223 3309; x_wconf 86' lang='lat' dir='ltr'><strong>ez</strong></span> <span class='ocrx_word' id='word_1_176' title='bbox 1236 3275 1306 3312; x_wconf 81' lang='lat' dir='ltr'><strong>orez.</strong></span> <span class='ocrx_word' id='word_1_177' title='bbox 1320 3261 1375 3311; x_wconf 77' lang='lat' dir='ltr'><strong>ltdr</strong></span> <span class='ocrx_word' id='word_1_178' title='bbox 1387 3261 1473 3310; x_wconf 84' lang='lat' dir='ltr'><strong>kinost.</strong></span> 
     </span>
     <span class='ocr_line' id='line_1_25' title="bbox 357 3347 1331 3415; baseline 0.002 -15"><span class='ocrx_word' id='word_1_179' title='bbox 357 3353 422 3400; x_wconf 84' lang='lat' dir='ltr'><strong>oezt.</strong></span> <span class='ocrx_word' id='word_1_180' title='bbox 436 3348 510 3398; x_wconf 84' lang='lat' dir='ltr'><strong>Mon.</strong></span> <span class='ocrx_word' id='word_1_181' title='bbox 523 3348 556 3398; x_wconf 87' lang='lat' dir='ltr'><strong>V.</strong></span> <span class='ocrx_word' id='word_1_182' title='bbox 571 3347 640 3397; x_wconf 89' lang='lat' dir='ltr'><strong>Bud.</strong></span> <span class='ocrx_word' id='word_1_183' title='bbox 656 3352 697 3399; x_wconf 81' lang='lat'><strong>3³.</strong></span> <span class='ocrx_word' id='word_1_184' title='bbox 713 3351 753 3398; x_wconf 80' lang='lat'><strong>14.</strong></span> <span class='ocrx_word' id='word_1_185' title='bbox 768 3347 835 3412; x_wconf 87' lang='lat' dir='ltr'><strong>dipl.</strong></span> <span class='ocrx_word' id='word_1_186' title='bbox 849 3349 920 3398; x_wconf 70' lang='lat' dir='ltr'><strong>lteir:</strong></span> <span class='ocrx_word' id='word_1_187' title='bbox 936 3352 1013 3400; x_wconf 84' lang='grc'><strong>2181.</strong></span> <span class='ocrx_word' id='word_1_188' title='bbox 1029 3349 1110 3399; x_wconf 79' lang='lat' dir='ltr'><strong>Kozli</strong></span> <span class='ocrx_word' id='word_1_189' title='bbox 1121 3365 1126 3398; x_wconf 90' lang='lat'>:</span> <span class='ocrx_word' id='word_1_190' title='bbox 1138 3349 1217 3414; x_wconf 81' lang='lat' dir='ltr'><strong>Nagy</strong></span> <span class='ocrx_word' id='word_1_191' title='bbox 1232 3351 1331 3415; x_wconf 81' lang='lat' dir='ltr'><strong>Gyula.</strong></span> 
     </span>
    </p>
   </div>
   <div class='ocr_carea' id='block_1_8' title="bbox 846 3493 1002 3502">
    <p class='ocr_par' dir='ltr' id='par_1_8' title="bbox 846 3493 1002 3502">
     <span class='ocr_line' id='line_1_26' title="bbox 846 3493 1002 3502; baseline 0.019 -2"><span class='ocrx_word' id='word_1_192' title='bbox 846 3493 1002 3502; x_wconf 49' lang='lat' dir='ltr'><strong>mi—</strong></span> 
     </span>
    </p>
   </div>
   <div class='ocr_carea' id='block_1_9' title="bbox 896 3621 948 3683">
    <p class='ocr_par' dir='ltr' id='par_1_9' title="bbox 896 3621 948 3683">
     <span class='ocr_line' id='line_1_27' title="bbox 896 3621 948 3683; baseline 0 0"><span class='ocrx_word' id='word_1_193' title='bbox 896 3621 948 3683; x_wconf 83' lang='lat' dir='ltr'><strong>el.</strong></span> 
     </span>
    </p>
   </div>
   <div class='ocr_carea' id='block_1_10' title="bbox 355 3763 1477 4729">
    <p class='ocr_par' dir='ltr' id='par_1_10' title="bbox 358 3763 1475 3851">
     <span class='ocr_line' id='line_1_28' title="bbox 358 3763 1475 3851; baseline 0.001 -23"><span class='ocrx_word' id='word_1_194' title='bbox 358 3766 453 3828; x_wconf 78' lang='lat'><strong><em>1323.</em></strong></span> <span class='ocrx_word' id='word_1_195' title='bbox 485 3763 652 3848; x_wconf 69' lang='lat' dir='ltr'><strong>Viaegrrid,</strong></span> <span class='ocrx_word' id='word_1_196' title='bbox 672 3773 748 3847; x_wconf 82' lang='lat' dir='ltr'><strong>sept.</strong></span> <span class='ocrx_word' id='word_1_197' title='bbox 766 3765 818 3827; x_wconf 68' lang='lat'><strong>24.</strong></span> <span class='ocrx_word' id='word_1_198' title='bbox 845 3763 871 3828; x_wconf 91' lang='grc' dir='ltr'><strong>Ι.</strong></span> <span class='ocrx_word' id='word_1_199' title='bbox 898 3766 1024 3849; x_wconf 78' lang='lat' dir='ltr'><strong>Krirolp</strong></span> <span class='ocrx_word' id='word_1_200' title='bbox 1040 3765 1150 3850; x_wconf 67' lang='lat' dir='ltr'><strong>leirmly</strong></span> <span class='ocrx_word' id='word_1_201' title='bbox 1165 3767 1297 3851; x_wconf 79' lang='lat' dir='ltr'><strong>tudutjc</strong></span> <span class='ocrx_word' id='word_1_202' title='bbox 1314 3791 1353 3830; x_wconf 79' lang='lat' dir='ltr'><strong>cz</strong></span> <span class='ocrx_word' id='word_1_203' title='bbox 1372 3771 1475 3848; x_wconf 74' lang='lat' dir='ltr'><strong>orszdg</strong></span> 
     </span>
    </p>

    <p class='ocr_par' dir='ltr' id='par_1_11' title="bbox 355 3867 1475 3960">
     <span class='ocr_line' id='line_1_29' title="bbox 355 3867 1475 3960; baseline 0.002 -26"><span class='ocrx_word' id='word_1_204' title='bbox 355 3873 443 3936; x_wconf 79' lang='lat' dir='ltr'><strong>illetd</strong></span> <span class='ocrx_word' id='word_1_205' title='bbox 458 3867 693 3956; x_wconf 71' lang='lat' dir='ltr'><strong>lzdtdso&#39;poiool,</strong></span> <span class='ocrx_word' id='word_1_206' title='bbox 718 3875 800 3957; x_wconf 71' lang='lat' dir='ltr'><strong>kopp</strong></span> <span class='ocrx_word' id='word_1_207' title='bbox 816 3896 837 3935; x_wconf 84' lang='lat' dir='ltr'><strong>o</strong></span> <span class='ocrx_word' id='word_1_208' title='bbox 853 3874 964 3958; x_wconf 70' lang='lat' dir='ltr'><strong>kil-{ily</strong></span> <span class='ocrx_word' id='word_1_209' title='bbox 990 3875 1115 3938; x_wconf 75' lang='lat' dir='ltr'><strong>onerosi</strong></span> <span class='ocrx_word' id='word_1_210' title='bbox 1138 3876 1230 3960; x_wconf 79' lang='lat' dir='ltr'><strong>ae&#39;pei</strong></span> <span class='ocrx_word' id='word_1_211' title='bbox 1244 3874 1334 3960; x_wconf 74' lang='lat' dir='ltr'><strong>Gydr</strong></span> <span class='ocrx_word' id='word_1_212' title='bbox 1356 3877 1475 3940; x_wconf 70' lang='lat' dir='ltr'><strong>caroso-</strong></span> 
     </span>
    </p>

    <p class='ocr_par' dir='ltr' id='par_1_12' title="bbox 356 3979 1476 4175">
     <span class='ocr_line' id='line_1_30' title="bbox 356 3979 1476 4066; baseline -0.002 -22"><span class='ocrx_word' id='word_1_213' title='bbox 356 3980 400 4044; x_wconf 79' lang='lat' dir='ltr'><strong>rot</strong></span> <span class='ocrx_word' id='word_1_214' title='bbox 432 3979 621 4065; x_wconf 70' lang='lat' dir='ltr'><strong>l&#39;t&#39;seqrridip</strong></span> <span class='ocrx_word' id='word_1_215' title='bbox 653 4003 667 4041; x_wconf 90' lang='lat' dir='ltr'><strong>s</strong></span> <span class='ocrx_word' id='word_1_216' title='bbox 702 3981 787 4043; x_wconf 75' lang='lat' dir='ltr'><strong>iniret</strong></span> <span class='ocrx_word' id='word_1_217' title='bbox 822 3983 908 4064; x_wconf 69' lang='lat' dir='ltr'><strong>ogdsz</strong></span> <span class='ocrx_word' id='word_1_218' title='bbox 942 3981 1124 4066; x_wconf 69' lang='lat' dir='ltr'><strong>Ftilolrcirip</strong></span> <span class='ocrx_word' id='word_1_219' title='bbox 1157 4006 1178 4046; x_wconf 84' lang='lat' dir='ltr'><strong>a</strong></span> <span class='ocrx_word' id='word_1_220' title='bbox 1203 3983 1383 4066; x_wconf 69' lang='lat' dir='ltr'><strong>octnytzete&#39;s</strong></span> <span class='ocrx_word' id='word_1_221' title='bbox 1406 3983 1476 4046; x_wconf 78' lang='lat' dir='ltr'><strong>terte</strong></span> 
     </span>
     <span class='ocr_line' id='line_1_31' title="bbox 769 4087 1076 4175; baseline 0.013 -25"><span class='ocrx_word' id='word_1_222' title='bbox 769 4087 836 4151; x_wconf 79' lang='lat' dir='ltr'><strong>alol</strong></span> <span class='ocrx_word' id='word_1_223' title='bbox 845 4089 1076 4175; x_wconf 74' lang='lat' dir='ltr'><strong>filimentetlolr.</strong></span> 
     </span>
    </p>

    <p class='ocr_par' dir='ltr' id='par_1_13' title="bbox 355 4207 1477 4729">
     <span class='ocr_line' id='line_1_32' title="bbox 454 4207 1476 4294; baseline 0.002 -20"><span class='ocrx_word' id='word_1_224' title='bbox 454 4207 599 4275; x_wconf 88' lang='lat' dir='ltr'><strong>Karolus</strong></span> <span class='ocrx_word' id='word_1_225' title='bbox 615 4259 622 4274; x_wconf 90' lang='lat'><em>.</em></span> <span class='ocrx_word' id='word_1_226' title='bbox 638 4259 645 4274; x_wconf 90' lang='lat'><strong>.</strong></span> <span class='ocrx_word' id='word_1_227' title='bbox 662 4231 741 4274; x_wconf 87' lang='lat' dir='ltr'><strong>rex.</strong></span> <span class='ocrx_word' id='word_1_228' title='bbox 758 4259 765 4274; x_wconf 90' lang='lat'><strong>.</strong></span> <span class='ocrx_word' id='word_1_229' title='bbox 782 4211 936 4275; x_wconf 85' lang='lat' dir='ltr'><strong>universis</strong></span> <span class='ocrx_word' id='word_1_230' title='bbox 953 4261 959 4276; x_wconf 94' lang='lat'><em>.</em></span> <span class='ocrx_word' id='word_1_231' title='bbox 976 4261 983 4275; x_wconf 93' lang='lat'><strong>.</strong></span> <span class='ocrx_word' id='word_1_232' title='bbox 1001 4211 1181 4294; x_wconf 86' lang='lat' dir='ltr'><strong>comitibus,</strong></span> <span class='ocrx_word' id='word_1_233' title='bbox 1191 4211 1364 4292; x_wconf 88' lang='lat' dir='ltr'><strong>nobilibus,</strong></span> <span class='ocrx_word' id='word_1_234' title='bbox 1375 4213 1476 4278; x_wconf 83' lang='lat' dir='ltr'><strong>castel-</strong></span> 
     </span>
     <span class='ocr_line' id='line_1_33' title="bbox 355 4317 1476 4404; baseline 0.004 -22"><span class='ocrx_word' id='word_1_235' title='bbox 355 4317 438 4382; x_wconf 82' lang='lat' dir='ltr'><strong>lanis</strong></span> <span class='ocrx_word' id='word_1_236' title='bbox 449 4322 481 4382; x_wconf 89' lang='lat' dir='ltr'><strong>et</strong></span> <span class='ocrx_word' id='word_1_237' title='bbox 497 4317 636 4382; x_wconf 82' lang='lat' dir='ltr'><strong>cuiusvis</strong></span> <span class='ocrx_word' id='word_1_238' title='bbox 647 4317 815 4400; x_wconf 83' lang='lat' dir='ltr'><strong>dignitatis</strong></span> <span class='ocrx_word' id='word_1_239' title='bbox 826 4318 1009 4384; x_wconf 89' lang='lat' dir='ltr'><strong>hominibus</strong></span> <span class='ocrx_word' id='word_1_240' title='bbox 1029 4341 1224 4404; x_wconf 85' lang='lat' dir='ltr'><strong>quocunque</strong></span> <span class='ocrx_word' id='word_1_241' title='bbox 1241 4322 1369 4386; x_wconf 88' lang='lat' dir='ltr'><strong>nomine</strong></span> <span class='ocrx_word' id='word_1_242' title='bbox 1381 4343 1476 4386; x_wconf 90' lang='lat' dir='ltr'><strong>cense-</strong></span> 
     </span>
     <span class='ocr_line' id='line_1_34' title="bbox 358 4425 1477 4510; baseline 0.003 -22"><span class='ocrx_word' id='word_1_243' title='bbox 358 4431 465 4507; x_wconf 87' lang='lat' dir='ltr'><strong>antur,</strong></span> <span class='ocrx_word' id='word_1_244' title='bbox 483 4425 600 4509; x_wconf 89' lang='lat' dir='ltr'><strong>quibus</strong></span> <span class='ocrx_word' id='word_1_245' title='bbox 615 4431 784 4510; x_wconf 87' lang='lat' dir='ltr'><strong>presentes</strong></span> <span class='ocrx_word' id='word_1_246' title='bbox 799 4427 1011 4491; x_wconf 86' lang='lat' dir='ltr'><strong>ostendentur</strong></span> <span class='ocrx_word' id='word_1_247' title='bbox 1027 4426 1225 4492; x_wconf 83' lang='lat' dir='ltr'><strong>aJauriensi</strong></span> <span class='ocrx_word' id='word_1_248' title='bbox 1237 4428 1367 4492; x_wconf 82' lang='lat' dir='ltr'><strong>ciuitate</strong></span> <span class='ocrx_word' id='word_1_249' title='bbox 1377 4435 1477 4494; x_wconf 87' lang='lat' dir='ltr'><strong>nostra</strong></span> 
     </span>
     <span class='ocr_line' id='line_1_35' title="bbox 357 4531 1476 4618; baseline 0.004 -23"><span class='ocrx_word' id='word_1_250' title='bbox 357 4552 459 4614; x_wconf 88' lang='lat' dir='ltr'><strong>usque</strong></span> <span class='ocrx_word' id='word_1_251' title='bbox 474 4531 673 4617; x_wconf 84' lang='lat' dir='ltr'><strong>Wyssegrad</strong></span> <span class='ocrx_word' id='word_1_252' title='bbox 690 4539 723 4598; x_wconf 87' lang='lat' dir='ltr'><strong>et</strong></span> <span class='ocrx_word' id='word_1_253' title='bbox 739 4556 759 4598; x_wconf 86' lang='lat' dir='ltr'><strong>a</strong></span> <span class='ocrx_word' id='word_1_254' title='bbox 774 4532 974 4618; x_wconf 84' lang='lat' dir='ltr'><strong>Wyssegrad</strong></span> <span class='ocrx_word' id='word_1_255' title='bbox 990 4557 1092 4618; x_wconf 90' lang='lat' dir='ltr'><strong>usque</strong></span> <span class='ocrx_word' id='word_1_256' title='bbox 1108 4535 1279 4600; x_wconf 86' lang='lat' dir='ltr'><strong>Feulduar</strong></span> <span class='ocrx_word' id='word_1_257' title='bbox 1291 4537 1325 4602; x_wconf 94' lang='lat' dir='ltr'><strong>in</strong></span> <span class='ocrx_word' id='word_1_258' title='bbox 1341 4537 1433 4602; x_wconf 89' lang='lat' dir='ltr'><strong>terris</strong></span> <span class='ocrx_word' id='word_1_259' title='bbox 1449 4543 1476 4600; x_wconf 87' lang='lat' dir='ltr'><strong>et</strong></span> 
     </span>
     <span class='ocr_line' id='line_1_36' title="bbox 356 4640 1477 4729; baseline 0.004 -23"><span class='ocrx_word' id='word_1_260' title='bbox 356 4640 390 4706; x_wconf 91' lang='lat' dir='ltr'><strong>in</strong></span> <span class='ocrx_word' id='word_1_261' title='bbox 401 4641 495 4725; x_wconf 85' lang='lat' dir='ltr'><strong>aquis</strong></span> <span class='ocrx_word' id='word_1_262' title='bbox 507 4641 631 4706; x_wconf 88' lang='lat' dir='ltr'><strong>tributa</strong></span> <span class='ocrx_word' id='word_1_263' title='bbox 641 4641 835 4708; x_wconf 87' lang='lat' dir='ltr'><strong>habentibus</strong></span> <span class='ocrx_word' id='word_1_264' title='bbox 847 4645 1212 4728; x_wconf 85' lang='lat' dir='ltr'><strong>eorumquetribntariis</strong></span> <span class='ocrx_word' id='word_1_265' title='bbox 1222 4645 1361 4711; x_wconf 85' lang='lat' dir='ltr'><strong>salutem</strong></span> <span class='ocrx_word' id='word_1_266' title='bbox 1373 4653 1477 4729; x_wconf 76' lang='lat' dir='ltr'><strong>etgra-</strong></span> 
     </span>
    </p>
   </div>
   <div class='ocr_carea' id='block_1_11' title="bbox 0 0 1596 5462">
    <p class='ocr_par' dir='ltr' id='par_1_14' title="bbox 0 0 1596 5462">
     <span class='ocr_line' id='line_1_37' title="bbox 0 0 1596 5462; baseline 0 0"><span class='ocrx_word' id='word_1_267' title='bbox 0 0 1596 5462; x_wconf 95' lang='lat' dir='ltr'><strong> </strong></span> 
     </span>
    </p>
   </div>
  </div>
 </body>
</html>
