3172 5462
363 468 426 534 130
751 495 903 532 axsounonr
929 479 1100 535 osuiurrin.

359 671 418 716 nos
449 648 618 716 victoriam
650 648 847 716 obtinuimus
878 649 1110 733 triumphalem
1145 649 1296 734 idemque
1332 649 1485 716 Nicolaus

360 763 471 824 nostre
501 757 681 822 maiestatis
712 758 821 840 gracie
853 757 988 840 dignum
1019 778 1053 822 se
1070 757 1147 822 lecit
1178 764 1212 822 et
1235 765 1417 842 acceptum,
1438 757 1486 824 ob·

360 864 421 930 hcc
445 865 590 931 volentes
616 887 655 931 ex
679 865 880 949 benignitate
905 867 996 949 regia
1021 867 1108 932 inter
1132 867 1334 950 singulorum
1350 865 1487 932 fidelium

361 979 546 1039 nostrorum
572 976 691 1039 merita
715 975 857 1040 eiusdem
881 971 1011 1039 Nicolai
1037 973 1097 1040 filii
1114 972 1266 1058 Gregorii
1281 981 1334 1040 tot
1351 980 1384 1040 et
1399 981 1485 1040 tanta

361 1082 529 1147 meritoria
560 1084 694 1149 servicia
719 1084 816 1150 laude
848 1084 948 1167 digna
971 1085 1024 1169 pie
1060 1085 1288 1150 retribucionis
1321 1107 1484 1152 occurrere

361 1193 451 1278 regio
478 1213 550 1258 cum
575 1191 694 1276 favore,
718 1195 796 1260 licet
820 1195 906 1260 idem
932 1194 1173 1278 requirentibus
1199 1195 1264 1258 suis
1288 1194 1488 1260 benemeritis

362 1301 492 1368 anobis
507 1301 604 1385 plura
619 1307 798 1368 mereretur
814 1302 857 1368 ad
873 1304 964 1368 cuius
981 1303 1171 1386 ampliorem
1187 1303 1407 1386 provisionem
1418 1303 1485 1367 faci·

363 1409 481 1475 endam
495 1408 714 1475 intencionem
730 1410 907 1476 habeamus
923 1409 1169 1493 prompciorem,
1186 1415 1296 1474 tamen
1313 1413 1348 1475 in
1373 1411 1487 1492 aliqua·

361 1517 426 1581 lem
441 1519 775 1600 recompensacionem
791 1516 974 1583 huiusmodi
990 1514 1135 1582 fidelium
1152 1518 1387 1600 obsequiorum
1397 1519 1487 1602 ipsius

363 1623 495 1692 Nicolai
520 1627 613 1694 nobis
637 1627 799 1711 frequenti
827 1633 860 1692 et
876 1625 1036 1692 indefesso
1053 1627 1161 1692 studio
1177 1627 1399 1692 exhibitorum
1415 1627 1488 1690 etin

362 1735 509 1802 futurum
534 1735 799 1818 exhibendorum,
832 1734 1067 1818 plenitudinem
1100 1741 1211 1800 nostre
1241 1736 1363 1818 regalis
1387 1735 1484 1818 grecie

368 1843 596 1929 conpensando
622 1849 655 1908 et
680 1842 768 1927 quod
793 1844 865 1908 aliis
889 1842 1039 1910 fidelibus
1063 1845 1183 1909 nostris
1205 1844 1296 1909 sitin
1314 1845 1486 1928 exemplum

365 1951 461 2018 acad
478 1951 660 2018 exhibenda
684 1957 794 2017 nostre
819 1951 982 2016 maiestati
1006 1951 1141 2017 servicia
1164 1951 1309 2016 animum
1325 1952 1488 2017 reddamus

363 2059 603 2143 feriencicrem
632 2058 796 2143 quandam
819 2059 1054 2142 possessionem
1085 2059 1325 2141 sepedictorum
1361 2057 1484 2126 Andree

365 2166 475 2232 Deseu
499 2175 532 2234 et
562 2166 726 2234 Lethardi
756 2165 897 2234 filiorum
928 2167 1071 2234 Dionisii
1102 2165 1280 2233 infidelium
1312 2175 1487 2234 nostrorum

364 2274 549 2359 Jarumpna
565 2281 714 2340 vocatam
730 2274 764 2338 in
780 2275 937 2341 comitatu
953 2275 993 2340 de
1009 2273 1156 2340 Wclkou
1173 2277 1368 2341 existentem
1392 2282 1485 2342 totam

366 2406 438 2450 cum
454 2383 610 2448 universis
626 2381 826 2448 utilitatibus
851 2381 894 2448 ad
918 2382 1053 2448 eandem
1069 2384 1291 2467 spectantibus
1316 2385 1488 2468 specialiter

365 2499 475 2559 autem
492 2513 564 2557 cum
579 2491 714 2556 ecclesia
736 2490 866 2574 lapidea
882 2491 916 2556 in
933 2491 1055 2557 honore
1069 2491 1158 2555 beati
1183 2489 1315 2557 Nicolai
1340 2491 1487 2558 consesso-

365 2603 410 2668 ris
434 2602 467 2666 in
494 2600 606 2666 eadem
623 2598 772 2665 edificata
788 2604 821 2665 et
837 2605 1023 2666 constructa
1046 2621 1085 2664 ac
1101 2601 1170 2665 eius
1185 2605 1367 2684 patronatu
1382 2600 1486 2666 nihilo

365 2711 470 2774 minus
487 2708 529 2774 ad
547 2714 677 2774 nostras
693 2709 798 2792 regias
814 2731 929 2774 manus
945 2710 1075 2774 racione
1091 2710 1269 2792 prescripte
1293 2708 1486 2776 infidelitatis

368 2841 479 2884 eorum
505 2840 578 2884 cum
602 2819 675 2884 aliis
700 2818 955 2902 possessionibus
978 2820 1124 2903 ipsorum
1139 2818 1297 2884 universis
1314 2819 1486 2884 devolutsm

367 2925 505 2992 Nicolao
521 2925 590 2991 filio
608 2922 761 3011 Gregorii
785 2925 931 3011 sepefato
948 2978 955 2993 .
971 2977 978 2993 .
995 2927 1184 2992 donavimus
1201 2977 1208 2991 .
1226 2977 1232 2992 .
1249 2933 1409 3012 perpetuo
1423 2948 1485 3012 pos

366 3035 534 3100 sidendam
552 3085 559 3100 .
577 3085 583 3100 .
600 3034 724 3101 Datum
751 3057 808 3118 per
833 3057 948 3102 manus
974 3037 1106 3102 discreti
1130 3036 1191 3100 viri
1215 3037 1367 3119 magistri
1382 3034 1484 3100 Endre
1560 3079 1561 3082 ,

372 3145 502 3211 lectoris
519 3141 874 3229 Quinqueecclesiensis
890 3147 963 3211 aule
979 3151 1090 3212 nostre
1106 3145 1363 3211 vicecancellarii
1388 3143 1485 3210 dilecti

367 3259 399 3318 et
414 3251 520 3319 fidelis
536 3254 648 3335 nostri,
665 3275 749 3318 anno
766 3253 888 3320 domini
904 3254 1081 3321 Millesimo
1098 3255 1328 3320 trecentesimo
1344 3255 1484 3338 vigesimo

368 3368 495 3445 quarto,
521 3363 634 3444 quinto
661 3361 817 3428 kalendas
842 3359 933 3444 Maii,
958 3363 1050 3446 regni
1067 3367 1175 3427 autem
1191 3362 1294 3427 nostri
1312 3383 1396 3428 anno
1412 3361 1485 3426 simi·
1557 3385 1558 3400 2

367 3469 443 3533 liter
458 3469 611 3553 vigesimo
623 3475 750 3552 quarto.
766 3468 1016 3538 Venerabilibus
1028 3519 1034 3534 .
1045 3519 1052 3534 .
1063 3519 1071 3534 .
1081 3469 1142 3536 stb.
1154 3469 1187 3556 *)

475 3649 561 3713 Sdrge
573 3648 601 3698 ds
614 3663 689 3699 veros
703 3652 1031 3718 solyernzsinoronregge
1042 3653 1189 3718 pecstttcl;
1204 3653 1333 3718 eredetije
1343 3669 1359 3704 a
1371 3668 1411 3718 gr.
1424 3652 1483 3716 Zap-

367 3738 486 3803 Ugrdczi
502 3740 589 3789 ltbeu.
602 3737 700 3790 szli:
719 3741 803 3805 Pesty
817 3743 941 3807 Frigycs.

475 3947 500 4014 *l
518 3951 550 4001 Ιι.
571 3952 686 4004 lbntcbb
706 3971 722 4004 a
744 3961 802 4007 105.
823 3971 858 4006 sn.
878 3972 901 4006 a.
922 3957 997 4006 ozzrrl
1016 3972 1032 4006 a
1051 3955 1225 4019 veltozassal,
1245 3955 1322 4023 hogy
1341 3974 1358 4009 a
1376 3957 1484 4009 kalocsai

369 4039 447 4092 ersok
466 4057 534 4092 neve
553 4044 621 4093 utari
640 4045 805 4095 orletetctett
826 4048 957 4108 nauloque
980 4051 1074 4096 nostre
1094 4047 1286 4108 cerncellerioc,
1306 4050 1410 4099 chrik
1423 4063 1484 4098 verz-

368 4133 456 4194 premi
475 4135 629 4196 purpoknel
647 4151 709 4185 nem
735 4138 884 4187 emlittotik
908 4154 924 4187 a
944 4139 1083 4201 nir-elynei
1107 4139 1256 4189 cancellari
1276 4140 1355 4202 czlm,
1378 4139 1484 4191 ws'ibba'

367 4223 458 4285 Fiilbp
477 4224 564 4272 nidor
582 4225 722 4288 tisztsegui
741 4228 822 4278 kdzirl
841 4243 858 4277 a
879 4227 976 4276 »irulex
996 4243 1174 4278 comanorum
1189 4234 1217 4278 et
1226 4231 1412 4282 bissenorum«
1426 4231 1484 4280 czlm

368 4311 524 4377 kimarudt3
544 4313 639 4364 Mikch
653 4316 790 4380 kirtlyndi
811 4317 919 4378 taruolr,
940 4317 967 4365 es
987 4319 1074 4367 Dezsd
1094 4319 1232 4382 kiru'rlyntti
1255 4321 1412 4386 oruzigblrd
1434 4322 1484 4370 rriu-

369 4404 467 4454 csenck
486 4417 675 4467 megnevezve.

855 4551 1009 4562 -ι--ι-ο-
