3172 5462
583 441 677 504 1323.
695 459 765 504 ocr.
784 439 834 504 28.
1228 443 1268 505 93

139 619 252 704 ronlay
277 618 432 686 Thewtus
456 623 604 686 vocatam
628 620 712 687 binis
740 621 835 686 metis
850 620 1010 687 currendo
1026 621 1172 705 pervenit
1188 621 1274 686 simi-

139 729 219 794 liter
235 729 279 795 ad
304 735 371 795 tres
396 735 501 796 metas
516 751 650 813 magnas
665 729 838 814 angulares
863 752 883 794 a
909 728 1026 814 quibus
1051 729 1218 796 declinans
1234 729 1276 796 ad

138 843 270 922 partem
294 839 485 906 orientalem
508 861 619 905 versus
642 839 772 904 Rabam
796 840 888 904 iuxta
913 861 1011 906 unam
1036 840 1121 906 viam
1137 841 1272 924 singulis

133 946 222 1011 binis
238 949 334 1012 metis
359 949 393 1012 in
419 969 474 1012 sex
499 949 578 1013 loeis
603 947 717 1030 positis
737 949 827 1012 venit
843 946 885 1012 ad
900 947 1080 1031 predictam
1109 949 1194 1012 viam
1209 969 1273 1031 que

135 1054 229 1119 radit
245 1055 288 1120 ad
303 1055 478 1121 Karmend
493 1056 549 1120 ubi
565 1061 614 1120 est
631 1077 697 1120 una
713 1061 800 1120 meta
819 1077 938 1138 magna
953 1061 1071 1138 terrea,
1097 1076 1194 1140 super
1210 1078 1275 1140 qna

136 1163 270 1247 quidem
286 1164 339 1228 ria
364 1163 522 1228 currendo
549 1163 591 1228 ad
607 1163 792 1247 aquilonem
817 1163 963 1248 pervenit
980 1163 1135 1228 adunam
1150 1168 1272 1228 metam

137 1293 294 1354 magnam
310 1271 350 1337 de
367 1295 432 1356 qua
448 1271 590 1336 flectitur
606 1271 648 1336 ad
659 1272 825 1350 orientem,
835 1271 926 1337 vadit
942 1271 984 1336 ad
1000 1271 1085 1336 viem
1101 1292 1163 1355 que
1187 1273 1275 1337 venit

136 1378 178 1443 de
195 1378 345 1446 Kowaoh
360 1380 416 1445 ubi
433 1386 483 1445 est
498 1385 585 1444 meta
601 1401 720 1462 magns
746 1386 861 1464 terrea,
878 1385 911 1444 et
927 1401 1023 1463 super
1039 1379 1174 1445 eandem
1190 1381 1275 1446 viam

135 1487 299 1553 currendo
325 1486 368 1552 ad
392 1487 576 1571 aquilonem
601 1489 695 1552 iuxta
720 1491 841 1552 terram
867 1486 1010 1552 filiorum
1035 1487 1191 1553 Dorozlai
1207 1486 1272 1552 Ba·

137 1596 231 1680 losey
247 1599 396 1660 vocatam
422 1593 542 1678 ubique
567 1595 724 1661 veniendo
743 1593 785 1659 ad
801 1601 928 1678 partem
945 1595 1135 1660 orientalem
1152 1595 1274 1660 directe

140 1705 364 1786 currumque
391 1699 523 1767 flavium
543 1701 639 1768 Raba
659 1703 769 1786 ibique
788 1705 999 1785 terminatur3
1016 1709 1150 1788 excepta
1166 1710 1275 1768 tamen

137 1811 284 1896 quadam
299 1812 463 1896 particula
479 1817 566 1876 terre
582 1819 679 1896 prout
696 1835 761 1878 nna
781 1813 895 1878 semita
911 1812 954 1878 ad
969 1813 1128 1897 piscinam
1144 1818 1276 1898 separat

136 1925 171 1984 et
190 1919 340 2002 distingit
365 1941 463 2003 qnam
488 1941 547 2003 per
572 1921 678 2003 ipsum
704 1915 913 1985 (lethardum
938 1921 1015 1986 olim
1041 1920 1193 1986 dixerunt
1211 1919 1275 1986 Mi·

137 2028 247 2092 chaeli
262 2026 330 2092 filio
346 2026 495 2092 Ladizlai
511 2029 640 2112 pignori
657 2028 826 2112 obligasse.
851 2029 977 2094 Datum
993 2029 1027 2094 in
1043 2029 1154 2113 vigilia
1170 2030 1274 2095 sancti

135 2137 226 2220 regis
250 2133 419 2219 Stephani,
444 2158 528 2200 anno
554 2135 676 2201 domini
700 2135 754 2202 Μ0
770 2133 871 2204 000ο
887 2134 979 2202 XX⁰
1003 2139 1113 2204 tercio.
1129 2137 1200 2205 Nos
1216 2139 1276 2203 ita-

135 2265 204 2328 que
221 2266 261 2308 ex
277 2244 438 2309 relacione
458 2243 619 2309 dictorum
643 2243 788 2310 fidelium
812 2253 996 2312 nostrorum
1023 2248 1157 2332 capituli
1175 2248 1275 2313 eccle·

135 2353 185 2416 sie
203 2352 311 2416 sancti
320 2350 493 2417 Michaelis
509 2351 549 2417 de
559 2351 791 2420 Ferreooastro
807 2353 996 2439 adplenum
1012 2355 1186 2440 informati,
1203 2376 1276 2420 cou-

134 2459 293 2526 sideratis
316 2457 466 2526 fidelibus
492 2465 525 2525 et
550 2461 712 2546 obsequiis
736 2463 911 2530 meritoriis
937 2463 1110 2530 eorundem
1135 2461 1277 2530 filiorum

135 2569 301 2636 Dorozlai
324 2568 359 2633 in
384 2566 502 2651 quibus
528 2570 621 2634 nobis
647 2591 769 2637 summe
802 2570 972 2638 fidelitatis
998 2571 1158 2638 desiderio
1196 2572 1277 2638 locis

134 2679 290 2765 plurimis
301 2683 335 2742 et
344 2677 544 2762 temporibus
554 2681 746 2764 opportunis
756 2681 992 2766 impenderunt,
1003 2681 1188 2764 specialiter
1198 2685 1277 2746 tuno

135 2809 215 2853 curn
241 2791 385 2851 castrum
409 2791 558 2850 nostrum
582 2785 732 2853 Machow
758 2795 906 2854 vocatum
927 2788 1057 2854 donnino
1082 2787 1277 2854 concedente

134 2892 357 2980 expugnando
382 2892 579 2959 obtinuimus
603 2895 689 2960 idem
716 2897 898 2962 Dorozlaus
920 2897 1038 2963 ictibus
1054 2895 1198 2981 lapidum
1216 2894 1276 2960 sub

134 3003 256 3070 eodem
281 3008 389 3068 castro
415 3001 540 3068 duobus
564 3003 751 3070 vulneribus
776 3005 1177 3090 maticonensium
1204 3027 1277 3070 cum

136 3116 286 3179 castrum
297 3109 408 3176 Urosii
418 3111 504 3194 regis
515 3109 626 3177 Servie
636 3111 788 3180 Kolobar
798 3120 947 3182 vocatum
963 3136 1147 3200 expugnare
1162 3115 1280 3180 voluis·

137 3241 252 3285 semus
268 3216 389 3283 ibidem
415 3217 478 3284 duo
495 3219 670 3286 servientes
695 3227 727 3286 et
743 3223 882 3306 proximi
897 3223 1040 3288 eiusdem
1054 3221 1210 3288 Doroalai
1227 3241 1280 3286 ex·

139 3329 287 3394 literani
302 3327 477 3410 interemti,
502 3333 535 3392 et
565 3329 644 3394 licet
662 3329 761 3395 iidem
777 3329 837 3396 filii
853 3331 1008 3398 Dorozlai
1024 3354 1082 3416 pro
1099 3336 1150 3397 tot
1165 3335 1198 3395 et
1208 3331 1279 3394 tan·

140 3437 188 3502 tis
223 3433 446 3500 fidelitatuum
480 3433 642 3520 obsequiis
684 3439 834 3522 ampliori
867 3439 969 3523 regali
1016 3437 1280 3506 remuneracione

140 3566 203 3628 per
219 3565 280 3608 nos
297 3543 411 3608 merito
428 3542 494 3607 sint
504 3541 703 3629 confovendi,
719 3545 761 3610 ad
779 3569 912 3630 presens
929 3554 1037 3614 tamen
1055 3548 1087 3613 in
1105 3547 1280 3630 aliqualem

136 3649 480 3734 recompensacionem
505 3671 636 3716 suorum
662 3653 868 3720 serviciorum
891 3655 1071 3739 predictam
1087 3660 1208 3720 terram
1224 3674 1280 3720 seu

138 3758 381 3846 possessionem
396 3756 537 3844 Bolasey
552 3765 700 3826 vocatam
717 3811 723 3826 .
741 3812 748 3827 .
765 3759 928 3846 Gregorio
949 3768 982 3828 et
997 3761 1163 3828 Doruzlao
1178 3762 1280 3845 magi·

139 3869 222 3934 stris
251 3864 327 3930 filiis
351 3865 508 3931 Do'rozlai
525 3865 717 3935 donavimus
734 3921 740 3935 .
757 3920 764 3936 .
780 3869 905 3936 Datum
928 3892 985 3954 per
1010 3893 1124 3936 manus
1149 3869 1281 3935 discreti

137 3977 203 4042 riri
219 3973 372 4056 magistri
388 3972 518 4038 Endree
537 3975 672 4040 lectoris
683 3977 815 4042 ecclesie
832 3975 1187 4061 Quinqueecclesiensis
1206 3976 1280 4042 aule

138 4089 257 4149 nostre
274 4081 531 4146 vicecancellarii
548 4082 663 4149 dilecti
680 4090 713 4150 et
728 4083 834 4150 fidelis
849 4086 960 4161 nostri,
986 4107 1071 4150 anno
1088 4084 1209 4150 domini
1228 4081 1284 4146 Μο

137 4190 247 4259 0000
266 4187 389 4255 XXmo
410 4190 521 4274 tercio,
537 4193 652 4274 quinto
668 4193 824 4260 kalendas
840 4193 1042 4278 Novembris,
1061 4193 1154 4278 regni
1172 4199 1281 4258 autem

137 4299 250 4367 nostri
270 4319 356 4364 anno
367 4298 517 4364 similiter
529 4301 679 4368 vicesimo
696 4303 805 4370 tercio.
821 4301 1099 4373 Venerabilibus..
1117 4352 1123 4367 .
1140 4298 1236 4386 stb.*)

138 4425 363 4437 ...—.—-=--

259 4477 284 4539 *)
307 4479 338 4527 L.
353 4479 466 4532 fontebb
480 4485 522 4532 62.
538 4498 573 4532 sz.
588 4485 660 4534 alati
672 4499 688 4534 a
702 4486 855 4536 kdvetkeztt
869 4482 1025 4536 alter-essel:
1049 4483 1167 4547 Georgio
1186 4481 1283 4532 Sirmi·

143 4569 209 4621 ensi
222 4605 229 4618 .
242 4606 248 4618 .
262 4568 379 4620 Nicolao
401 4571 473 4622 bano
496 4573 587 4622 tocius
611 4573 756 4626 Sclavenie
767 4577 868 4626 comite
887 4574 1065 4640 Suproniensl
1086 4576 1112 4624 et
1131 4573 1165 4623 de
1182 4570 1283 4622 Kama-

143 4675 202 4712 run
216 4697 222 4711 .
235 4697 241 4710 .
255 4659 372 4710 Nicolao
391 4662 493 4713 comite
513 4663 681 4716 Posonienai.

638 4809 798 4824 c—---··-—·-u
