3132 5470
523 488 618 554 1327.
636 509 730 558 1666.
748 489 797 554 19.
1181 491 1244 556 351

109 673 267 750 gemtor,
284 669 370 752 quod
386 669 491 754 prima
506 675 595 736 meta
609 671 723 755 incipit
740 693 760 736 a
775 675 869 755 parte
884 671 1093 755 possessionis
1109 669 1249 736 Ruohka

111 781 230 840 vocate
247 777 282 841 in
299 778 424 844 duabus
439 780 534 844 metis
550 779 666 844 terreis
683 780 826 862 antiquis
846 800 946 862 prope
962 777 1094 845 fluvium
1110 778 1249 862 Guugus

110 884 230 966 positis
249 891 282 949 et
298 907 395 970 super
410 888 480 970 ipso
496 885 593 953 fluvio
610 884 750 971 Gungus
775 908 886 952 versus
911 893 1039 971 partem
1056 888 1247 954 orientalem

109 992 279 1058 currendo
296 996 443 1078 pervenit
458 995 501 1062 ad
515 995 647 1060 fluvium
656 994 752 1062 Raba
762 995 804 1059 ad
820 996 927 1060 looum
939 993 1115 1079 Gungustu
1125 996 1247 1062 dictum

110 1101 158 1164 ita
174 1107 215 1166 ut
232 1101 302 1184 ipse
318 1101 590 1187 fluviuaGungus
616 1104 658 1169 ad
674 1105 858 1187 aquilonem
875 1105 1004 1190 populis
1030 1104 1070 1188 de
1097 1103 1179 1171 Saer
1204 1105 1248 1170 ad
1273 1093 1274 1098 ¹

109 1210 284 1275 meridiem
301 1213 491 1295 possessioni
516 1212 658 1296 Kysfolu
683 1219 816 1297 separat
847 1219 879 1278 et
911 1213 1092 1297 distinguit,
1117 1213 1157 1278 de
1172 1215 1243 1297 ipso

109 1325 225 1384 autem
244 1320 316 1385 loeo
333 1317 530 1404 Guugusteu
562 1328 675 1387 vocato
693 1343 788 1405 super
803 1321 900 1387 fluvio
916 1321 1013 1387 Raba
1029 1343 1138 1386 versus
1153 1322 1247 1386 meri·

108 1425 196 1491 diem
214 1427 378 1494 tendendo
404 1429 507 1493 ourrit
530 1450 631 1514 usque
647 1435 768 1494 terram
784 1430 1012 1496 Rubenteluke
1037 1431 1247 1513 nominatam,

110 1535 264 1600 exeundo
280 1536 385 1620 ipsum
400 1535 534 1603 fluvium
549 1538 645 1604 Baba
661 1539 894 1614 tenditqversus
911 1539 1122 1624 occidentem,
1139 1559 1248 1622 perve-

110 1645 160 1707 nit
177 1644 223 1710 ad
242 1644 324 1710 duas
340 1653 443 1722 metas
469 1653 592 1713 terreas
617 1667 756 1730 quarum
782 1669 847 1712 uua
872 1648 986 1713 subtus
1012 1648 1162 1725 arborem
1177 1647 1248 1712 tilio

111 1751 288 1837 Stephano
305 1761 435 1837 separat
460 1756 525 1820 alia
552 1755 665 1821 subtus
691 1756 840 1822 arborem
865 1757 993 1822 ilioeam
1018 1755 1247 1836 Rubenteluke

110 1868 256 1945 separat,
273 1862 389 1927 deinde
414 1865 448 1927 in
472 1865 566 1928 metis
591 1865 706 1956 terreis
731 1864 770 1928 de
795 1885 877 1930 novo
902 1865 1019 1948 positis
1044 1865 1085 1929 ad
1112 1864 1246 1940 eandem

108 1977 244 2053 partem
261 1973 408 2055 pervenit
424 1970 465 2036 ad
481 1972 669 2060 Fuenesuth
694 1979 852 2056 vocatam,
878 1972 1023 2038 saliendo
1040 1975 1144 2056 ipsam
1159 1973 1245 2036 viam

108 2099 225 2144 uersus
244 2079 379 2144 eandem
395 2086 522 2163 partem
539 2082 642 2146 currit
658 2081 700 2145 ad
717 2079 798 2146 duas
823 2085 926 2146 metas
943 2087 1066 2146 terreas
1091 2102 1190 2146 novas
1206 2081 1246 2145 de

109 2186 234 2268 quibus
251 2187 343 2252 iuxta
360 2188 495 2253 eandem
520 2195 641 2255 terram
667 2188 897 2256 Rubenteluke
922 2189 1012 2254 vadit
1027 2210 1138 2254 versus
1154 2191 1248 2253 meri-

108 2293 197 2359 diem
216 2301 254 2359 et
269 2297 415 2379 pervenit
430 2295 472 2360 ad
488 2295 569 2361 duas
585 2303 690 2362 metas
707 2302 830 2362 terreas
841 2318 946 2379 noves,
957 2303 990 2362 et
1004 2297 1248 2362 abhinc'versus

108 2403 319 2470 occidentem
335 2405 482 2488 pervenit
507 2403 550 2469 ad
566 2405 650 2496 viam
666 2425 906 2488 magnamque
931 2407 1018 2470 veuit
1044 2405 1083 2470 de
1108 2405 1249 2488 Ikyruar

107 2514 205 2578 iuxta
224 2533 325 2596 quam
341 2520 417 2577 suut
433 2511 495 2577 due
510 2519 595 2578 mete
612 2519 716 2578 161166
743 2519 777 2579 61
793 2535 889 2596 super
914 2511 1049 2578 eandem
1072 2513 1157 2576 viam
1182 2534 1248 2578 ma·

114 2643 218 2705 gnam
238 2620 400 2686 modicum
417 2621 642 2716 adlmeridiem
658 2622 792 2686 tendens
809 2622 954 2704 pervenit
978 2620 1020 2684 ad
1042 2620 1122 2686 duas
1147 2626 1250 2699 metas

110 2738 245 2796 terreas
264 2730 325 2795 sub
341 2731 440 2814 spinis
471 2731 595 2814 positas
612 2731 651 2795 de
669 2731 786 2814 quibus
802 2751 912 2796 versus
928 2728 1247 2809 occidentemourrit

108 2839 151 2902 ad
178 2838 363 2921 virgultum
388 2845 421 2903 et
445 2821 602 2922 iungitur¹
618 2838 743 2905 duabus
768 2839 863 2903 metis
885 2837 1000 2902 terreis
1024 2837 1059 2900 iu
1072 2836 1243 2916 ¹vicinitate

108 2947 199 3038 dicte
235 2952 323 3012 terre
337 2946 487 3030 Ruohka‚
504 2954 538 3014 et
564 2946 679 3026 deinde
711 2968 822 3012 versus
838 2946 1024 3030 aquilonem
1048 2944 1246 3010 transeundo

107 3056 192 3122 duas
209 3061 318 3120 metas
335 3037 437 3120 currit
453 3055 545 3133 iuxta
559 3056 663 3138 ipsam
678 3062 801 3120 terram
826 3053 967 3120 Ruohka
992 3053 1033 3118 ad
1059 3058 1126 3117 tres
1142 3058 1247 3115 metas

107 3143 292 3247 dequibus
308 3186 418 3228 versus
434 3163 708 3247 eandempartem
726 3163 870 3229 saliendo
896 3183 1048 3244 magnam
1075 3161 1160 3225 viam
1186 3179 1248 3242 que

106 3275 199 3338 venit
217 3272 262 3337 (16
278 3271 443 3356 Megehyd
459 3273 606 3356 pervenit
622 3273 801 3337 admotam
817 3272 1021 3355 capitaneum
1048 3270 1114 3334 eive
1130 3268 1248 3352 prinoi-

105 3383 220 3466 palem
251 3381 359 3464 ibique
375 3382 600 3446 terminantur.
617 3381 743 3445 Datum
760 3378 901 3444 secunda
916 3377 999 3442 feria
1015 3377 1164 3464 proxima
1175 3381 1249 3462 post

106 3491 312 3558 dominicum
329 3489 558 3574 Reminisoere‚
575 3511 659 3556 enno
677 3490 799 3556 domini
824 3488 1002 3553 Millesimo
1029 3485 1131 3552 000⁰
1156 3483 1248 3570 XX?

105 3605 241 3668 octavo.

132 3835 133 3838 Ἴ
219 3767 244 3815 Ι.
258 3765 365 3829 Kiroly
378 3765 468 3827 kirtly
481 3769 556 3814 1328.
571 3763 643 3828 april
659 3761 722 3812 916
732 3759 925 3826 jelesalskban
935 3757 1071 3808 kiallltott
1081 3753 1248 3820 megerosltb

105 3857 274 3918 (11116111δό1,
288 3857 415 3920 melynek
429 3856 560 3920 eredetija
572 3869 689 3920 megvan
702 3869 734 3903 az
752 3867 820 3901 orsu.
842 3851 895 3900 lu'u
914 3849 1012 3900 kinost.
1026 3851 1092 3898 oszt
1106 3846 1185 3896 Paul.
1198 3845 1241 3895 Sa.

104 3947 199 4010 Peter,
212 3953 238 3998 5.
254 3953 278 3996 1.
289 3947 354 4010 dipl.
368 3947 439 3996 ltir:
454 3949 531 3995 2187.
547 3945 627 3994 Κό111
638 3960 643 3992 :
655 3943 757 3994 Vineae
770 3943 870 3994 (libor.
