3112 5466
333 406 398 468 224
692 420 880 484 nuiouuom
898 407 1114 466 cimilui'n'in.

332 589 425 666 parte
443 581 586 648 eiusdem
603 587 679 646 sunt
694 581 757 645 due
773 587 859 644 mete
886 582 920 646 in
937 580 999 646 fine
1025 589 1111 645 terre
1138 581 1213 645 ville
1237 579 1327 645 Pala
1348 579 1397 646 nbi
1415 591 1438 646 et

333 712 444 755 cursus
471 688 657 754 eurumdem
683 689 896 768 terminatun3
922 689 1031 754 omnia
1055 711 1176 772 pascua
1201 709 1350 772 pecorum
1371 689 1441 754 ultra

331 799 514 883 predictum
531 795 664 861 fluvium
688 796 769 860 Beel
795 797 971 862 existencia
1000 798 1214 862 communiter
1238 796 1441 881 possidebunt;

332 913 481 992 preterea
498 906 673 972 secundom
689 909 924 992 possessionem
939 907 1086 991 ipsormn
1096 905 1163 972 Zaa
1179 905 1360 971 mistionem
1375 907 1442 971 sini-

332 1019 408 1083 liter
424 1019 458 1081 in
473 1021 539 1080 tres
557 1021 666 1099 partes
682 1016 828 1082 divisisse
845 1037 917 1081 cum
934 1017 999 1081 suis
1015 1015 1214 1082 utilitatibus
1227 1014 1440 1081 affirmaiunt..

333 1126 458 1191 Datum
474 1125 508 1187 in
524 1122 607 1188 festo
624 1122 779 1190 Omnium
803 1123 1008 1208 Sanctorum,
1034 1147 1119 1191 anno
1145 1124 1267 1191 domini
1290 1123 1442 1189 Millesimo

333 1235 561 1300 trecentesimo
581 1233 734 1317 vigesimo
751 1234 873 1318 quinto.

445 1417 466 1466 I.
480 1415 591 1480 Mdtyts
604 1414 753 1478 kirslynak
777 1415 913 1464 1473·bsn
927 1429 990 1466 nov.
1006 1414 1085 1464 then
1104 1417 1176 1466 Zasz
1198 1414 1324 1466 birtokot
1342 1414 1445 1478 illetoleg

336 1505 527 1569 Nagy-ansei
549 1505 642 1555 Orbnn
655 1505 819 1570 esztergomi
832 1503 945 1570 prepost
967 1505 994 1554 es
1018 1505 1146 1555 testvdrei
1169 1504 1322 1555 erdekeben
1343 1520 1358 1553 a
1377 1504 1445 1554 budsi

336 1595 523 1659 kaptalanhcz
537 1595 655 1644 inttzett
671 1595 763 1645 iktato
786 1595 976 1660 pascuostbffi,
1000 1595 1129 1660 melynok
1150 1593 1284 1658 credetije
1306 1608 1445 1657 mcgvansz

336 1701 405 1735 orsa.
420 1687 475 1735 ltai·
487 1685 587 1735 kinost.
602 1689 668 1736 oszt.
683 1687 715 1736 N.
730 1686 762 1736 R.
776 1686 810 1736 A.
831 1689 907 1738 1655.
925 1691 964 1737 17.
990 1687 1057 1751 dipl.
1071 1687 1142 1738 lsai:
1166 1689 1244 1734 2326.
1268 1685 1361 1734 Kczli:
1382 1685 1446 1746 Nngy

337 1774 435 1840 Gyula.

823 1940 981 1948 m...—

869 2175 943 2236 204.

341 2355 436 2418 1325.
461 2355 627 2439 Visepiu'd,
645 2379 713 2419 izos.
732 2357 761 2419 6.
788 2355 815 2419 I.
843 2356 969 2440 Kduoly
996 2356 1157 2439 Pescepni
1175 2355 1357 2437 Ordciofiu't
1379 2352 1453 2416 Mil·-

342 2461 402 2524 lo's!
420 2461 569 2524 Loletelel·
588 2473 666 2527 neon
692 2463 840 2527 Szcdolcs
856 2465 1041 2548 cdrmepyea‘
1063 2463 1208 2527 dirlokda
1225 2486 1246 2524 o
1264 2460 1453 2548 nappe-druell

664 2569 823 2654 lciplclca
840 2571 922 2634 c'ltcl
939 2571 1149 2654 deilctuttctja.

447 2747 593 2812 Karalus
606 2798 617 2838 .·
635 2798 641 2814 .
658 2769 714 2812 rex
731 2799 738 2812 .
757 2799 764 2812 .
781 2749 924 2832 capitulo
941 2748 1074 2812 ecclesie
1101 2745 1326 2812 Waradiensis
1341 2796 1347 2810 .
1364 2795 1371 2810 .
1385 2743 1452 2808 dicit

340 2856 433 2921 nobis
451 2877 556 2920 comes
572 2855 728 2921 Nicolaus
746 2855 831 2921 filins
848 2855 1003 2924 Vrbanus
1020 2855 1060 2920 de
1076 2856 1227 2940 Perueyn
1252 2855 1339 2939 quod
1354 2855 1415 2937 ipse
1430 2853 1455 2913 in

340 2965 514 3029 dominium
543 2964 709 3029 cniusdam
742 2966 949 3048 possessionis
975 2986 1032 3028 sue
1059 2965 1213 3030 emcionis
1244 2965 1340 3030 titulo
1365 2963 1456 3046 ipsum

343 3074 580 3155 contingentem
598 3071 681 3160 (igy)
697 3073 847 3137 videlicet
862 3073 1024 3138 Lcltelek
1050 3095 1124 3138 cum
1149 3074 1220 3138 loco
1247 3073 1343 3138 castri
1368 3071 1458 3134 euius

344 3181 418 3245 (leun
434 3203 473 3245 ac
489 3183 620 3264 piscinis
637 3183 848 3265 quarumdam
864 3179 947 3268 (igy)
964 3183 996 3246 in
1013 3183 1170 3248 comitatu
1195 3183 1235 3246 de
1261 3180 1389 3246 Zaboch
1405 3177 1460 3242 exi·

345 3294 450 3352 stente
467 3287 550 3376 (igy)
567 3291 710 3373 legitime
728 3291 824 3355 vellet
840 3291 975 3356 introire
992 3341 999 3355 .
1016 3341 1022 3356 .
1040 3312 1140 3375 quare
1157 3290 1306 3356 fidelitati
1322 3293 1461 3352 vestre..

344 3397 534 3463 mandamus
551 3404 710 3482 quatenus
727 3404 869 3464 vestrum
885 3401 1024 3465 mittatis
1039 3399 1201 3464 hominem
1217 3421 1276 3483 pro
1292 3393 1461 3462 testimonio

344 3505 543 3588 fidedignum
575 3529 638 3590 quo
654 3513 804 3590 presente
819 3506 941 3572 Petrus
957 3507 1043 3572 filius
1059 3507 1231 3572 Benedicti
1246 3507 1341 3572 homo
1364 3509 1462 3568 noster

344 3614 386 3678 ad
402 3613 518 3679 faciem
534 3615 678 3698 predicte
695 3617 903 3699 possessionis
919 3615 1099 3682 Lokteleke
1115 3621 1228 3682 vocate
1244 3665 1251 3679 .
1269 3665 1276 3680 .
1293 3609 1462 3680 {accedendo

345 3723 531 3786 introducat
546 3724 652 3806 ipsum
669 3725 819 3788 comitem
835 3723 1008 3789 Nicolaum
1034 3726 1066 3788 in
1093 3723 1271 3788 dominium
1287 3721 1388 3804 ipsius
1402 3739 1465 3803 pos-

347 3829 497 3894 sessionis
515 3835 547 3893 et
567 3835 692 3896 statuat
716 3831 820 3914 ipsam
845 3830 962 3896 sibico
989 3831 1058 3894 inre
1085 3852 1149 3913 quo
1176 3829 1279 3894 eidem
1296 3827 1465 3892 dinoscitur

346 3937 509 4020 pertinere
520 3944 676 4021 perpetuo
688 3938 914 4022 possidendam
931 3989 937 4003 .
955 3989 961 4004 .
978 3939 1102 4003 Datum
1115 3938 1146 4001 in
1156 3935 1349 4022 Wysegrad,
1361 3941 1466 4019 quarta

346 4044 427 4109 feria
444 4046 592 4128 proxima
608 4053 681 4128 post
708 4046 824 4112 festum
846 4043 997 4110 Omnium
1017 4044 1219 4126 Sanctorum,
1246 4065 1330 4109 anno
1356 4041 1468 4108 domini

348 4149 402 4214 M⁰
418 4149 518 4216 0000
534 4151 626 4216 XX⁰
645 4154 767 4236 quinto

456 4315 481 4363 A
494 4315 587 4365 varali
601 4316 789 4380 kaptalanusk
807 4320 883 4366 1225.
898 4316 955 4366 dee.
971 4315 1033 4366 ten
1055 4317 1114 4367 kelt
1131 4315 1327 4380 jelenttsebdl;
1348 4317 1366 4366 1.
1389 4314 1471 4363 alobb.
