3154 5474
312 467 375 529 566
670 471 859 524 auvousosu
878 459 1095 521 onuluvrls.

311 649 376 710 tem
393 642 560 709 descendit
577 642 618 708 ad
634 639 743 707 vineas
759 639 793 704 in
821 658 902 722 quas
918 637 1026 704 vineas
1043 637 1195 722 gradiens
1211 637 1351 704 metatim
1364 657 1438 722 per-

311 752 399 818 venit
423 751 466 816 ad
490 755 593 817 metas
619 754 741 816 terreas
766 747 917 831 antiquas
942 746 976 812 in
1002 745 1084 831 pede
1101 746 1268 813 cruusdam
1282 747 1366 812 vinee
1381 743 1440 810 uhi

313 860 475 925 vicinatur
491 881 564 925 cum
580 863 669 924 terra
685 853 827 923 filiorum
842 853 1007 921 Dominici
1024 853 1063 920 de
1079 855 1173 941 Elya,
1190 853 1232 920 ab
1248 853 1322 920 inde
1335 852 1441 920 tendit

314 967 456 1054 palisper
472 971 630 1053 quantum
645 966 785 1032 iactatus
802 968 851 1030 est
865 962 983 1048 lapidis
1000 963 1144 1048 pervenit
1159 964 1280 1029 iterato
1290 963 1439 1028 admotas

314 1083 435 1142 terreas
452 1075 561 1142 deficit
584 1074 732 1141 vicinitas
756 1078 843 1139 terre
868 1071 1009 1138 filiorum
1025 1070 1190 1138 Dominici
1214 1071 1441 1158 predictorum,

316 1183 430 1250 deinde
447 1183 714 1269 declinatparum
730 1181 770 1248 ad
787 1181 985 1247 occidentem
1001 1183 1034 1246 et
1049 1181 1167 1246 iterato
1183 1180 1227 1246 ad
1242 1179 1442 1264 septemtrio·

314 1313 389 1358 nem
412 1292 559 1357 metatim
584 1311 643 1376 per
668 1289 816 1356 semitam
840 1289 925 1353 inter
950 1287 1059 1354 vineas
1075 1288 1162 1354 cadit
1177 1288 1218 1354 ad
1241 1289 1323 1352 viam
1338 1291 1369 1352 et
1383 1306 1443 1371 per

317 1401 420 1486 ipsam
450 1400 533 1465 viam
567 1398 853 1465 ascendititerato
879 1397 1103 1463 adorientem
1133 1397 1224 1463 iuxta
1249 1397 1444 1462 vicinitatem

317 1515 402 1574 terre
419 1505 531 1575 Sudoh
556 1508 620 1574 iam
645 1503 812 1574 deficiente
829 1508 861 1570 et
876 1504 1011 1591 incipiet
1026 1509 1135 1570 tenere
1151 1511 1255 1572 metas
1272 1527 1343 1570 cunr
1359 1509 1445 1570 terra

318 1615 436 1703 Thoty‚
462 1621 494 1682 et
522 1616 640 1683 abhinc
656 1615 798 1682 declinat
822 1613 864 1679 ad
890 1615 1152 1698 septemtrionem
1179 1619 1212 1680 et
1237 1613 1445 1699 pervenitad

318 1729 418 1791 metas
434 1729 556 1791 terreas
575 1725 660 1790 circa
675 1724 823 1790 arborem
834 1723 1105 1808 crucesignatum,
1122 1722 1238 1788 deinde
1256 1722 1297 1787 ad
1313 1719 1446 1788 eandem

318 1837 443 1918 partem
460 1832 666 1919 protenditur
682 1839 715 1898 et
730 1830 871 1896 declinat
886 1851 1000 1916 parum
1017 1831 1226 1898 adorientem
1242 1829 1446 1912 ascenditque

319 1941 360 2007 ad
394 1941 571 2026 virgultum
597 1942 639 2008 ad
664 1961 764 2007 unum
794 1939 892 2005 berch
919 1945 951 2005 et
974 1941 1120 2006 metatim
1145 1940 1233 2006 vadit
1260 1939 1383 2005 directe
1406 1937 1446 2004 ad

319 2050 582 2134 septemtrionem
606 2071 666 2136 per
696 2069 831 2133 magnas
863 2049 994 2115 arbores
1023 2049 1148 2114 silicum
1174 2053 1208 2114 et
1232 2047 1378 2133 pervenit
1407 2045 1447 2111 ad

319 2157 503 2244 Mogosmal
519 2159 560 2226 ad
576 2163 643 2226 tres
658 2162 761 2225 metas
777 2159 928 2244 antiquas
944 2161 976 2224 et
991 2159 1200 2245 quamplures
1216 2157 1349 2224 arbores
1364 2157 1447 2241 piro·

320 2289 401 2349 rum,
426 2266 591 2333 descendit
606 2265 646 2332 de
671 2265 854 2349 Mogosmal
877 2265 919 2344 ad
934 2266 1091 2332 orientem
1107 2267 1163 2332 ubi
1179 2265 1288 2332 deficit
1303 2265 1448 2331 vicinitas

321 2383 407 2442 terre
424 2375 533 2462 Thoty
549 2381 581 2440 et
606 2375 767 2441 vicinatur
782 2375 901 2440 iterato
927 2395 1000 2440 oum
1016 2380 1106 2440 terra
1121 2375 1279 2441 nobilium
1295 2375 1335 2440 de
1351 2371 1449 2459 Gyug

321 2485 359 2550 de
384 2484 530 2570 velleque
555 2485 700 2550 ascendit
716 2484 758 2550 ad
773 2487 915 2550 montem
934 2483 976 2548 ad
991 2483 1091 2549 berch
1106 2490 1139 2549 et
1154 2504 1213 2567 per
1231 2485 1335 2568 ipsum
1349 2482 1449 2549 berch

321 2593 468 2678 pervenit
503 2591 545 2658 ad
579 2593 722 2678 priorem
754 2591 1031 2677 principalemque
1065 2595 1192 2676 metam,
1225 2601 1256 2658 et
1289 2592 1334 2657 sic
1367 2599 1451 2656 mete

322 2707 355 2766 et
386 2699 612 2767 distincciones
643 2691 877 2785 possessionum
910 2701 1080 2767 dumtaxat
1113 2701 1246 2786 Topsun
1285 2701 1451 2768 Terebezd

324 2807 447 2894 Sythlre
464 2808 558 2876 Zcob
574 2816 606 2875 et
621 2809 757 2875 Benneh
772 2809 1004 2892 terminantur3
1019 2810 1096 2876 item
1113 2813 1188 2896 quia
1203 2813 1264 2878 iste
1279 2812 1453 2897 possessio-

322 2939 378 2984 nes
403 2917 511 2984 Berke
527 2917 613 2984 Pata
637 2924 669 2984 et
685 2917 822 3002 Esgrem
838 2919 982 3004 antiquis
999 2920 1092 2984 metis
1120 2920 1364 2986 evidentissimis
1390 2921 1453 2986 eir

324 3027 469 3092 cumdari
486 3033 518 3093 et
541 3028 613 3094 aliis
632 3026 886 3113 possessionibus
912 3028 1090 3094 vicinorum
1107 3033 1139 3095 et
1155 3033 1450 3096 commetaneorum

324 3135 622 3202 circumiacencium
632 3137 699 3202 sine
709 3136 775 3203 ullo
786 3137 963 3220 preiudicio
975 3145 1007 3203 et
1019 3138 1170 3223 aliqualis
1181 3139 1453 3206 contradiccionis

324 3243 491 3310 obstaculo
507 3245 649 3328 separari
659 3244 851 3311 videbantur
869 3249 901 3311 et
912 3247 1077 3330 distingui,
1087 3247 1210 3315 idcirco
1220 3253 1322 3316 metae
1339 3269 1454 3314 earum

325 3357 357 3417 st
372 3352 585 3418 limitaciones
603 3354 793 3419 nominatim
819 3353 937 3420 habere
953 3377 1017 3420 non
1035 3359 1202 3422 curassent
1222 3357 1278 3423 sed
1293 3378 1351 3442 per
1367 3359 1455 3442 ipsas

324 3465 426 3526 metas
451 3460 620 3526 circuendo
652 3461 910 3528 reambulassent
941 3463 1222 3548 reambulatasque
1252 3465 1456 3549 presentibus

325 3568 435 3635 vicinis
452 3575 483 3635 et
499 3571 728 3636 commetaneis
754 3592 865 3636 earum
890 3571 1038 3638 omnibus
1062 3574 1337 3640 consencientibus
1352 3579 1384 3639 et
1401 3573 1456 3639 sd·

325 3678 528 3745 mittentibus
543 3678 698 3763 nulloque
715 3678 953 3746 contradictore
969 3687 1147 3765 apparente
1173 3681 1270 3748 simul
1295 3703 1366 3748 cum
1383 3682 1455 3748 aliis

325 3786 578 3874 possessionibus
594 3788 743 3872 superius
760 3789 936 3855 nominatis
953 3811 1091 3874 quarum
1114 3792 1352 3876 posscssionum
1367 3795 1455 3858 mete

324 3901 358 3962 et
378 3895 592 3962 limitationes
618 3897 809 3962 nominatim
834 3898 982 3982 superius
1008 3903 1083 3964 sunt
1100 3948 1130 3964 ..
1163 3897 1334 3982 declarate,
1350 3899 1455 3966 eidem

324 4005 454 4071 domino
471 4003 596 4070 Thome
612 4005 766 4090 vvoyuode
782 4007 872 4072 iuxta
886 4013 1032 4072 tenorem
1041 4009 1228 4074 litterarum
1243 4009 1343 4094 ipsius
1358 4009 1456 4074 comi·

323 4113 365 4179 tis
382 4111 478 4179 Pauli
495 4113 682 4179 statuissent
707 4119 864 4199 perpetuo
884 4113 1103 4199 possidendas.
1119 4114 1245 4182 Datum
1262 4114 1341 4182 feria
1356 4115 1456 4180 tercie

322 4223 469 4309 proxima
486 4227 560 4307 post
576 4225 703 4288 octavas
720 4221 796 4289 sesti
811 4222 901 4289 beati
916 4222 1089 4290 Michaelis
1106 4225 1294 4309 archangeli
1309 4225 1456 4311 proxime

325 4332 506 4418 preteritas,
522 4351 606 4397 anno
623 4329 743 4397 domini
759 4329 813 4396 Μ0
830 4327 930 4398 000ο
945 4329 1076 4399 XXX⁰
1091 4333 1204 4418 primo.

439 4495 463 4545 Δ
489 4494 574 4545 budai
601 4495 791 4559 kdptalannsk
816 4499 892 4548 1847.
915 4497 975 4564 J'un.
1002 4497 1202 4548 21·tnTamas
1227 4498 1309 4565 vajda
1332 4497 1458 4550 ktratstre

326 4584 463 4636 kiallltott
475 4585 634 4652 atiratabdl,
647 4587 776 4652 melyneh
796 4587 926 4653 eredetije
938 4601 1055 4654 megven
1067 4603 1100 4638 aa
1113 4603 1182 4640 orsa.
1201 4589 1257 4640 ltar
1276 4590 1375 4642 kincst
1390 4595 1457 4642 ossa

327 4675 361 4726 N.
383 4675 416 4728 R.
430 4675 463 4728 A.
478 4678 538 4728 897.
565 4679 607 4728 29.
627 4675 694 4741 dipl.
709 4675 780 4728 lter:
795 4678 986 4730 adauxerit:
1001 4679 1109 4731 Koraos
1121 4677 1154 4730 N.

813 4797 973 4814 nnn—han-
