3154 5474
574 484 669 545 1330.
689 499 759 545 ocr.
777 485 805 544 6.

641 877 717 940 439.

107 1041 207 1105 1330.
225 1049 282 1104 oct.
301 1041 332 1103 6.
366 1037 396 1104 A
420 1041 611 1104 szent-ernti
626 1039 788 1124 ledptalaa
804 1039 877 1104 etto
895 1039 1037 1124 Petfiai
1053 1043 1181 1128 Mihdly
1205 1045 1238 1107 c's

110 1150 255 1228 Marion,
272 1157 373 1212 osezis
386 1147 579 1231 fdumuradt
595 1147 794 1213 birtolcoilcat
824 1148 940 1213 Tameia
956 1149 1053 1232 fictra
1084 1149 1240 1216 Theatra

318 1257 454 1320 azere'mi
469 1279 607 1320 cremasse
624 1255 815 1341 drdkjoppal
832 1257 1040 1320 dtruldzzdk.

220 1413 411 1499 Capitulum
427 1415 562 1481 ecclesie
577 1413 665 1481 beati
682 1415 785 1480 Irinei
801 1415 945 1480 martiris
961 1465 968 1482 .
985 1465 992 1480 .
1008 1415 1052 1480 ad
1077 1418 1239 1484 universo-

109 1543 186 1586 rum
201 1523 357 1588 noticiam
374 1573 380 1588 .
397 1573 404 1588 .
421 1523 568 1616 volumus
583 1523 760 1607 pervenire,
778 1521 866 1606 quod
890 1521 1036 1590 Michael
1062 1530 1096 1589 et
1120 1524 1238 1592 Marti-

109 1652 174 1694 nus
198 1631 348 1714 magistri
373 1629 432 1696 filii
456 1631 556 1696 Pauli
582 1629 641 1695 filii
666 1619 854 1727 Alexandri
874 1652 934 1716 pro
960 1652 993 1696 se
1017 1632 1095 1716 ipsis
1121 1640 1154 1699 ct
1178 1655 1240 1718 ‚pro

109 1737 286 1804 Dominico
302 1736 369 1804 filio
393 1737 560 1805 Dominici
585 1737 689 1804 fratre
713 1740 858 1824 ipsorum
883 1738 925 1804 ab
942 1761 1008 1805 una
1038 1745 1140 1825 parta,
1163 1741 1242 1808 item

105 1847 266 1928 magister
296 1845 411 1913 Thone
426 1845 511 1911 filius
544 1845 670 1912 Thome
702 1847 821 1913 nobilis
848 1846 887 1912 de
914 1843 1045 1912 Sirimia
1071 1870 1111 1913 ex
1137 1849 1243 1914 altera

107 1975 219 2020 coram
236 1954 328 2021 nohis
344 1956 560 2040 personaliter
576 1957 744 2022 constituti
760 1978 819 2040 per
844 1957 975 2023 eosdem
990 1955 1186 2024 Michaelem
1204 1965 1238 2024 et

108 2060 295 2129 Martinam
313 2115 320 2130 .
336 2115 344 2131 .
361 2066 471 2131 extitit
485 2065 690 2149 propositum
706 2064 794 2148 quod
809 2065 887 2149 quia
918 2065 1030 2131 ordine
1056 2067 1135 2132 iuris
1151 2065 1239 2132 dicto

108 2172 270 2254 magistro
287 2172 402 2238 Thone
417 2195 476 2258 pro
493 2179 614 2259 quarta
629 2177 723 2258 parte
740 2174 869 2239 domine
886 2174 1001 2240 matris
1033 2195 1090 2240 sue
1116 2175 1156 2240 de
1173 2197 1245 2259 pos-

109 2282 308 2348 sessionibus
334 2283 520 2350 eorumdem
553 2283 739 2349 satisfacere
769 2283 965 2350 tenebantur
993 2291 1025 2350 et
1041 2286 1119 2368 quia
1142 2287 1245 2352 eciam

108 2387 301 2455 Dominicus
317 2391 421 2456 maior
430 2390 533 2456 frater
542 2392 687 2476 ipsorum
697 2391 731 2456 in
741 2391 876 2457 servicio
894 2392 1018 2458 domini
1033 2394 1118 2476 regis
1130 2398 1244 2460 contra

108 2498 302 2581 cysmaticos
331 2498 507 2582 pugnando
534 2520 591 2564 seu
616 2500 787 2566 militando
805 2551 812 2566 .
829 2550 836 2566 .
853 2506 1001 2566 mortuus
1026 2501 1186 2567 extitisset
1210 2506 1243 2566 et

110 2605 172 2688 ipsi
189 2612 326 2690 propter
341 2607 484 2700 inopiam
500 2657 507 2672 .
524 2657 531 2672 .
547 2607 764 2691 possessiones
780 2609 924 2692 ipsorum
940 2609 974 2673 in
991 2606 1124 2674 Sirimia
1140 2609 1243 2674 conti·

107 2719 223 2780 nentes
240 2719 274 2778 et
288 2714 474 2798 ubicunque
490 2715 523 2780 in
539 2713 714 2798 Hungaria
729 2715 887 2781 habentes
911 2715 999 2782 bono
1016 2715 1111 2781 modo
1129 2737 1241 2800 regere

108 2842 174 2887 non
190 2823 383 2906 potuissent,
400 2828 468 2888 tam
484 2845 544 2907 pro
561 2823 649 2890 dicta
665 2829 784 2909 quarta
800 2831 892 2908 parte
909 2830 978 2890 tam
993 2847 1053 2909 pro
1068 2825 1155 2892 linea
1166 2847 1239 2891 con·

109 2931 339 3014 sanguinitatis
355 2931 479 2997 dictum
495 2933 686 3016 magistrum
713 2932 827 2999 Thone
852 2932 972 2999 eisdem
996 2935 1030 3000 in
1054 2932 1190 2999 fratrem
1207 2941 1240 3000 et

109 3045 253 3105 tutorem
270 3059 327 3104 seu
343 3045 588 3124 procuratorem
603 3041 802 3124 recepissent
818 3047 852 3106 et
867 3041 901 3106 in
917 3041 1171 3125 possessionibus
1188 3063 1239 3108 eo-

107 3147 247 3212 rundem
263 3153 423 3232 quantum
438 3171 521 3214 unus
538 3147 578 3212 de
594 3147 715 3214 eisdem
730 3149 877 3241 possidet
893 3154 1022 3214 tantum
1054 3148 1158 3214 eidem
1175 3171 1241 3214 ma-

109 3256 214 3338 gistro
231 3253 345 3320 Thone
361 3255 527 3322 dedissent
543 3257 614 3321 iure
636 3261 793 3342 perpetuo
809 3257 1022 3341 possidendas
1039 3307 1046 3322 .
1063 3308 1070 3322 .
1088 3258 1114 3323 J
1115 3258 1242 3322 ohanne

108 3363 287 3446 preposito,
303 3361 473 3429 Demetrio
490 3368 630 3446 cantore,
646 3363 737 3428 Iwan
753 3364 897 3449 custode,
914 3365 1096 3448 ceterisque
1112 3366 1243 3432 canoni-

110 3472 154 3536 cis
185 3472 222 3536 in
255 3471 393 3538 ecclesia
424 3472 476 3538 dei
508 3471 776 3538 ministrantibus.
808 3471 934 3539 Datum
965 3474 999 3538 in
1016 3475 1137 3540 octavis
1153 3475 1242 3540 beati

107 3577 283 3645 Michaelis
299 3579 497 3664 archangeli,
513 3601 596 3646 anno
613 3579 735 3646 domini
751 3579 809 3645 Μ0
825 3579 928 3648 0000
943 3581 1115 3648 tricesimo.

219 3743 317 3808 Fiiggd
330 3743 462 3807 pecstttel
474 3757 487 3792 s
500 3743 569 3794 leldl
581 3745 861 3808 cyrographumrna13
874 3745 1006 3810 eredetije
1019 3759 1036 3795 a
1049 3747 1075 3794 b.
1090 3743 1186 3809 Revay
1196 3757 1233 3794 cs.

109 3834 183 3894 lban,
201 3831 330 3896 ›Rtvay‹
345 3835 410 3886 lese.
424 3835 449 3884 Ι.
463 3837 506 3886 21.
