3112 5466
554 473 731 535 1325.Jo1„
752 475 799 534 lo.
861 530 864 538 ,
1178 477 1236 536 eol

112 652 211 730 parte,
228 649 308 712 item
324 647 416 712 Mese
434 650 574 714 seruiens
600 651 725 716 comitis
750 650 879 716 Mathie
904 651 943 715 de
968 651 1157 734 Elephantb
1187 675 1241 718 no-

113 757 192 821 mine
211 761 247 820 et
261 755 334 822 looo
351 756 494 822 eiusdem
510 757 631 823 domini
648 760 697 823 sui
712 759 754 824 ab
771 759 883 842 altera,
903 759 989 825 idem
1006 781 1111 825 comes
1127 761 1242 826 Kenez

114 870 158 928 est
172 863 342 930 consessus
356 865 429 930 viva
444 885 529 948 voee,
546 865 631 948 quod
648 867 716 949 ipse
732 871 836 931 metas
861 871 985 932 veteres
1010 888 1066 932 seu
1091 871 1242 952 antiquas

113 973 193 1038 inter
210 973 448 1057 possessionem
464 993 556 1037 suam
582 971 708 1038 Geezth
727 980 882 1039 ,vocatam
898 979 931 1039 et
946 975 1075 1060 Moytih
1092 978 1244 1061 possessi-

114 1103 203 1145 onem
232 1081 313 1146 dioti
335 1082 461 1146 comitis
476 1079 604 1146 Mathis
621 1081 663 1146 ab
685 1081 763 1146 olim
789 1088 913 1148 erectas
939 1091 972 1148 et
998 1083 1121 1150 locatas
1146 1089 1246 1168 prout

114 1195 185 1252 sunt
201 1185 341 1274 (erecte)
358 1194 391 1253 et
406 1189 511 1254 locate
526 1190 671 1273 permisit
689 1190 774 1254 inter
791 1211 844 1255 eos
864 1197 950 1255 stare
975 1209 1032 1256 seu
1055 1213 1244 1276 permanere

114 1297 295 1361 liberaliter
312 1303 344 1362 et
359 1297 507 1382 libenter,
533 1297 750 1380 promittendo
777 1298 865 1382 quod
885 1299 990 1382 ipsum
1007 1300 1156 1366 connitem
1171 1299 1244 1365 Ma-

114 1405 215 1470 thiam
234 1405 274 1470 de
293 1412 400 1471 cetero
416 1428 476 1471 neo
491 1407 592 1490 ipsius
608 1407 834 1490 posteritatem
851 1429 947 1491 super
963 1408 1126 1473 loeaoione
1143 1408 1245 1474 diota-

114 1535 181 1578 mm
208 1520 372 1579 metarum
397 1515 498 1598 possit
524 1519 581 1580 aut
605 1515 713 1580 valeat
738 1515 836 1580 verbo
862 1537 918 1580 seu
944 1536 1039 1598 opere
1056 1517 1246 1603 molestare;

113 1624 188 1686 item
216 1623 383 1705 quandam
407 1623 602 1707 particulam
628 1629 801 1708 terreque
830 1625 993 1708 quondam
1019 1624 1157 1709 Lyunrh
1184 1624 1243 1690 filii

114 1729 282 1796 Aehaleus
298 1731 394 1796 luisse
409 1731 599 1815 perhibetur
614 1733 770 1815 incipiens
786 1755 806 1797 a
822 1733 1016 1816 quibusdam
1030 1732 1134 1798 tribus
1144 1735 1246 1814 matie,

115 1861 174 1922 qne
190 1842 226 1904 in
246 1841 385 1922 quodam
411 1841 506 1904 ilumo
533 1841 642 1906 salicis
667 1840 870 1905 collocantur
895 1841 1017 1906 directe
1042 1841 1245 1924 procedendo

113 1969 223 2012 versus
235 1947 399 2029 quandam
409 1949 641 2030 possessionem
651 1946 746 2012 Neek
760 1970 817 2032 per
827 1955 930 2014 metas
941 1949 1019 2015 inibi
1030 1949 1108 2014 sitas
1119 1955 1151 2013 et
1162 1950 1246 2014 loca-

115 2061 193 2120 tasa
205 2063 303 2138 parte
315 2057 388 2120 ville
405 2055 534 2139 Moptib
551 2079 623 2120 oum
639 2058 704 2122 snio
721 2057 918 2122 utilitatibus
935 2057 1058 2123 dimisit
1069 2057 1245 2140 etreliquit

114 2185 222 2228 eoram
240 2164 334 2229 nobis
351 2165 454 2230 eidem
471 2165 581 2230 comiti
607 2165 736 2230 Mathie
761 2164 988 2249 possidendam
1005 2173 1037 2231 et
1053 2165 1245 2232 habendam.

114 2269 239 2336 Datum
256 2272 393 2337 sabbato
409 2273 554 2356 proximo
571 2278 647 2338 ante
663 2272 781 2338 festum
797 2273 893 2338 beate
918 2273 1132 2358 Margarothe
1148 2275 1243 2357 virgi-

115 2381 170 2463 nio,
187 2402 277 2446 anno
293 2381 412 2446 domini
430 2381 483 2445 Μο
500 2379 601 2446 0000
618 2381 709 2446 XX⁰
726 2383 848 2466 quinto.

221 2561 248 2610 A
269 2562 372 2625 nyitrai
394 2562 585 2626 kaptalannak
611 2566 688 2613 1344.
709 2562 805 2626 junius
830 2563 914 2612 ro-iki
937 2561 1093 2624 a'tiratabbl,
1115 2563 1243 2626 melynek

115 2651 246 2716 eredetije
271 2665 389 2716 megvan
416 2666 448 2700 aa
476 2667 545 2703 orsz.
574 2651 629 2701 ltir
646 2652 745 2703 kinost.
766 2655 833 2703 erut.
852 2653 885 2703 N.
908 2653 941 2702 R.
964 2652 996 2702 A.
1019 2657 1096 2702 1671.
1117 2656 1159 2701 68.
1179 2651 1246 2716 dipl.

114 2741 185 2790 lter:
200 2743 283 2790 2305.
297 2740 389 2790 szli:
410 2741 513 2792 Vineze
533 2741 633 2792 Gabar.

603 2963 615 2968 ...
619 2963 761 2971 ,ψη-..-

117 3379 215 3441 1325.
238 3378 335 3483 ᾖρον,
352 3377 417 3461 jul.
438 3379 487 3441 10.
513 3375 646 3442 Csaacid
672 3379 740 3462 apri
760 3379 887 3462 pilspb'k
904 3403 941 3442 az
969 3378 1089 3462 rijhrlpi
1110 3377 1248 3462 peilesob

113 3491 145 3552 e's
162 3511 202 3550 uz
219 3485 364 3570 Apostoli
389 3486 601 3550 ezeraetbeliele
625 3487 728 3551 bozone
753 3487 911 3550 ozolozcrib
935 3487 1126 3550 deseruilota
1153 3489 1247 3550 ¹orioli

410 3597 576 3683 fiirrforpo'
586 3619 680 3680 peres
697 3605 788 3682 lippet
805 3597 938 3661 elioda.

223 3773 295 3839 Nos
311 3771 521 3840 Chanadinus
541 3775 749 3840 miseracione
769 3773 878 3839 divina
897 3770 1248 3858 episeopusAgriensis

112 3883 293 3968 apostolice
312 3883 396 3948 sedis
414 3882 512 3947 iudex
537 3881 706 3966 delegatus
730 3883 764 3946 in
780 3880 842 3946 hao
866 3888 961 3965 parte
985 3887 1098 3948 tenore
1122 3902 1250 3965 presen-

111 3994 199 4058 cium
217 3989 435 4074 significamus
451 3990 568 4073 quibus
588 3989 717 4074 expedit
736 3991 891 4056 universis
916 3991 1068 4085 memorie
1093 4011 1251 4055 commen-

113 4103 241 4181 dantes,
272 4098 360 4182 quod
391 4099 477 4163 inter
508 4099 697 4182 religiosum
730 4099 835 4163 virum
873 4098 1010 4163 fratrem
1049 4096 1251 4182 Stephanum

113 4205 354 4295 priorem'tuno
370 4209 504 4272 ecclesio
520 4208 624 4272 sancti
634 4206 746 4292 Egidii
756 4207 796 4272 de
809 4205 930 4292 Wyhel
950 4206 1071 4272 ordinis
1080 4206 1251 4272 heremita-

114 4341 187 4383 mm
205 4317 309 4381 sancti
326 4315 423 4382 Pauli
439 4317 535 4400 primi
552 4316 708 4380 heremite
733 4323 765 4380 et
791 4337 883 4380 suum
901 4321 1093 4381 conventum
1120 4337 1159 4380 ex
1186 4337 1252 4380 una

112 4431 211 4512 parte
233 4431 366 4508 actores,
384 4430 416 4489 et
430 4424 566 4490 fratrem
582 4425 792 4490 Dominieum
811 4426 953 4508 priorem
970 4423 1009 4488 de
1026 4423 1148 4509 Wyhel
1166 4423 1250 4489 ordi-

114 4537 164 4600 nis
183 4534 418 4598 heremitarum
443 4535 546 4598 saneti
576 4531 756 4617 Aiigustini
783 4535 915 4599 ecclesie
941 4533 1044 4598 saneti
1070 4534 1155 4616 regis
1181 4532 1252 4598 Ste-

113 4643 219 4732 phani
242 4642 388 4711 similiter
404 4663 464 4737 pro
481 4663 514 4707 se
531 4648 564 4708 et
580 4663 672 4708 suum
688 4647 882 4710 conventum
907 4638 989 4729 (igy)
1016 4663 1055 4705 ex
1080 4641 1193 4724 altera,
1218 4642 1252 4709 iu
