3112 5466
536 433 790 494 1326.nrn.10.
1155 435 1218 494 939

98 605 218 671 domino
252 605 423 672 Johanche
449 607 659 674 miseracione
692 608 800 674 divina
836 610 985 694 episcopo
1010 609 1219 674 Waradiensi

97 715 335 797 presencialiter
350 717 473 782 astanti
499 721 532 782 et
548 717 582 782 in
597 737 736 800 persona
761 717 863 800 ipsius
881 719 1080 801 episcopatui
1101 717 1220 784 Wara-

96 821 188 886 diensi
207 844 281 888 cum
297 825 367 888 iure
383 829 450 890 tam
466 825 676 908 proprietatis
692 847 789 909 quam
801 825 934 891 dominii
952 876 959 891 .
976 875 983 891 .
999 828 1102 910 ipsam
1119 828 1219 893 eccle-

96 929 166 994 siam
183 929 436 997 Waradiensem
462 933 604 998 dotando
626 931 715 997 dedit
732 933 864 998 donavit
880 933 1017 1004 tradidit
1033 939 1066 1000 et
1082 935 1220 1000 contulit

97 1037 132 1101 ad
149 1038 337 1104 habendum
352 1039 582 1124 possidendum
598 1046 631 1105 et
646 1041 822 1107 tenendum
839 1041 898 1108 sub
924 1042 986 1107 hiis
1011 1043 1106 1106 metis
1121 1041 1220 1107 infra-

95 1147 216 1231 scriptis
243 1170 352 1214 ooram
377 1150 446 1214 viro
465 1149 615 1232 religioso
647 1149 749 1215 tratre
775 1149 800 1214 J
802 1149 904 1216 acobo
929 1151 1093 1235 preposito
1109 1173 1219 1216 mona-

95 1255 175 1318 sterii
199 1255 347 1339 predicti,
372 1256 559 1339 supradicto
587 1263 701 1322 vocato
727 1257 769 1322 ad
795 1258 857 1322 hoo
882 1264 915 1324 et
939 1263 1064 1341 rogato,
1089 1263 1123 1322 et
1148 1280 1219 1341 per-

95 1364 243 1429 sonaliter
268 1364 313 1430 ibi
329 1365 488 1429 existente
513 1364 608 1430 sactis
633 1371 665 1430 et
691 1367 803 1448 positis
828 1367 862 1430 in
887 1370 1003 1431 octava
1017 1365 1114 1430 medii
1131 1363 1217 1449 Qua-

95 1470 268 1555 dragesime
283 1474 429 1556 proxime
438 1475 604 1556 preterita,
615 1473 765 1538 videlicet
774 1473 955 1556 incipiendo
967 1495 986 1537 a
997 1472 1137 1557 quodam
1147 1474 1218 1539 loco

96 1579 316 1664 Tupatheluke
332 1587 446 1646 vocato
473 1582 559 1646 circa
576 1581 713 1646 eundem
738 1579 871 1646 fluvium
896 1580 1015 1646 Hudus
1031 1603 1130 1664 supra
1147 1602 1218 1646 cum

98 1689 182 1753 metis
200 1689 361 1754 continuis
385 1690 501 1774 positis
526 1695 563 1755 ut
578 1691 780 1772 premittitur
795 1692 882 1754 venit
898 1690 940 1755 ad
957 1689 1091 1754 eandem
1107 1690 1219 1755 villam

95 1794 217 1880 Hudus,
234 1802 267 1862 et
282 1796 398 1862 deinde
415 1797 616 1863 ascendendo
627 1799 746 1863 transit
761 1799 804 1863 acl
820 1799 982 1881 quendam
998 1799 1136 1864 rivulum
1153 1795 1217 1862 Ar-

95 1903 357 1988 kuspothaktuue
382 1911 534 1971 vocatum
551 1913 582 1970 et
599 1907 686 1972 circa
711 1906 846 1972 eundem
871 1908 1021 1972 similiter
1046 1929 1119 1971 cum
1144 1928 1218 1972 con-

96 2011 195 2078 densis
210 2015 305 2078 metis
320 2015 434 2078 terreis
450 2015 564 2097 positis
589 2037 609 2078 a
634 2019 728 2098 parte
755 2015 1045 2099 semptemtrionali
1062 2015 1143 2080 rami
1161 2037 1217 2079 seu

96 2121 191 2202 partis
208 2121 350 2186 eiusdem
375 2119 697 2205 Arkuspothaktuwe
722 2123 869 2188 venitin
895 2123 979 2187 riam
1004 2122 1146 2187 eiusdem
1163 2121 1218 2188 do-

97 2229 169 2293 mini
194 2229 334 2314 episcopi
354 2227 581 2294 Waradiensis
603 2229 712 2314 ibique
739 2231 941 2314 terminatur,
965 2228 1118 2295 intrando
1135 2229 1218 2295 ulte-

98 2337 159 2402 rius
183 2343 304 2402 terram
330 2337 451 2403 domini
476 2337 617 2422 episcopi
647 2338 834 2421 supradicti.
865 2339 991 2404 Datum
1017 2339 1051 2402 in
1076 2337 1218 2403 crastino

97 2449 278 2512 octavarum
293 2445 520 2530 predictarum,
538 2467 622 2511 anno
639 2445 760 2512 domini
787 2445 966 2512 Millesimo
991 2449 1217 2513 trecentesimo

95 2553 240 2636 vigesimo
256 2559 355 2622 sexto.

199 2717 225 2768 A
242 2719 336 2782 peoset
357 2716 543 2782 strgaibolya
563 2717 642 2768 szlntl
665 2717 899 2782 selyemzsintron
922 2717 998 2783 sugg,
1019 2715 1077 2767 eltil
1089 2717 1122 2768 A.
1135 2719 1168 2768 B.
1188 2716 1217 2768 Ο.

96 2809 311 2876 cyrographum
330 2808 459 2874 credetije
472 2823 489 2858 a
501 2821 541 2872 gr.
563 2808 679 2874 Ktrolyt
701 2823 737 2859 cs.
759 2810 832 2860 lban.
856 2813 898 2860 59.
921 2811 964 2858 54.
986 2807 1086 2858 Kozli:
1109 2807 1218 2858 Kovtcs

95 2895 210 2946 Nandor.

691 3061 728 3068 ..ι-.-

618 3317 691 3379 219.

97 3476 186 3540 1326.
201 3499 272 3561 oper.
297 3479 347 3540 10.
373 3473 404 3540 A
429 3487 502 3541 saltz
529 3479 694 3541 Meirio‘rdl
718 3487 849 3540 stevezett
874 3477 992 3559 saepes-i
1023 3486 1153 3539 core-cent
1185 3477 1216 3540 e's

94 3587 199 3648 tererent·
215 3589 330 3671 opu'tju
354 3587 541 3650 Veclrenicbi
558 3586 766 3666 Potuezuulo,
792 3609 813 3648 a
838 3583 1064 3670 tropyerrfelsm'l
1079 3583 1217 3668 sedisti,

97 3692 199 3776 riretpet
215 3718 252 3757 uz
263 3693 360 3757 elo'btt
375 3694 500 3778 updtto'l
516 3704 618 3778 ripert,
630 3719 685 3781 epp
702 3694 807 3758 sparteis
814 3691 1049 3778 foleldorubhut
1067 3690 1217 3753 closere‘le'.

195 3853 264 3920 Nos
279 3853 383 3919 frater
407 3851 616 3938 Guyllermus
645 3852 750 3918 dictus
776 3851 878 3917 abbas
904 3851 1094 3916 monasterii
1118 3849 1215 3914 beate

93 3957 195 4026 Maria
220 3963 259 4028 de
285 3961 388 4048 Scyps
414 3969 566 4047 totusque
591 3967 767 4028 conventus
793 3960 934 4025 eiusdem
965 3959 1077 4024 domus
1103 3963 1216 4022 notum

94 4066 163 4135 fieri
176 4073 320 4138 volumus
335 4071 501 4154 universis,
525 4070 612 4154 quod
637 4071 847 4135 consideratis
873 4068 1015 4133 serviciis
1040 4066 1167 4150 magnis
1184 4069 1217 4128 et

94 4177 254 4245 laboribus
269 4203 335 4246 non
351 4180 484 4244 modicis
502 4201 563 4264 que
590 4178 684 4244 nobis
701 4186 734 4242 et
751 4179 884 4243 ecclesie
910 4183 1019 4240 nostre
1044 4174 1216 4239 retroactis

94 4289 285 4369 temporibus
301 4287 451 4352 Paekucz
462 4287 501 4352 de
512 4287 711 4352 Wedreuick
720 4286 860 4351 fideliter
876 4283 1030 4365 exhibuit,
1046 4283 1079 4346 in
1095 4303 1217 4345 recom-

94 4396 309 4474 pensacionem
327 4447 333 4461 .
351 4447 358 4462 .
374 4419 433 4480 pro
451 4397 591 4480 quadam
607 4403 696 4461 terra
713 4394 814 4460 eidem
832 4418 851 4459 a
867 4392 1094 4478 predecessore
1104 4395 1216 4454 nostro

94 4501 127 4562 in
145 4511 245 4568 monte
261 4506 324 4570 situ
344 4505 508 4587 assignata
536 4504 822 4569 oonunutuoiouem
847 4499 995 4566 sarciendo
1022 4497 1215 4562 dedimus..

93 4611 280 4690 particulam
296 4633 395 4676 unam
411 4617 496 4675 terre
514 4619 623 4677 nostre
639 4612 737 4674 sitam
753 4611 839 4674 inter
856 4616 978 4674 terram
1004 4606 1090 4671 curie
1107 4612 1216 4670 nostro
