<?xml version="1.0" encoding="UTF-8"?>
<!DOCTYPE html PUBLIC "-//W3C//DTD XHTML 1.0 Transitional//EN"
    "http://www.w3.org/TR/xhtml1/DTD/xhtml1-transitional.dtd">
<html xmlns="http://www.w3.org/1999/xhtml" xml:lang="en" lang="en">
 <head>
  <title>
</title>
<meta http-equiv="Content-Type" content="text/html;charset=utf-8" />
  <meta name='ocr-system' content='tesseract 3.04.00' />
  <meta name='ocr-capabilities' content='ocr_page ocr_carea ocr_par ocr_line ocrx_word'/>
</head>
<body>
  <div class='ocr_page' id='page_1' title='image "./codexdiplomatic01nagygoog_0025.png"; bbox 0 0 3240 5460; ppageno 0'>
   <div class='ocr_carea' id='block_1_1' title="bbox 312 403 1091 464">
    <p class='ocr_par' dir='ltr' id='par_1_1' title="bbox 312 403 1091 464">
     <span class='ocr_line' id='line_1_1' title="bbox 312 403 1091 464; baseline -0.004 -1"><span class='ocrx_word' id='word_1_1' title='bbox 312 404 332 463; x_wconf 84' lang='grc'><strong>8</strong></span> <span class='ocrx_word' id='word_1_2' title='bbox 669 413 858 464; x_wconf 79' lang='lat' dir='ltr'>snsoononr</span> <span class='ocrx_word' id='word_1_3' title='bbox 874 403 1091 462; x_wconf 73' lang='lat' dir='ltr'>onuhnrnhn.</span> 
     </span>
    </p>
   </div>
   <div class='ocr_carea' id='block_1_2' title="bbox 309 576 1451 1311">
    <p class='ocr_par' dir='ltr' id='par_1_2' title="bbox 309 576 1451 1311">
     <span class='ocr_line' id='line_1_2' title="bbox 309 576 1449 664; baseline -0.004 -19"><span class='ocrx_word' id='word_1_4' title='bbox 309 579 446 645; x_wconf 88' lang='lat' dir='ltr'>heredes</span> <span class='ocrx_word' id='word_1_5' title='bbox 461 579 673 664; x_wconf 85' lang='lat' dir='ltr'>possidendas</span> <span class='ocrx_word' id='word_1_6' title='bbox 688 577 888 644; x_wconf 85' lang='lat' dir='ltr'>decernimus</span> <span class='ocrx_word' id='word_1_7' title='bbox 914 581 947 643; x_wconf 85' lang='lat' dir='ltr'>et</span> <span class='ocrx_word' id='word_1_8' title='bbox 961 576 1137 660; x_wconf 85' lang='lat' dir='ltr'>habendas,</span> <span class='ocrx_word' id='word_1_9' title='bbox 1153 577 1356 661; x_wconf 75' lang='lat' dir='ltr'>presentibus</span> <span class='ocrx_word' id='word_1_10' title='bbox 1374 597 1449 642; x_wconf 89' lang='lat' dir='ltr'>con-</span> 
     </span>
     <span class='ocr_line' id='line_1_3' title="bbox 313 686 1450 773; baseline -0.004 -18"><span class='ocrx_word' id='word_1_11' title='bbox 313 689 531 773; x_wconf 79' lang='lat' dir='ltr'>sencientibus</span> <span class='ocrx_word' id='word_1_12' title='bbox 547 695 581 754; x_wconf 90' lang='lat' dir='ltr'>et</span> <span class='ocrx_word' id='word_1_13' title='bbox 597 687 853 773; x_wconf 76' lang='lat' dir='ltr'>approbantibus</span> <span class='ocrx_word' id='word_1_14' title='bbox 862 687 998 770; x_wconf 86' lang='lat' dir='ltr'>prelatis</span> <span class='ocrx_word' id='word_1_15' title='bbox 1013 692 1046 751; x_wconf 91' lang='lat' dir='ltr'>et</span> <span class='ocrx_word' id='word_1_16' title='bbox 1061 686 1237 753; x_wconf 80' lang='lat' dir='ltr'>baronibus</span> <span class='ocrx_word' id='word_1_17' title='bbox 1254 687 1450 770; x_wconf 87' lang='lat' dir='ltr'>supradietis</span> 
     </span>
     <span class='ocr_line' id='line_1_4' title="bbox 312 794 1451 881; baseline -0.004 -18"><span class='ocrx_word' id='word_1_18' title='bbox 312 803 469 881; x_wconf 85' lang='lat' dir='ltr'>perpetuo</span> <span class='ocrx_word' id='word_1_19' title='bbox 484 799 593 863; x_wconf 88' lang='lat' dir='ltr'>valere</span> <span class='ocrx_word' id='word_1_20' title='bbox 613 803 795 862; x_wconf 79' lang='lat' dir='ltr'>statuentes</span> <span class='ocrx_word' id='word_1_21' title='bbox 812 845 818 860; x_wconf 94' lang='lat'><em>.</em></span> <span class='ocrx_word' id='word_1_22' title='bbox 836 845 843 860; x_wconf 93' lang='lat'><strong>.</strong></span> <span class='ocrx_word' id='word_1_23' title='bbox 859 794 986 860; x_wconf 91' lang='lat' dir='ltr'>Datum</span> <span class='ocrx_word' id='word_1_24' title='bbox 1011 815 1070 878; x_wconf 90' lang='lat' dir='ltr'>per</span> <span class='ocrx_word' id='word_1_25' title='bbox 1093 815 1208 860; x_wconf 90' lang='lat' dir='ltr'>manns</span> <span class='ocrx_word' id='word_1_26' title='bbox 1232 795 1365 860; x_wconf 86' lang='lat' dir='ltr'>discreti</span> <span class='ocrx_word' id='word_1_27' title='bbox 1388 795 1451 860; x_wconf 80' lang='lat' dir='ltr'>viri</span> 
     </span>
     <span class='ocr_line' id='line_1_5' title="bbox 311 903 1451 990; baseline -0.003 -20"><span class='ocrx_word' id='word_1_28' title='bbox 311 907 461 990; x_wconf 87' lang='lat' dir='ltr'>magistri</span> <span class='ocrx_word' id='word_1_29' title='bbox 476 905 502 971; x_wconf 87' lang='lat' dir='ltr'><strong>J</strong></span> <span class='ocrx_word' id='word_1_30' title='bbox 503 905 640 972; x_wconf 90' lang='lat' dir='ltr'>ohannis</span> <span class='ocrx_word' id='word_1_31' title='bbox 656 903 812 971; x_wconf 85' lang='lat' dir='ltr'>Albensis</span> <span class='ocrx_word' id='word_1_32' title='bbox 830 905 963 970; x_wconf 87' lang='lat' dir='ltr'>ecclesie</span> <span class='ocrx_word' id='word_1_33' title='bbox 979 904 1134 986; x_wconf 87' lang='lat' dir='ltr'>prepositi</span> <span class='ocrx_word' id='word_1_34' title='bbox 1153 903 1227 972; x_wconf 89' lang='lat' dir='ltr'>aule</span> <span class='ocrx_word' id='word_1_35' title='bbox 1242 907 1352 968; x_wconf 91' lang='lat' dir='ltr'>nostre</span> <span class='ocrx_word' id='word_1_36' title='bbox 1368 903 1451 967; x_wconf 84' lang='lat' dir='ltr'>vice·</span> 
     </span>
     <span class='ocr_line' id='line_1_6' title="bbox 312 1008 1450 1095; baseline -0.003 -15"><span class='ocrx_word' id='word_1_37' title='bbox 312 1013 499 1080; x_wconf 89' lang='lat' dir='ltr'>cancellarii</span> <span class='ocrx_word' id='word_1_38' title='bbox 515 1020 548 1080; x_wconf 92' lang='lat' dir='ltr'>et</span> <span class='ocrx_word' id='word_1_39' title='bbox 564 1013 786 1080; x_wconf 83' lang='lat' dir='ltr'>archidiaconi</span> <span class='ocrx_word' id='word_1_40' title='bbox 797 1013 836 1077; x_wconf 87' lang='lat' dir='ltr'>de</span> <span class='ocrx_word' id='word_1_41' title='bbox 846 1011 1023 1078; x_wconf 83' lang='lat' dir='ltr'>Kukullew</span> <span class='ocrx_word' id='word_1_42' title='bbox 1039 1011 1151 1076; x_wconf 83' lang='lat' dir='ltr'>dilecti</span> <span class='ocrx_word' id='word_1_43' title='bbox 1168 1016 1201 1076; x_wconf 89' lang='lat' dir='ltr'>et</span> <span class='ocrx_word' id='word_1_44' title='bbox 1216 1008 1321 1076; x_wconf 88' lang='lat' dir='ltr'>fidelis</span> <span class='ocrx_word' id='word_1_45' title='bbox 1337 1013 1450 1095; x_wconf 82' lang='lat' dir='ltr'>nostri,</span> 
     </span>
     <span class='ocr_line' id='line_1_7' title="bbox 311 1119 1450 1204; baseline -0.004 -16"><span class='ocrx_word' id='word_1_46' title='bbox 311 1143 396 1188; x_wconf 91' lang='lat' dir='ltr'>anno</span> <span class='ocrx_word' id='word_1_47' title='bbox 413 1122 534 1187; x_wconf 86' lang='lat' dir='ltr'>domini</span> <span class='ocrx_word' id='word_1_48' title='bbox 549 1121 727 1187; x_wconf 90' lang='lat' dir='ltr'>Millesimo</span> <span class='ocrx_word' id='word_1_49' title='bbox 754 1122 981 1187; x_wconf 88' lang='lat' dir='ltr'>trecentesimo</span> <span class='ocrx_word' id='word_1_50' title='bbox 1008 1120 1157 1186; x_wconf 87' lang='lat' dir='ltr'>vicesimo</span> <span class='ocrx_word' id='word_1_51' title='bbox 1182 1119 1333 1204; x_wconf 81' lang='lat' dir='ltr'>secundo,</span> <span class='ocrx_word' id='word_1_52' title='bbox 1357 1121 1450 1204; x_wconf 92' lang='lat' dir='ltr'>regni</span> 
     </span>
     <span class='ocr_line' id='line_1_8' title="bbox 311 1226 1450 1311; baseline -0.003 -15"><span class='ocrx_word' id='word_1_53' title='bbox 311 1236 421 1296; x_wconf 90' lang='lat' dir='ltr'>autem</span> <span class='ocrx_word' id='word_1_54' title='bbox 437 1231 540 1295; x_wconf 88' lang='lat' dir='ltr'>nostri</span> <span class='ocrx_word' id='word_1_55' title='bbox 556 1251 640 1296; x_wconf 89' lang='lat' dir='ltr'>anno</span> <span class='ocrx_word' id='word_1_56' title='bbox 655 1229 804 1294; x_wconf 87' lang='lat' dir='ltr'>similiter</span> <span class='ocrx_word' id='word_1_57' title='bbox 830 1229 979 1295; x_wconf 86' lang='lat' dir='ltr'>vicesimo</span> <span class='ocrx_word' id='word_1_58' title='bbox 1004 1227 1153 1311; x_wconf 87' lang='lat' dir='ltr'>secundo,</span> <span class='ocrx_word' id='word_1_59' title='bbox 1178 1226 1367 1294; x_wconf 87' lang='lat' dir='ltr'>duodecimo</span> <span class='ocrx_word' id='word_1_60' title='bbox 1393 1226 1450 1293; x_wconf 87' lang='lat' dir='ltr'>ka·</span> 
     </span>
    </p>
   </div>
   <div class='ocr_carea' id='block_1_3' title="bbox 310 1334 630 1422">
    <p class='ocr_par' dir='ltr' id='par_1_3' title="bbox 310 1334 630 1422">
     <span class='ocr_line' id='line_1_9' title="bbox 310 1334 630 1422; baseline 0.013 -18"><span class='ocrx_word' id='word_1_61' title='bbox 310 1337 425 1404; x_wconf 90' lang='lat' dir='ltr'>londas</span> <span class='ocrx_word' id='word_1_62' title='bbox 441 1334 576 1422; x_wconf 85' lang='lat' dir='ltr'>Aprilis</span> <span class='ocrx_word' id='word_1_63' title='bbox 627 1403 630 1408; x_wconf 85' lang='lat'><em>.</em></span> 
     </span>
    </p>
   </div>
   <div class='ocr_carea' id='block_1_4' title="bbox 311 1498 1450 3190">
    <p class='ocr_par' dir='ltr' id='par_1_4' title="bbox 311 1498 1450 3190">
     <span class='ocr_line' id='line_1_10' title="bbox 421 1498 1449 1567; baseline -0.001 -16"><span class='ocrx_word' id='word_1_64' title='bbox 421 1501 586 1552; x_wconf 74' lang='lat' dir='ltr'>Veros-ablu</span> <span class='ocrx_word' id='word_1_65' title='bbox 600 1503 704 1566; x_wconf 84' lang='lat' dir='ltr'>selyem</span> <span class='ocrx_word' id='word_1_66' title='bbox 716 1499 845 1552; x_wconf 81' lang='lat' dir='ltr'>asinoron</span> <span class='ocrx_word' id='word_1_67' title='bbox 867 1499 953 1565; x_wconf 71' lang='lat' dir='ltr'>tuggo</span> <span class='ocrx_word' id='word_1_68' title='bbox 975 1499 1249 1567; x_wconf 76' lang='lat' dir='ltr'>pacsettbredtklr013</span> <span class='ocrx_word' id='word_1_69' title='bbox 1270 1498 1402 1564; x_wconf 83' lang='lat' dir='ltr'>credetije</span> <span class='ocrx_word' id='word_1_70' title='bbox 1415 1513 1449 1550; x_wconf 79' lang='lat' dir='ltr'>ez</span> 
     </span>
     <span class='ocr_line' id='line_1_11' title="bbox 312 1589 1450 1654; baseline -0.004 -11"><span class='ocrx_word' id='word_1_71' title='bbox 312 1607 381 1644; x_wconf 80' lang='lat' dir='ltr'>orsa.</span> <span class='ocrx_word' id='word_1_72' title='bbox 395 1591 451 1642; x_wconf 74' lang='lat' dir='ltr'>lter</span> <span class='ocrx_word' id='word_1_73' title='bbox 463 1591 563 1642; x_wconf 82' lang='lat' dir='ltr'>kincst.</span> <span class='ocrx_word' id='word_1_74' title='bbox 574 1595 640 1642; x_wconf 80' lang='lat' dir='ltr'>oszt.</span> <span class='ocrx_word' id='word_1_75' title='bbox 651 1591 725 1641; x_wconf 66' lang='lat' dir='ltr'>RB.</span> <span class='ocrx_word' id='word_1_76' title='bbox 736 1593 768 1641; x_wconf 82' lang='lat' dir='ltr'>A.</span> <span class='ocrx_word' id='word_1_77' title='bbox 781 1594 841 1641; x_wconf 76' lang='grc'>669.</span> <span class='ocrx_word' id='word_1_78' title='bbox 858 1593 881 1640; x_wconf 73' lang='lat' dir='ltr'>t.</span> <span class='ocrx_word' id='word_1_79' title='bbox 896 1589 963 1652; x_wconf 89' lang='lat' dir='ltr'>dipl.</span> <span class='ocrx_word' id='word_1_80' title='bbox 977 1591 1043 1640; x_wconf 68' lang='lat' dir='ltr'>lter:</span> <span class='ocrx_word' id='word_1_81' title='bbox 1056 1593 1134 1639; x_wconf 77' lang='lat'>2094.</span> <span class='ocrx_word' id='word_1_82' title='bbox 1145 1589 1290 1654; x_wconf 84' lang='lat' dir='ltr'>Ugyanott</span> <span class='ocrx_word' id='word_1_83' title='bbox 1301 1603 1420 1654; x_wconf 86' lang='lat' dir='ltr'>megvan</span> <span class='ocrx_word' id='word_1_84' title='bbox 1432 1604 1450 1639; x_wconf 86' lang='lat' dir='ltr'>a</span> 
     </span>
     <span class='ocr_line' id='line_1_12' title="bbox 312 1679 1449 1746; baseline -0.004 -13"><span class='ocrx_word' id='word_1_85' title='bbox 312 1682 432 1733; x_wconf 73' lang='lat' dir='ltr'>cesamai</span> <span class='ocrx_word' id='word_1_86' title='bbox 444 1679 633 1746; x_wconf 77' lang='lat' dir='ltr'>ktptelannak</span> <span class='ocrx_word' id='word_1_87' title='bbox 649 1685 725 1731; x_wconf 78' lang='lat'>132³.</span> <span class='ocrx_word' id='word_1_88' title='bbox 737 1681 796 1746; x_wconf 82' lang='lat' dir='ltr'>jun.</span> <span class='ocrx_word' id='word_1_89' title='bbox 811 1679 894 1730; x_wconf 57' lang='lat' dir='ltr'>sstem</span> <span class='ocrx_word' id='word_1_90' title='bbox 906 1681 964 1730; x_wconf 88' lang='lat' dir='ltr'>kelt</span> <span class='ocrx_word' id='word_1_91' title='bbox 974 1681 1099 1731; x_wconf 87' lang='lat' dir='ltr'>oklevele</span> <span class='ocrx_word' id='word_1_92' title='bbox 1112 1679 1190 1744; x_wconf 83' lang='lat' dir='ltr'>(dipl.</span> <span class='ocrx_word' id='word_1_93' title='bbox 1204 1683 1242 1731; x_wconf 89' lang='lat' dir='ltr'>lt:</span> <span class='ocrx_word' id='word_1_94' title='bbox 1258 1681 1355 1742; x_wconf 75' lang='lat' dir='ltr'>alra),</span> <span class='ocrx_word' id='word_1_95' title='bbox 1374 1681 1449 1744; x_wconf 78' lang='lat' dir='ltr'>mely</span> 
     </span>
     <span class='ocr_line' id='line_1_13' title="bbox 311 1769 1449 1836; baseline -0.003 -13"><span class='ocrx_word' id='word_1_96' title='bbox 311 1772 417 1823; x_wconf 84' lang='lat' dir='ltr'>ezerint</span> <span class='ocrx_word' id='word_1_97' title='bbox 429 1787 446 1823; x_wconf 92' lang='lat' dir='ltr'>a</span> <span class='ocrx_word' id='word_1_98' title='bbox 458 1772 592 1836; x_wconf 67' lang='lat' dir='ltr'>heptalan</span> <span class='ocrx_word' id='word_1_99' title='bbox 603 1771 705 1822; x_wconf 81' lang='lat' dir='ltr'>Mikles</span> <span class='ocrx_word' id='word_1_100' title='bbox 718 1769 871 1822; x_wconf 75' lang='lat' dir='ltr'>sclavonici</span> <span class='ocrx_word' id='word_1_101' title='bbox 894 1771 947 1820; x_wconf 75' lang='lat' dir='ltr'>ban</span> <span class='ocrx_word' id='word_1_102' title='bbox 960 1769 989 1820; x_wconf 71' lang='lat' dir='ltr'>es</span> <span class='ocrx_word' id='word_1_103' title='bbox 1002 1770 1110 1835; x_wconf 80' lang='lat' dir='ltr'>Sopron</span> <span class='ocrx_word' id='word_1_104' title='bbox 1132 1787 1145 1820; x_wconf 88' lang='lat' dir='ltr'>s</span> <span class='ocrx_word' id='word_1_105' title='bbox 1167 1771 1320 1822; x_wconf 72' lang='lat' dir='ltr'>Komarom</span> <span class='ocrx_word' id='word_1_106' title='bbox 1341 1769 1449 1820; x_wconf 70' lang='lat' dir='ltr'>varme-</span> 
     </span>
     <span class='ocr_line' id='line_1_14' title="bbox 313 1859 1449 1928; baseline -0.003 -16"><span class='ocrx_word' id='word_1_107' title='bbox 313 1859 537 1928; x_wconf 76' lang='lat' dir='ltr'>gyekfoisptnja</span> <span class='ocrx_word' id='word_1_108' title='bbox 554 1861 623 1912; x_wconf 76' lang='lat' dir='ltr'>srael</span> <span class='ocrx_word' id='word_1_109' title='bbox 647 1859 837 1922; x_wconf 67' lang='lat' dir='ltr'>kikuldetvem</span> <span class='ocrx_word' id='word_1_110' title='bbox 860 1863 1016 1910; x_wconf 84' lang='lat' dir='ltr'>ansvezett</span> <span class='ocrx_word' id='word_1_111' title='bbox 1038 1860 1176 1925; x_wconf 69' lang='lat' dir='ltr'>Gytrftst,</span> <span class='ocrx_word' id='word_1_112' title='bbox 1200 1860 1345 1911; x_wconf 80' lang='lat' dir='ltr'>Oircuenai</span> <span class='ocrx_word' id='word_1_113' title='bbox 1367 1860 1449 1911; x_wconf 75' lang='lat' dir='ltr'>Peter</span> 
     </span>
     <span class='ocr_line' id='line_1_15' title="bbox 312 1933 1449 2015; baseline -0.004 -11"><span class='ocrx_word' id='word_1_114' title='bbox 312 1954 349 2004; x_wconf 85' lang='lat' dir='ltr'>fia</span> <span class='ocrx_word' id='word_1_115' title='bbox 362 1954 451 2004; x_wconf 80' lang='lat' dir='ltr'>Jakab</span> <span class='ocrx_word' id='word_1_116' title='bbox 462 1951 528 2002; x_wconf 73' lang='lat' dir='ltr'>bani</span> <span class='ocrx_word' id='word_1_117' title='bbox 541 1953 634 2002; x_wconf 89' lang='lat' dir='ltr'>ember</span> <span class='ocrx_word' id='word_1_118' title='bbox 647 1933 871 2015; x_wconf 76' lang='lat' dir='ltr'>sezbenjortever</span> <span class='ocrx_word' id='word_1_119' title='bbox 884 1951 1034 2014; x_wconf 78' lang='lat' dir='ltr'>»magistro</span> <span class='ocrx_word' id='word_1_120' title='bbox 1047 1951 1189 2014; x_wconf 83' lang='lat' dir='ltr'>Stephano</span> <span class='ocrx_word' id='word_1_121' title='bbox 1202 1949 1261 2002; x_wconf 88' lang='lat' dir='ltr'>filio</span> <span class='ocrx_word' id='word_1_122' title='bbox 1272 1950 1359 2015; x_wconf 81' lang='lat' dir='ltr'>Opoy‚</span> <span class='ocrx_word' id='word_1_123' title='bbox 1365 1949 1449 2000; x_wconf 80' lang='lat' dir='ltr'>Geor·</span> 
     </span>
     <span class='ocr_line' id='line_1_16' title="bbox 312 2040 1449 2110; baseline -0.003 -17"><span class='ocrx_word' id='word_1_124' title='bbox 312 2043 359 2110; x_wconf 86' lang='lat' dir='ltr'>gio</span> <span class='ocrx_word' id='word_1_125' title='bbox 371 2043 430 2093; x_wconf 88' lang='lat' dir='ltr'>filio</span> <span class='ocrx_word' id='word_1_126' title='bbox 443 2041 590 2104; x_wconf 70' lang='lat' dir='ltr'>«Iohannis,</span> <span class='ocrx_word' id='word_1_127' title='bbox 600 2041 730 2091; x_wconf 80' lang='lat' dir='ltr'>Farcasio</span> <span class='ocrx_word' id='word_1_128' title='bbox 743 2040 801 2091; x_wconf 82' lang='lat' dir='ltr'>tilio</span> <span class='ocrx_word' id='word_1_129' title='bbox 815 2040 938 2104; x_wconf 87' lang='lat' dir='ltr'>Philippi</span> <span class='ocrx_word' id='word_1_130' title='bbox 954 2043 982 2092; x_wconf 90' lang='lat' dir='ltr'>et</span> <span class='ocrx_word' id='word_1_131' title='bbox 993 2042 1193 2092; x_wconf 86' lang='lat' dir='ltr'>Bartholomeo</span> <span class='ocrx_word' id='word_1_132' title='bbox 1206 2041 1264 2091; x_wconf 89' lang='lat' dir='ltr'>filio</span> <span class='ocrx_word' id='word_1_133' title='bbox 1276 2041 1363 2092; x_wconf 79' lang='lat' dir='ltr'>Irae«</span> <span class='ocrx_word' id='word_1_134' title='bbox 1377 2040 1449 2090; x_wconf 86' lang='lat' dir='ltr'>mint</span> 
     </span>
     <span class='ocr_line' id='line_1_17' title="bbox 312 2129 1450 2196; baseline -0.004 -12"><span class='ocrx_word' id='word_1_135' title='bbox 312 2133 457 2184; x_wconf 74' lang='lat' dir='ltr'>ktriillevb</span> <span class='ocrx_word' id='word_1_136' title='bbox 470 2132 647 2182; x_wconf 76' lang='lat' dir='ltr'>szomszedor</span> <span class='ocrx_word' id='word_1_137' title='bbox 657 2129 844 2196; x_wconf 77' lang='lat' dir='ltr'>jelenltteben</span> <span class='ocrx_word' id='word_1_138' title='bbox 855 2131 962 2182; x_wconf 73' lang='lat' dir='ltr'>Recine</span> <span class='ocrx_word' id='word_1_139' title='bbox 975 2131 1003 2182; x_wconf 82' lang='lat' dir='ltr'>es</span> <span class='ocrx_word' id='word_1_140' title='bbox 1018 2131 1167 2183; x_wconf 82' lang='lat' dir='ltr'>Zahlathia</span> <span class='ocrx_word' id='word_1_141' title='bbox 1182 2131 1351 2183; x_wconf 82' lang='lat' dir='ltr'>birtokohba</span> <span class='ocrx_word' id='word_1_142' title='bbox 1372 2129 1450 2181; x_wconf 85' lang='lat' dir='ltr'>heik-</span> 
     </span>
     <span class='ocr_line' id='line_1_18' title="bbox 313 2221 1449 2288; baseline -0.001 -15"><span class='ocrx_word' id='word_1_143' title='bbox 313 2227 386 2273; x_wconf 82' lang='lat' dir='ltr'>tetta</span> <span class='ocrx_word' id='word_1_144' title='bbox 391 2241 398 2288; x_wconf 92' lang='lat'>;</span> <span class='ocrx_word' id='word_1_145' title='bbox 412 2239 429 2274; x_wconf 86' lang='lat' dir='ltr'>s</span> <span class='ocrx_word' id='word_1_146' title='bbox 440 2221 595 2287; x_wconf 74' lang='lat' dir='ltr'>hettrjares</span> <span class='ocrx_word' id='word_1_147' title='bbox 607 2222 656 2287; x_wconf 85' lang='lat' dir='ltr'>tgy</span> <span class='ocrx_word' id='word_1_148' title='bbox 665 2221 750 2272; x_wconf 84' lang='lat' dir='ltr'>trstik</span> <span class='ocrx_word' id='word_1_149' title='bbox 762 2222 804 2271; x_wconf 88' lang='lat' dir='ltr'>le:</span> <span class='ocrx_word' id='word_1_150' title='bbox 821 2221 927 2286; x_wconf 80' lang='lat' dir='ltr'>»prima</span> <span class='ocrx_word' id='word_1_151' title='bbox 939 2227 1014 2272; x_wconf 84' lang='lat' dir='ltr'>meta</span> <span class='ocrx_word' id='word_1_152' title='bbox 1023 2223 1125 2287; x_wconf 89' lang='lat' dir='ltr'>incipit</span> <span class='ocrx_word' id='word_1_153' title='bbox 1136 2223 1316 2287; x_wconf 86' lang='lat' dir='ltr'>possessionis</span> <span class='ocrx_word' id='word_1_154' title='bbox 1329 2222 1449 2272; x_wconf 85' lang='lat' dir='ltr'>Rasoina</span> 
     </span>
     <span class='ocr_line' id='line_1_19' title="bbox 314 2311 1448 2377; baseline 0 -15"><span class='ocrx_word' id='word_1_155' title='bbox 314 2313 344 2364; x_wconf 89' lang='lat' dir='ltr'>in</span> <span class='ocrx_word' id='word_1_156' title='bbox 357 2314 455 2364; x_wconf 88' lang='lat' dir='ltr'>arbore</span> <span class='ocrx_word' id='word_1_157' title='bbox 468 2313 530 2377; x_wconf 79' lang='lat' dir='ltr'>piri,</span> <span class='ocrx_word' id='word_1_158' title='bbox 543 2313 607 2364; x_wconf 88' lang='lat' dir='ltr'>inde</span> <span class='ocrx_word' id='word_1_159' title='bbox 618 2311 709 2363; x_wconf 88' lang='lat' dir='ltr'>tendit</span> <span class='ocrx_word' id='word_1_160' title='bbox 721 2327 816 2363; x_wconf 87' lang='lat' dir='ltr'>versus</span> <span class='ocrx_word' id='word_1_161' title='bbox 830 2312 1012 2376; x_wconf 87' lang='lat' dir='ltr'>occidentem,</span> <span class='ocrx_word' id='word_1_162' title='bbox 1031 2313 1105 2364; x_wconf 86' lang='lat' dir='ltr'>cadit</span> <span class='ocrx_word' id='word_1_163' title='bbox 1117 2313 1148 2363; x_wconf 90' lang='lat' dir='ltr'>in</span> <span class='ocrx_word' id='word_1_164' title='bbox 1169 2327 1269 2376; x_wconf 87' lang='lat' dir='ltr'>equam</span> <span class='ocrx_word' id='word_1_165' title='bbox 1281 2311 1400 2362; x_wconf 83' lang='lat' dir='ltr'>Rasoina</span> <span class='ocrx_word' id='word_1_166' title='bbox 1413 2313 1448 2362; x_wconf 89' lang='lat' dir='ltr'>ad</span> 
     </span>
     <span class='ocr_line' id='line_1_20' title="bbox 313 2403 1448 2469; baseline -0.001 -14"><span class='ocrx_word' id='word_1_167' title='bbox 313 2407 376 2456; x_wconf 86' lang='lat' dir='ltr'>loca</span> <span class='ocrx_word' id='word_1_168' title='bbox 388 2405 474 2454; x_wconf 89' lang='lat' dir='ltr'>trium</span> <span class='ocrx_word' id='word_1_169' title='bbox 486 2404 711 2456; x_wconf 86' lang='lat' dir='ltr'>molendinorum</span> <span class='ocrx_word' id='word_1_170' title='bbox 724 2403 846 2453; x_wconf 86' lang='lat' dir='ltr'>eiusdem</span> <span class='ocrx_word' id='word_1_171' title='bbox 860 2403 981 2469; x_wconf 83' lang='lat' dir='ltr'>Gervasy</span> <span class='ocrx_word' id='word_1_172' title='bbox 1006 2409 1033 2456; x_wconf 86' lang='lat' dir='ltr'>et</span> <span class='ocrx_word' id='word_1_173' title='bbox 1054 2419 1103 2468; x_wconf 90' lang='lat' dir='ltr'>per</span> <span class='ocrx_word' id='word_1_174' title='bbox 1127 2404 1216 2468; x_wconf 84' lang='lat' dir='ltr'>ipsam</span> <span class='ocrx_word' id='word_1_175' title='bbox 1237 2417 1337 2467; x_wconf 85' lang='lat' dir='ltr'>squam</span> <span class='ocrx_word' id='word_1_176' title='bbox 1359 2403 1448 2454; x_wconf 89' lang='lat' dir='ltr'>eundo</span> 
     </span>
     <span class='ocr_line' id='line_1_21' title="bbox 313 2493 1449 2560; baseline -0.004 -14"><span class='ocrx_word' id='word_1_177' title='bbox 313 2496 432 2548; x_wconf 87' lang='lat' dir='ltr'>venitin</span> <span class='ocrx_word' id='word_1_178' title='bbox 445 2496 545 2546; x_wconf 87' lang='lat' dir='ltr'>silvam</span> <span class='ocrx_word' id='word_1_179' title='bbox 556 2509 639 2558; x_wconf 85' lang='lat' dir='ltr'>quam</span> <span class='ocrx_word' id='word_1_180' title='bbox 658 2494 845 2559; x_wconf 84' lang='lat' dir='ltr'>pertransiens</span> <span class='ocrx_word' id='word_1_181' title='bbox 858 2494 935 2544; x_wconf 84' lang='lat' dir='ltr'>venit</span> <span class='ocrx_word' id='word_1_182' title='bbox 948 2495 983 2545; x_wconf 88' lang='lat' dir='ltr'>ed</span> <span class='ocrx_word' id='word_1_183' title='bbox 995 2496 1089 2545; x_wconf 91' lang='lat' dir='ltr'>Bocon</span> <span class='ocrx_word' id='word_1_184' title='bbox 1111 2495 1210 2560; x_wconf 84' lang='lat' dir='ltr'>teleke,</span> <span class='ocrx_word' id='word_1_185' title='bbox 1233 2493 1296 2544; x_wconf 86' lang='lat' dir='ltr'>inde</span> <span class='ocrx_word' id='word_1_186' title='bbox 1309 2494 1383 2544; x_wconf 86' lang='lat' dir='ltr'>cirea</span> <span class='ocrx_word' id='word_1_187' title='bbox 1395 2493 1449 2543; x_wconf 80' lang='lat' dir='ltr'>fos·</span> 
     </span>
     <span class='ocr_line' id='line_1_22' title="bbox 314 2581 1450 2646; baseline -0.004 -10"><span class='ocrx_word' id='word_1_188' title='bbox 314 2589 403 2636; x_wconf 86' lang='lat' dir='ltr'>satum</span> <span class='ocrx_word' id='word_1_189' title='bbox 417 2585 487 2636; x_wconf 87' lang='lat' dir='ltr'>dicti</span> <span class='ocrx_word' id='word_1_190' title='bbox 499 2586 593 2635; x_wconf 90' lang='lat' dir='ltr'>Bocon</span> <span class='ocrx_word' id='word_1_191' title='bbox 606 2584 684 2635; x_wconf 88' lang='lat' dir='ltr'>venit</span> <span class='ocrx_word' id='word_1_192' title='bbox 696 2584 732 2634; x_wconf 85' lang='lat' dir='ltr'>sd</span> <span class='ocrx_word' id='word_1_193' title='bbox 744 2583 818 2633; x_wconf 80' lang='lat' dir='ltr'>viam</span> <span class='ocrx_word' id='word_1_194' title='bbox 830 2583 909 2632; x_wconf 89' lang='lat' dir='ltr'>iuxta</span> <span class='ocrx_word' id='word_1_195' title='bbox 922 2587 1010 2633; x_wconf 83' lang='lat' dir='ltr'>metas</span> <span class='ocrx_word' id='word_1_196' title='bbox 1034 2582 1220 2646; x_wconf 84' lang='lat' dir='ltr'>Scombothel‚</span> <span class='ocrx_word' id='word_1_197' title='bbox 1234 2582 1337 2634; x_wconf 85' lang='lat' dir='ltr'>abhinc</span> <span class='ocrx_word' id='word_1_198' title='bbox 1358 2581 1450 2633; x_wconf 83' lang='lat' dir='ltr'>tendit</span> 
     </span>
     <span class='ocr_line' id='line_1_23' title="bbox 313 2672 1448 2738; baseline -0.003 -13"><span class='ocrx_word' id='word_1_199' title='bbox 313 2675 349 2725; x_wconf 83' lang='lat' dir='ltr'>ad</span> <span class='ocrx_word' id='word_1_200' title='bbox 370 2675 495 2738; x_wconf 87' lang='lat' dir='ltr'>priorem</span> <span class='ocrx_word' id='word_1_201' title='bbox 515 2677 619 2725; x_wconf 85' lang='lat' dir='ltr'>metam</span> <span class='ocrx_word' id='word_1_202' title='bbox 640 2674 735 2737; x_wconf 88' lang='lat' dir='ltr'>ibique</span> <span class='ocrx_word' id='word_1_203' title='bbox 756 2673 938 2738; x_wconf 81' lang='lat' dir='ltr'>terminatur3</span> <span class='ocrx_word' id='word_1_204' title='bbox 958 2673 1034 2735; x_wconf 87' lang='lat' dir='ltr'>item,</span> <span class='ocrx_word' id='word_1_205' title='bbox 1058 2672 1148 2737; x_wconf 85' lang='lat' dir='ltr'>prima</span> <span class='ocrx_word' id='word_1_206' title='bbox 1169 2677 1244 2724; x_wconf 85' lang='lat' dir='ltr'>meta</span> <span class='ocrx_word' id='word_1_207' title='bbox 1265 2673 1448 2737; x_wconf 86' lang='lat' dir='ltr'>possessionis</span> 
     </span>
     <span class='ocr_line' id='line_1_24' title="bbox 314 2763 1449 2828; baseline 0 -13"><span class='ocrx_word' id='word_1_208' title='bbox 314 2765 439 2816; x_wconf 83' lang='lat' dir='ltr'>Zablatia</span> <span class='ocrx_word' id='word_1_209' title='bbox 450 2764 552 2828; x_wconf 85' lang='lat' dir='ltr'>incipit</span> <span class='ocrx_word' id='word_1_210' title='bbox 563 2764 593 2813; x_wconf 91' lang='lat' dir='ltr'>in</span> <span class='ocrx_word' id='word_1_211' title='bbox 606 2777 677 2826; x_wconf 87' lang='lat' dir='ltr'>aqua</span> <span class='ocrx_word' id='word_1_212' title='bbox 690 2764 844 2828; x_wconf 83' lang='lat' dir='ltr'>vulgariter</span> <span class='ocrx_word' id='word_1_213' title='bbox 857 2765 935 2814; x_wconf 83' lang='lat' dir='ltr'>Zuhs</span> <span class='ocrx_word' id='word_1_214' title='bbox 947 2764 1041 2828; x_wconf 87' lang='lat' dir='ltr'>Begna</span> <span class='ocrx_word' id='word_1_215' title='bbox 1053 2769 1151 2816; x_wconf 85' lang='lat' dir='ltr'>vocata</span> <span class='ocrx_word' id='word_1_216' title='bbox 1162 2769 1191 2815; x_wconf 88' lang='lat' dir='ltr'>et</span> <span class='ocrx_word' id='word_1_217' title='bbox 1199 2779 1249 2828; x_wconf 91' lang='lat' dir='ltr'>per</span> <span class='ocrx_word' id='word_1_218' title='bbox 1258 2763 1374 2815; x_wconf 84' lang='lat' dir='ltr'>eandem</span> <span class='ocrx_word' id='word_1_219' title='bbox 1387 2778 1449 2827; x_wconf 87' lang='lat' dir='ltr'>pro·</span> 
     </span>
     <span class='ocr_line' id='line_1_25' title="bbox 313 2852 1448 2920; baseline -0.001 -15"><span class='ocrx_word' id='word_1_220' title='bbox 313 2853 435 2905; x_wconf 83' lang='lat' dir='ltr'>cedendo</span> <span class='ocrx_word' id='word_1_221' title='bbox 447 2855 477 2903; x_wconf 91' lang='lat' dir='ltr'>in</span> <span class='ocrx_word' id='word_1_222' title='bbox 489 2855 573 2917; x_wconf 83' lang='lat' dir='ltr'>longo</span> <span class='ocrx_word' id='word_1_223' title='bbox 587 2852 679 2917; x_wconf 88' lang='lat' dir='ltr'>spacio</span> <span class='ocrx_word' id='word_1_224' title='bbox 693 2853 771 2902; x_wconf 86' lang='lat' dir='ltr'>venit</span> <span class='ocrx_word' id='word_1_225' title='bbox 783 2853 818 2902; x_wconf 87' lang='lat' dir='ltr'>ad</span> <span class='ocrx_word' id='word_1_226' title='bbox 831 2854 915 2903; x_wconf 87' lang='lat' dir='ltr'>aliam</span> <span class='ocrx_word' id='word_1_227' title='bbox 928 2869 1029 2916; x_wconf 83' lang='lat' dir='ltr'>aquam</span> <span class='ocrx_word' id='word_1_228' title='bbox 1042 2869 1095 2918; x_wconf 89' lang='lat' dir='ltr'>que</span> <span class='ocrx_word' id='word_1_229' title='bbox 1109 2854 1211 2905; x_wconf 81' lang='lat' dir='ltr'>dicitur</span> <span class='ocrx_word' id='word_1_230' title='bbox 1227 2855 1332 2918; x_wconf 83' lang='lat' dir='ltr'>Byztra</span> <span class='ocrx_word' id='word_1_231' title='bbox 1344 2855 1448 2920; x_wconf 85' lang='lat' dir='ltr'>Regna,</span> 
     </span>
     <span class='ocr_line' id='line_1_26' title="bbox 312 2941 1448 3008; baseline 0.002 -16"><span class='ocrx_word' id='word_1_232' title='bbox 312 2944 378 2994; x_wconf 89' lang='lat' dir='ltr'>inde</span> <span class='ocrx_word' id='word_1_233' title='bbox 390 2943 482 2992; x_wconf 85' lang='lat' dir='ltr'>tendit</span> <span class='ocrx_word' id='word_1_234' title='bbox 494 2942 529 2992; x_wconf 87' lang='lat' dir='ltr'>ad</span> <span class='ocrx_word' id='word_1_235' title='bbox 541 2947 629 2992; x_wconf 84' lang='lat' dir='ltr'>metas</span> <span class='ocrx_word' id='word_1_236' title='bbox 641 2941 778 2992; x_wconf 88' lang='lat' dir='ltr'>nobilium</span> <span class='ocrx_word' id='word_1_237' title='bbox 791 2942 824 2993; x_wconf 87' lang='lat' dir='ltr'>de</span> <span class='ocrx_word' id='word_1_238' title='bbox 839 2942 933 2993; x_wconf 81' lang='lat' dir='ltr'>Ohano</span> <span class='ocrx_word' id='word_1_239' title='bbox 948 2945 1021 2995; x_wconf 86' lang='lat' dir='ltr'>circa</span> <span class='ocrx_word' id='word_1_240' title='bbox 1032 2945 1174 3008; x_wconf 83' lang='lat' dir='ltr'>fossatum,</span> <span class='ocrx_word' id='word_1_241' title='bbox 1194 2945 1296 2996; x_wconf 86' lang='lat' dir='ltr'>abhinc</span> <span class='ocrx_word' id='word_1_242' title='bbox 1309 2945 1400 2996; x_wconf 86' lang='lat' dir='ltr'>tendit</span> <span class='ocrx_word' id='word_1_243' title='bbox 1412 2945 1448 2994; x_wconf 84' lang='lat' dir='ltr'>ad</span> 
     </span>
     <span class='ocr_line' id='line_1_27' title="bbox 314 3033 1448 3100; baseline 0.003 -18"><span class='ocrx_word' id='word_1_244' title='bbox 314 3048 445 3100; x_wconf 82' lang='lat' dir='ltr'>magnam</span> <span class='ocrx_word' id='word_1_245' title='bbox 457 3034 565 3096; x_wconf 71' lang='lat' dir='ltr'>ulnam,</span> <span class='ocrx_word' id='word_1_246' title='bbox 578 3033 642 3082; x_wconf 88' lang='lat' dir='ltr'>inde</span> <span class='ocrx_word' id='word_1_247' title='bbox 655 3047 704 3097; x_wconf 92' lang='lat' dir='ltr'>per</span> <span class='ocrx_word' id='word_1_248' title='bbox 717 3033 831 3083; x_wconf 87' lang='lat' dir='ltr'>eandem</span> <span class='ocrx_word' id='word_1_249' title='bbox 844 3033 919 3084; x_wconf 82' lang='lat' dir='ltr'>cadit</span> <span class='ocrx_word' id='word_1_250' title='bbox 931 3035 967 3084; x_wconf 86' lang='lat' dir='ltr'>ad</span> <span class='ocrx_word' id='word_1_251' title='bbox 988 3035 1125 3098; x_wconf 82' lang='lat' dir='ltr'>prefatam</span> <span class='ocrx_word' id='word_1_252' title='bbox 1147 3050 1247 3100; x_wconf 85' lang='lat' dir='ltr'>aquam</span> <span class='ocrx_word' id='word_1_253' title='bbox 1266 3036 1302 3085; x_wconf 87' lang='lat' dir='ltr'>ad</span> <span class='ocrx_word' id='word_1_254' title='bbox 1324 3036 1448 3100; x_wconf 86' lang='lat' dir='ltr'>priorem</span> 
     </span>
     <span class='ocr_line' id='line_1_28' title="bbox 314 3121 1051 3190; baseline 0.001 -16"><span class='ocrx_word' id='word_1_255' title='bbox 314 3127 418 3174; x_wconf 71' lang='lat' dir='ltr'>metm</span> <span class='ocrx_word' id='word_1_256' title='bbox 431 3125 460 3173; x_wconf 89' lang='lat' dir='ltr'>et</span> <span class='ocrx_word' id='word_1_257' title='bbox 472 3121 511 3172; x_wconf 89' lang='lat' dir='ltr'>sie</span> <span class='ocrx_word' id='word_1_258' title='bbox 522 3121 733 3172; x_wconf 72' lang='lat' dir='ltr'>terminantur«</span> <span class='ocrx_word' id='word_1_259' title='bbox 751 3121 846 3174; x_wconf 77' lang='lat' dir='ltr'>szli:</span> <span class='ocrx_word' id='word_1_260' title='bbox 860 3123 940 3189; x_wconf 86' lang='lat' dir='ltr'>Nagy</span> <span class='ocrx_word' id='word_1_261' title='bbox 953 3123 1051 3190; x_wconf 79' lang='lat' dir='ltr'>Gyula.</span> 
     </span>
    </p>
   </div>
   <div class='ocr_carea' id='block_1_5' title="bbox 804 3251 961 3262">
    <p class='ocr_par' dir='ltr' id='par_1_5' title="bbox 804 3251 961 3262">
     <span class='ocr_line' id='line_1_29' title="bbox 804 3251 961 3262; baseline 0.019 -4"><span class='ocrx_word' id='word_1_262' title='bbox 804 3251 961 3262; x_wconf 73' lang='lat'>-——.-..</span> 
     </span>
    </p>
   </div>
   <div class='ocr_carea' id='block_1_6' title="bbox 864 3597 893 3660">
    <p class='ocr_par' dir='ltr' id='par_1_6' title="bbox 864 3597 893 3660">
     <span class='ocr_line' id='line_1_30' title="bbox 864 3597 893 3660; baseline 0.034 -1"><span class='ocrx_word' id='word_1_263' title='bbox 864 3597 893 3660; x_wconf 90' lang='lat'>8.</span> 
     </span>
    </p>
   </div>
   <div class='ocr_carea' id='block_1_7' title="bbox 317 3756 1450 4060">
    <p class='ocr_par' dir='ltr' id='par_1_7' title="bbox 317 3756 1450 4060">
     <span class='ocr_line' id='line_1_31' title="bbox 317 3756 1449 3864; baseline 0.003 -45"><span class='ocrx_word' id='word_1_264' title='bbox 317 3758 412 3864; x_wconf 57' lang='grc' dir='ltr'>ζᾷ22.</span> <span class='ocrx_word' id='word_1_265' title='bbox 437 3756 574 3843; x_wconf 76' lang='lat' dir='ltr'>Vizsoly,</span> <span class='ocrx_word' id='word_1_266' title='bbox 590 3781 662 3843; x_wconf 85' lang='lat' dir='ltr'>apr.</span> <span class='ocrx_word' id='word_1_267' title='bbox 681 3759 730 3824; x_wconf 85' lang='lat'>17.</span> <span class='ocrx_word' id='word_1_268' title='bbox 749 3759 870 3822; x_wconf 75' lang='lat' dir='ltr'>Miletos</span> <span class='ocrx_word' id='word_1_269' title='bbox 887 3757 1449 3844; x_wconf 67' lang='lat' dir='ltr'>comosFitl‘o&#39;paddoradocrbirdjo</span> 
     </span>
     <span class='ocr_line' id='line_1_32' title="bbox 321 3864 1450 3952; baseline 0.001 -23"><span class='ocrx_word' id='word_1_270' title='bbox 321 3864 430 3929; x_wconf 80' lang='lat' dir='ltr'>Oklelt</span> <span class='ocrx_word' id='word_1_271' title='bbox 445 3865 587 3952; x_wconf 74' lang='lat' dir='ltr'>Mihalpr</span> <span class='ocrx_word' id='word_1_272' title='bbox 602 3866 710 3931; x_wconf 82' lang='lat' dir='ltr'>Ja&#39;aos</span> <span class='ocrx_word' id='word_1_273' title='bbox 719 3867 773 3949; x_wconf 80' lang='lat' dir='ltr'>fio</span> <span class='ocrx_word' id='word_1_274' title='bbox 790 3866 905 3931; x_wconf 77' lang='lat' dir='ltr'>latoria</span> <span class='ocrx_word' id='word_1_275' title='bbox 922 3865 1000 3929; x_wconf 80' lang='lat' dir='ltr'>elica</span> <span class='ocrx_word' id='word_1_276' title='bbox 1016 3864 1091 3929; x_wconf 75' lang='lat' dir='ltr'>Bas</span> <span class='ocrx_word' id='word_1_277' title='bbox 1107 3865 1275 3930; x_wconf 76' lang='lat' dir='ltr'>birtolsbcn</span> <span class='ocrx_word' id='word_1_278' title='bbox 1291 3867 1450 3932; x_wconf 71' lang='lat' dir='ltr'>alboectett</span> 
     </span>
     <span class='ocr_line' id='line_1_33' title="bbox 424 3973 1341 4060; baseline 0.004 -24"><span class='ocrx_word' id='word_1_279' title='bbox 424 3973 860 4060; x_wconf 73' lang='lat' dir='ltr'>bataimashodcisdolpcibaa</span> <span class='ocrx_word' id='word_1_280' title='bbox 876 3973 1175 4060; x_wconf 79' lang='lat' dir='ltr'>tcrsobizonytto&#39;era</span> <span class='ocrx_word' id='word_1_281' title='bbox 1192 3978 1341 4060; x_wconf 78' lang='lat' dir='ltr'>otaeitja.</span> 
     </span>
    </p>
   </div>
   <div class='ocr_carea' id='block_1_8' title="bbox 211 4130 1449 4650">
    <p class='ocr_par' dir='ltr' id='par_1_8' title="bbox 211 4130 1449 4650">
     <span class='ocr_line' id='line_1_34' title="bbox 423 4130 1449 4219; baseline 0.003 -21"><span class='ocrx_word' id='word_1_282' title='bbox 423 4130 493 4198; x_wconf 86' lang='lat' dir='ltr'>Nos</span> <span class='ocrx_word' id='word_1_283' title='bbox 511 4155 615 4199; x_wconf 88' lang='lat' dir='ltr'>comes</span> <span class='ocrx_word' id='word_1_284' title='bbox 625 4132 782 4200; x_wconf 88' lang='lat' dir='ltr'>Nicolans</span> <span class='ocrx_word' id='word_1_285' title='bbox 797 4134 896 4198; x_wconf 85' lang='lat' dir='ltr'>iudex</span> <span class='ocrx_word' id='word_1_286' title='bbox 911 4135 998 4200; x_wconf 89' lang='lat' dir='ltr'>curie</span> <span class='ocrx_word' id='word_1_287' title='bbox 1007 4135 1156 4218; x_wconf 86' lang='lat' dir='ltr'>magistri</span> <span class='ocrx_word' id='word_1_288' title='bbox 1171 4134 1317 4219; x_wconf 90' lang='lat' dir='ltr'>Philippi</span> <span class='ocrx_word' id='word_1_289' title='bbox 1334 4134 1449 4202; x_wconf 89' lang='lat' dir='ltr'>damus</span> 
     </span>
     <span class='ocr_line' id='line_1_35' title="bbox 316 4241 1448 4326; baseline 0.003 -21"><span class='ocrx_word' id='word_1_290' title='bbox 316 4262 375 4324; x_wconf 90' lang='lat' dir='ltr'>pro</span> <span class='ocrx_word' id='word_1_291' title='bbox 391 4242 554 4324; x_wconf 88' lang='lat' dir='ltr'>memorie,</span> <span class='ocrx_word' id='word_1_292' title='bbox 571 4241 658 4326; x_wconf 89' lang='lat' dir='ltr'>quod</span> <span class='ocrx_word' id='word_1_293' title='bbox 674 4293 681 4308; x_wconf 91' lang='lat'><strong><em>.</em></strong></span> <span class='ocrx_word' id='word_1_294' title='bbox 697 4292 704 4307; x_wconf 93' lang='lat'><strong>.</strong></span> <span class='ocrx_word' id='word_1_295' title='bbox 721 4241 857 4307; x_wconf 90' lang='lat' dir='ltr'>sabbato</span> <span class='ocrx_word' id='word_1_296' title='bbox 881 4242 1026 4325; x_wconf 86' lang='lat' dir='ltr'>proximo</span> <span class='ocrx_word' id='word_1_297' title='bbox 1042 4247 1116 4326; x_wconf 87' lang='lat' dir='ltr'>post</span> <span class='ocrx_word' id='word_1_298' title='bbox 1131 4241 1249 4308; x_wconf 81' lang='lat' dir='ltr'>festum</span> <span class='ocrx_word' id='word_1_299' title='bbox 1263 4243 1368 4308; x_wconf 90' lang='lat' dir='ltr'>Pasce</span> <span class='ocrx_word' id='word_1_300' title='bbox 1383 4241 1448 4308; x_wconf 89' lang='lat' dir='ltr'>Mi·</span> 
     </span>
     <span class='ocr_line' id='line_1_36' title="bbox 318 4348 1448 4434; baseline 0.004 -20"><span class='ocrx_word' id='word_1_301' title='bbox 318 4349 411 4414; x_wconf 87' lang='lat' dir='ltr'>chael</span> <span class='ocrx_word' id='word_1_302' title='bbox 435 4348 541 4432; x_wconf 83' lang='lat' dir='ltr'>dictus</span> <span class='ocrx_word' id='word_1_303' title='bbox 565 4349 719 4416; x_wconf 85' lang='lat' dir='ltr'>Whleleu</span> <span class='ocrx_word' id='word_1_304' title='bbox 744 4370 853 4416; x_wconf 86' lang='lat' dir='ltr'>coram</span> <span class='ocrx_word' id='word_1_305' title='bbox 877 4350 971 4416; x_wconf 89' lang='lat' dir='ltr'>nohis</span> <span class='ocrx_word' id='word_1_306' title='bbox 994 4351 1029 4415; x_wconf 93' lang='lat' dir='ltr'>in</span> <span class='ocrx_word' id='word_1_307' title='bbox 1053 4348 1160 4434; x_wconf 90' lang='lat' dir='ltr'>figura</span> <span class='ocrx_word' id='word_1_308' title='bbox 1189 4350 1302 4418; x_wconf 90' lang='lat' dir='ltr'>iudicii</span> <span class='ocrx_word' id='word_1_309' title='bbox 1332 4357 1448 4418; x_wconf 89' lang='lat' dir='ltr'>contra</span> 
     </span>
     <span class='ocr_line' id='line_1_37' title="bbox 211 4455 1447 4543; baseline 0.002 -20"><span class='ocrx_word' id='word_1_310' title='bbox 211 4489 214 4495; x_wconf 92' lang='lat'>·</span> <span class='ocrx_word' id='word_1_311' title='bbox 318 4455 522 4541; x_wconf 81' lang='lat' dir='ltr'>Stephanum</span> <span class='ocrx_word' id='word_1_312' title='bbox 545 4457 648 4523; x_wconf 88' lang='lat' dir='ltr'>tilium</span> <span class='ocrx_word' id='word_1_313' title='bbox 665 4456 692 4524; x_wconf 85' lang='lat' dir='ltr'><strong>J</strong></span> <span class='ocrx_word' id='word_1_314' title='bbox 693 4459 829 4524; x_wconf 88' lang='lat' dir='ltr'>ohannis</span> <span class='ocrx_word' id='word_1_315' title='bbox 853 4459 920 4542; x_wconf 91' lang='lat' dir='ltr'>egit</span> <span class='ocrx_word' id='word_1_316' title='bbox 945 4458 1161 4543; x_wconf 88' lang='lat' dir='ltr'>proponendo,</span> <span class='ocrx_word' id='word_1_317' title='bbox 1178 4458 1265 4543; x_wconf 89' lang='lat' dir='ltr'>quod</span> <span class='ocrx_word' id='word_1_318' title='bbox 1289 4461 1447 4542; x_wconf 89' lang='lat' dir='ltr'>preterito</span> 
     </span>
     <span class='ocr_line' id='line_1_38' title="bbox 318 4565 1447 4650; baseline 0.002 -18"><span class='ocrx_word' id='word_1_319' title='bbox 318 4587 403 4632; x_wconf 86' lang='lat' dir='ltr'>anno</span> <span class='ocrx_word' id='word_1_320' title='bbox 418 4565 501 4632; x_wconf 89' lang='lat' dir='ltr'>feria</span> <span class='ocrx_word' id='word_1_321' title='bbox 516 4567 657 4632; x_wconf 89' lang='lat' dir='ltr'>secunda</span> <span class='ocrx_word' id='word_1_322' title='bbox 672 4567 819 4650; x_wconf 88' lang='lat' dir='ltr'>proxima</span> <span class='ocrx_word' id='word_1_323' title='bbox 833 4573 908 4650; x_wconf 88' lang='lat' dir='ltr'>post</span> <span class='ocrx_word' id='word_1_324' title='bbox 922 4567 1041 4635; x_wconf 88' lang='lat' dir='ltr'>festum</span> <span class='ocrx_word' id='word_1_325' title='bbox 1065 4569 1153 4635; x_wconf 87' lang='lat' dir='ltr'>beati</span> <span class='ocrx_word' id='word_1_326' title='bbox 1177 4567 1309 4636; x_wconf 87' lang='lat' dir='ltr'>Nicolai</span> <span class='ocrx_word' id='word_1_327' title='bbox 1324 4567 1447 4635; x_wconf 83' lang='lat' dir='ltr'>confes·</span> 
     </span>
    </p>
   </div>
   <div class='ocr_carea' id='block_1_9' title="bbox 0 0 1631 5460">
    <p class='ocr_par' dir='ltr' id='par_1_9' title="bbox 0 0 1631 5460">
     <span class='ocr_line' id='line_1_39' title="bbox 0 0 1631 5460; baseline 0 0"><span class='ocrx_word' id='word_1_328' title='bbox 0 0 1631 5460; x_wconf 95' lang='lat' dir='ltr'> </span> 
     </span>
    </p>
   </div>
  </div>
 </body>
</html>
