3172 5462
691 466 879 516 aurouuour
894 454 1112 517 cantuarita.

869 707 942 768 112.
981 703 982 706 ¹

340 833 433 898 1324.
450 855 521 919 apr.
539 835 620 897 7-e'u.
633 835 660 896 Ι.
679 832 805 916 Kciroly
821 832 1025 916 ltircilpbicc't
1041 829 1184 897 Ger-endi
1202 832 1367 915 Pu'terjirit
1380 833 1458 898 Nil·-

459 943 519 1006 lo'at
535 966 572 1006 az
589 946 703 1026 orszap
710 941 908 1027 scenobat-
924 943 1082 1028 bcto'scipc
1101 943 1340 1029 oldlfdlmenti.

444 1065 590 1132 Karolus
607 1116 612 1130 .
631 1115 637 1130 .
663 1086 721 1130 rex
736 1115 743 1129 .
761 1115 767 1130 .
784 1064 826 1129 ad
857 1067 1081 1131 universorum
1100 1067 1256 1132 noticiam
1272 1117 1279 1130 .
1297 1117 1303 1130 .
1320 1069 1462 1133 volumus

336 1175 511 1260 peruenire,
537 1173 624 1257 quod
648 1194 706 1237 nos
723 1173 934 1239 consideratis
953 1172 1187 1240 fidelitatibus.
1204 1225 1211 1239 .
1228 1175 1355 1239 comitis
1371 1173 1462 1240 Nico-

336 1285 381 1350 lai
397 1281 456 1347 filii
472 1281 562 1347 Petri
589 1281 628 1346 de
645 1278 778 1346 Gerend
794 1332 801 1345 .
818 1332 824 1345 .
843 1305 904 1366 que
921 1283 1013 1348 nobis
1030 1289 1063 1348 et
1078 1304 1178 1366 regno
1203 1288 1315 1348 nostro
1332 1333 1339 1347 .
1357 1333 1363 1347 .
1379 1283 1462 1348 exbi-

336 1393 408 1458 buit
424 1398 457 1457 et
472 1392 628 1475 inpendit,
643 1392 676 1456 in
688 1413 725 1456 eo
742 1393 935 1475 specialiter,
952 1393 1039 1476 quod
1056 1392 1098 1457 ad
1115 1393 1305 1458 mandatum
1321 1399 1462 1459 nostrum

337 1507 479 1566 castrum
495 1499 580 1565 Leta
604 1505 754 1564 vocatum
771 1500 858 1583 quod
884 1501 958 1564 filiis
975 1501 1124 1566 Ladizlai
1153 1502 1317 1586 quondam
1334 1503 1461 1568 roirode

335 1610 520 1675 infidelibus
545 1611 663 1674 nostris
689 1609 901 1674 conservabat
917 1609 1035 1674 eisdem
1060 1610 1198 1676 dominis
1222 1611 1290 1675 suis
1313 1612 1462 1692 rest‘tuit,

338 1725 371 1783 et
395 1717 576 1803 postposita
610 1717 794 1782 eorumdem
819 1717 959 1783 filiorum
984 1718 1134 1783 Ladizlai
1159 1717 1292 1784 voirode
1313 1720 1464 1784 societate

337 1832 446 1893 nostre
462 1827 626 1892 maiestati
643 1848 792 1910 supremo
803 1825 971 1892 fidelitatis
989 1825 1107 1892 affectu
1125 1827 1397 1892 indissolubiliter
1411 1827 1463 1892 ad·

336 1936 453 2003 herens
468 1936 683 2018 possessiones
709 1957 784 2000 suas
801 1941 834 2000 et
859 1937 967 2000 onmia
982 1935 1069 2001 bona
1089 1956 1148 2000 sua
1164 1936 1224 1999 sub
1241 1957 1298 2019 spe
1315 1944 1350 2001 et
1365 1939 1397 2001 in
1412 1937 1463 2000 do-

339 2045 472 2110 rooione
487 2045 590 2109 nostri
605 2045 742 2109 nominis
768 2043 809 2109 ad
826 2044 1044 2129 diripiendum
1069 2045 1305 2110 devastandum
1322 2053 1357 2110 et
1373 2046 1459 2110 deso·

338 2152 470 2218 landum
486 2153 519 2216 in
529 2173 643 2216 manus
654 2151 831 2216 infidelium
844 2159 1029 2217 nostrorum
1041 2153 1242 2218 committere
1257 2154 1391 2218 minime
1401 2152 1461 2218 for-

337 2261 490 2344 midarit3
507 2261 635 2326 demum
652 2282 724 2326 oum
739 2259 836 2345 Moys
861 2260 947 2327 filius
972 2261 1067 2346 Moys
1092 2263 1239 2327 notorius
1266 2269 1381 2327 noster
1395 2260 1461 2326 infi-

338 2370 418 2435 delis
442 2375 557 2436 contra
580 2374 725 2436 nostram
751 2371 955 2437 maiestatem
987 2394 1067 2437 ausu
1097 2357 1271 2436 temerario
1303 2371 1462 2437 rebellans

338 2485 459 2542 terram
499 2483 645 2543 nostram
689 2477 961 2564 Transsylranam
1001 2481 1067 2545 suis
1101 2479 1271 2545 conatibus
1308 2501 1464 2564 occupare

337 2588 497 2652 niteretur
521 2607 585 2651 non
610 2585 783 2652 attendens
808 2587 895 2670 quod
915 2590 970 2671 qui
988 2589 1116 2654 domino
1142 2609 1201 2652 suo
1226 2589 1374 2653 naturali
1389 2591 1462 2652 resi-

338 2695 397 2759 stit
413 2693 519 2760 divine
528 2697 676 2779 potencie
696 2696 899 2778 contradicit,
910 2703 943 2762 et
958 2719 1016 2762 nos
1033 2697 1075 2762 ad
1096 2697 1328 2762 conterendum
1345 2699 1463 2762 elatam

336 2803 440 2887 ipsius
465 2801 562 2886 Mors
587 2805 772 2888 superbiam
800 2803 989 2870 Johannem
1021 2805 1211 2888 magistrum
1237 2807 1465 2890 pincernarum

337 2911 465 2976 domine
480 2913 591 2995 regine
609 2913 766 2978 consortis
791 2919 902 2978 nostre
919 2913 1083 2978 carissime
1108 2914 1306 2997 inpartibus
1323 2913 1466 2978 Transil-

336 3021 428 3085 vanis
445 3021 648 3104 capitaneum
673 3021 876 3105 proficientes
901 3023 1007 3105 ipsum
1027 3023 1176 3088 comitem
1202 3021 1378 3088 Nicolaum
1396 3043 1465 3088 cum

337 3129 410 3194 aliis
425 3127 545 3194 nostris
561 3127 710 3194 fidelibus
735 3130 838 3194 eidem
854 3131 887 3194 in
906 3131 1028 3195 socium
1044 3130 1298 3214 deputassemusa,
1314 3132 1348 3196 in
1364 3133 1466 3214 primo

337 3236 489 3304 conflictu
515 3259 610 3320 quem
635 3238 719 3304 idem
744 3240 897 3322 magister
913 3237 1082 3304 Johannes
1109 3261 1181 3304 cum
1195 3240 1281 3305 dicto
1297 3239 1396 3324 Moys
1411 3241 1466 3305 lra-

338 3345 409 3409 buit
424 3343 484 3409 sub
508 3352 616 3411 castro
642 3345 797 3430 Ohychou
822 3348 891 3432 ipse
917 3368 1023 3412 comes
1048 3346 1205 3413 Nicolaus
1230 3349 1369 3413 viriliter
1396 3353 1465 3414 tan-

337 3473 434 3537 quam
451 3453 501 3518 leo
518 3454 611 3520 fortis
627 3455 753 3521 irruens
777 3456 1006 3540 postmultum
1032 3461 1196 3520 certamen
1222 3457 1288 3522 suis
1305 3459 1466 3541 superatis

336 3561 457 3626 viribus
474 3561 516 3627 ab
532 3562 679 3629 hostibus
703 3561 766 3629 fuit
792 3569 914 3649 captus,
932 3565 971 3629 do
988 3586 1052 3648 qua
1078 3563 1208 3648 quidem
1225 3565 1419 3648 captivitate
1435 3587 1466 3631 se

338 3671 472 3754 propria
487 3672 626 3754 pecunia
650 3671 818 3756 liberavit;
843 3675 988 3741 volentes
1005 3679 1056 3741 tot
1073 3681 1105 3740 et
1122 3677 1222 3741 tantis
1239 3675 1383 3740 eiusdem
1401 3695 1466 3740 ser·

335 3780 424 3845 viciis
441 3780 595 3862 graciosis
610 3781 699 3864 regio
724 3802 893 3848 occurrere
910 3807 982 3849 oum
1006 3783 1124 3867 farore,
1150 3784 1190 3849 de
1214 3785 1421 3868 prelatorum
1437 3789 1468 3849 et

335 3885 494 3952 baronum
509 3893 692 3956 nostrorum
718 3892 851 3957 consilio
876 3897 909 3958 et
929 3915 1087 3960 consensu
1103 3894 1211 3958 omnia
1227 3892 1354 3976 damna,
1370 3915 1468 3959 nocu-

336 4001 454 4080 menta,
479 3997 719 4064 destrucciones
745 4007 778 4066 et
793 4001 1024 4069 oonbusciones
1049 4005 1209 4088 villarum,
1226 4001 1467 4068 confracciones

336 4104 545 4171 ecclesiarum
571 4111 603 4171 et
628 4108 867 4193 cimiteriorum‚
893 4111 1076 4177 oblaciones
1093 4133 1210 4194 rerum,
1227 4110 1468 4192 captivaciones

335 4236 554 4300 personarum,
570 4215 813 4283 interferciones
829 4218 1003 4304 hominum,
1022 4221 1189 4286 illaciones
1204 4219 1383 4302 vulnerum,
1399 4241 1469 4284 mu-

335 4324 502 4389 tilationes
518 4325 744 4408 membrorum,
771 4327 1006 4394 debellaciones
1033 4331 1234 4394 exercituum
1251 4350 1469 4412 quorumcun-

339 4453 402 4515 que
419 4437 452 4495 et
477 4433 673 4514 generaliter
697 4457 735 4501 ac
761 4436 946 4518 specialiter
972 4438 1079 4502 omnia
1095 4438 1182 4502 mala
1207 4443 1240 4501 et
1255 4437 1394 4502 iniurias
1410 4459 1468 4522 per

339 4541 444 4622 ipsum
461 4541 609 4606 comitem
626 4543 800 4609 Nicolaum
816 4549 848 4608 et
864 4543 889 4608 J
891 4545 1026 4610 acobunr
1044 4568 1081 4610 ao
1097 4544 1272 4610 Nicolaum
1288 4543 1376 4610 filios
1394 4567 1467 4610 suos

339 4647 373 4712 in
390 4648 532 4715 serviciis
547 4651 688 4733 ipsorum
706 4651 846 4717 filiorum
862 4651 1008 4718 Ladislai
1029 4653 1162 4718 voirode
1189 4652 1344 4736 quamdiu
1360 4653 1468 4738 ipsum
