3130 5470
547 503 639 564 1330.
657 519 751 564 0000.
770 502 821 565 23.
1176 504 1241 566 473

110 681 184 744 408.
201 701 245 745 00.
263 677 307 766 0.)
324 681 453 746 litteras
468 682 534 746 iam
550 679 628 746 dicti
639 682 773 766 capituli
786 678 1140 764 Quinqueecclesiensis
1150 681 1243 747 nobis

110 788 354 874 demonstravit,
380 789 414 851 in
440 809 577 872 quarum
603 787 772 853 tenoribus
802 789 909 870 ipsum
936 788 1153 852 iuramentum
1184 809 1243 872 per

109 899 217 980 ipsum
234 899 426 981 magistrum
451 897 586 962 Petrum
612 896 651 960 (10
677 894 818 962 Sullane
843 916 982 962 unacum
1008 893 1243 980 0001010000-

110 1006 210 1072 rardo
244 1005 313 1074 filio
344 1007 481 1092 Kemen,
507 1007 606 1072 Petro
638 1008 679 1072 (10
712 1006 857 1090 TelegeZ,
888 1009 1046 1092 magistro
1062 1007 1187 1092 Joseph
1204 1007 1243 1072 de

109 1113 255 1198 Nempti,
271 1115 426 1182 Ladislao
443 1114 510 1180 filio
529 1113 660 1180 Andros
677 1115 716 1180 (10
733 1115 854 1198 eadem,
871 1115 1027 1198 magistro
1043 1114 1144 1180 Petro
1170 1114 1241 1180 filio
1314 1119 1317 1127 “

110 1222 297 1306 Laurencii,
315 1221 483 1308 Stephano
510 1222 577 1288 11110
604 1223 766 1289 Johannis
792 1222 831 1287 de
856 1223 1031 1308 Puruzloo,
1057 1222 1156 1288 Petro
1173 1222 1242 1289 filio

112 1330 252 1395 Manlius
269 1330 308 1395 de
324 1330 497 1416 Letharth,
515 1330 675 1415 Gregorio
701 1331 768 1397 filio
794 1332 957 1398 Johannis
983 1332 1021 1398 (10
1047 1329 1244 1416 Noguangh,

109 1438 262 1504 Fabiano
287 1438 354 1503 filio
380 1439 496 1504 quzlo
522 1440 561 1504 de
585 1439 782 1523 Kamarcha,
810 1439 928 1507 Cosma
959 1440 1026 1505 filio
1052 1438 1188 1504 Markus
1205 1439 1245 1504 de

110 1545 288 1630 Letharth,
305 1545 442 1612 Andrea
459 1545 498 1612 (10
514 1547 659 1632 Kasagy,
675 1547 777 1613 Petro
793 1547 861 1613 filio
888 1547 913 1614 J
914 1549 1007 1615 acobi
1033 1548 1073 1612 (10
1090 1547 1243 1632 Budrug-

110 1677 213 1740 megs,
228 1655 335 1722 Paulo
352 1655 392 1722 de
410 1655 567 1740 Ohukma,
578 1656 685 1722 Kaloa
697 1657 736 1722 (10
747 1657 895 1741 Harazti,
908 1659 1080 1724 Dominico
1091 1657 1131 1722 de
1141 1657 1245 1739 Izlud,

110 1764 268 1830 Ladislao
285 1764 351 1830 filio
367 1765 393 1830 J
394 1764 486 1830 scobi
497 1766 536 1830 ele
546 1764 688 1850 Nempti,
698 1767 789 1850 Rege
799 1764 865 1832 filio
876 1766 1057 1850 Mychaelis
1068 1767 1107 1832 de
1118 1765 1242 1847 eadem,
1268 1839 1272 1857 Ι

110 1873 270 1938 Ladislao
286 1872 353 1938 filio
370 1873 481 1957 Erney
498 1874 537 1938 (10
552 1872 750 1959 Vrmankuz,
767 1873 895 1940 Thema
911 1875 949 1940 de
966 1873 1083 1958 Sychk,
1095 1875 1245 1940 Johanue

110 1981 179 2047 filio
195 1981 290 2046 Petri
307 1981 346 2047 de
362 1979 531 2065 Hermani,
547 1982 730 2047 Laurencio
747 1981 814 2048 filio
830 1982 971 2048 Kondra
988 1983 1026 2048 de
1044 1979 1170 2066 Arpad,
1185 1981 1246 2048 Ni·

112 2089 206 2156 00100
223 2087 292 2154 filio
303 2089 400 2154 Pauli
419 2090 458 2155 de
474 2089 617 2169 Buleed,
631 2087 774 2174 Georgio
790 2089 858 2156 filio
869 2089 971 2156 Blasii
988 2075 1027 2154 de
1043 2089 1245 2172 Erdeuhath,

112 2197 296 2263 Benedicta
313 2196 380 2263 filio
396 2197 501 2264 Ereus
518 2198 558 2263 de
575 2197 709 2282 Peturd,
727 2196 892 2282 Stephano
924 2199 992 2264 filio
1018 2198 1044 2264 J
1046 2197 1181 2263 ohannis
1207 2197 1246 2262 de

114 2305 234 2392 Senye,
250 2307 364 2374 Blasio
382 2305 449 2374 filio
466 2307 597 2373 Nicolai
614 2308 652 2372 de
671 2307 785 2392 Ohery,
803 2308 932 2374 Jacobo
948 2307 1015 2373 filio
1033 2306 1189 2390 Stephani
1206 2306 1246 2372 de

111 2415 332 2497 Kmthuelus,
364 2415 490 2480 Petheu
507 2415 573 2481 filio
600 2415 724 2481 'l'home
751 2417 791 2482 de
816 2415 898 2498 Lod,
924 2415 1062 2482 Nicolao
1088 2415 1181 2498 nigro
1207 2414 1246 2479 (10

111 2524 293 2606 Puruzlou,
309 2523 334 2589 J
335 2523 461 2610 ohanne
477 2523 544 2590 filio
560 2524 672 2590 Alexii
690 2525 728 2590 (10
745 2525 868 2609 eadem,
883 2524 1051 2590 Demetrio
1067 2522 1135 2588 filio
1152 2521 1245 2586 Petri

113 2634 154 2698 de
170 2632 319 2718 Mylaon,
350 2631 487 2699 Nicolao
504 2631 571 2699 filio
588 2633 746 2719 Heydrici
772 2635 811 2698 de
836 2633 980 2718 Buleecl
1006 2633 1032 2698 J
1033 2631 1158 2698 ohanne
1174 2629 1243 2695 filio

111 2742 285 2808 Valentini
302 2743 342 2808 de
368 2740 505 2826 Gurges,
531 2743 684 2809 ι101ιο000
711 2743 777 2808 filio
803 2742 982 2810 Clementis
1013 2741 1052 2806 (10
1084 2738 1243 2820 Ohukma,

111 2851 242 2915 Petheu
258 2850 326 2916 filio
342 2847 501 2916 Hermoni
519 2851 558 2915 de
575 2850 601 2916 J
602 2872 690 2932 eneu,
707 2851 808 2916 Petro
824 2850 891 2916 filio
917 2849 1008 2914 Petri
1035 2850 1074 2912 cle
1101 2847 1245 2933 Nempti,

112 2957 245 3023 Jacobo
264 2959 381 3023 comite
398 2958 437 3022 de
453 2957 609 3042 Budmer,
625 2957 726 3022 Petro
742 2958 809 3024 filio
826 2957 972 3024 Ladislai
989 2957 1028 3022 de
1054 2957 1168 3037 Tesen,
1185 2954 1245 3020 Ni-

111 3067 207 3132 00100
223 3065 292 3132 filio
308 3066 413 3150 Phyle
430 3065 469 3131 (10
485 3067 688 3151 Zenthiwan,
704 3067 910 3154 presentibus
926 3066 1070 3132 Hectore
1081 3065 1149 3131 filio
1159 3064 1245 3129 Her-

95 3173 210 3240 ‘bordi
229 3224 235 3238 .
254 3225 261 3239 .
279 3179 338 3240 001.
356 3173 391 3260 (1.
411 3174 544 3240 11101011
561 3181 636 3242 408.
653 3199 693 3241 00.
710 3175 754 3262 0.)
774 3177 808 3241 10
824 3176 970 3260 predicto
988 3174 1178 3242 duodecimo
1196 3172 1246 3238 (110

111 3281 354 3366 quindenarum
385 3283 561 3349 residencie
587 3284 667 3348 dicti
693 3285 852 3350 exercitus
886 3285 1009 3349 00111001
1040 3283 1122 3348 seria
1153 3287 1244 3347 sexta

110 3391 264 3474 proxima
281 3396 357 3456 0010
374 3392 567 3458 dominicam
585 3414 649 3474 qua
666 3396 818 3456 cantatur
833 3391 975 3476 Exurge,
986 3414 1045 3475 per
1060 3391 1120 3457 hec
1135 3391 1243 3474 verba,

110 3508 149 3564 ut
165 3498 316 3584 predicte
332 3501 549 3584 possessiones
567 3497 698 3565 Arenae
724 3499 915 3566 Zomorrcui
926 3507 958 3566 01
974 3499 1100 3565 Petend
1116 3499 1242 3564 heredi-

111 3609 201 3674 tario
218 3609 288 3674 iure
304 3608 366 3674 sibi
382 3609 576 3692 pertineant,
594 3609 627 3672 in
654 3608 734 3673 facie
760 3609 845 3673 dicte
872 3609 1081 3692 possessionis
1113 3605 1243 3672 Aranas

109 3722 213 3802 prout
229 3717 328 3782 moris
345 3721 392 3782 001
407 3718 515 3783 iurare
532 3739 628 3801 super
644 3723 766 3782 terram
781 3717 842 3810 rite
854 3722 886 3782 01
901 3717 1045 3800 legitime
1061 3717 1245 3800 depositum

110 3825 329 3909 comperimus
346 3826 497 3907 extitisse,
515 3847 587 3890 cum
604 3830 714 3890 autem
731 3824 772 3889 ab
790 3823 910 3889 eisdem
926 3825 1090 3906 magistris
1100 3823 1241 3889 Nicolao

110 3941 143 3998 et
160 3930 331 4016 Stephano
342 3983 349 3997 .
360 3983 366 3998 .
377 3939 436 3998 001.
454 3930 488 4017 (1.
505 3931 640 3999 1ὃο1011)
657 3937 731 3997 408.
749 3953 790 3998 ez.
807 3930 850 4017 0.)
867 3933 931 3996 imo
948 3919 1244 4016 predictospossss·

109 4042 221 4106 sioncs
248 4039 410 4124 adipsum
427 4041 620 4123 magistrum
635 4040 770 4106 Petrum
802 4040 842 4104 de
867 4038 1009 4105 Suklous
1036 4039 1133 4105 titulo
1158 4041 1238 4105 iuris

109 4147 305 4213 hereditarii
323 4169 357 4212 00
373 4148 541 4232 agnovisse
552 4199 558 4213 .
569 4199 576 4214 .
589 4155 647 4214 001.
664 4147 700 4234 (1.
718 4147 852 4214 11101011)
869 4152 944 4213 408.
961 4170 1003 4214 sa.
1020 4145 1063 4232 0.)
1075 4169 1133 4213 000
1144 4149 1245 4230 igitur

110 4259 191 4340 quia
207 4256 358 4341 prefatus
383 4257 541 4339 magister
558 4257 676 4322 Petrus
693 4257 733 4322 de
749 4254 891 4324 Saklous
916 4259 1001 4340 ipsas
1025 4257 1242 4342 possessiones

106 4362 245 4429 Arauas
257 4361 491 4429 Zomorreuiet
505 4363 635 4431 Peteud
651 4365 855 4449 deposicioue
880 4365 1101 4431 iuramenti..
1124 4369 1183 4430 001.
1209 4362 1243 4449 (1.
1292 4419 1294 4423 .

108 4470 251 4540 11101011)
282 4475 357 4536 408.
375 4493 417 4538 sz.
434 4469 478 4558 0.)
509 4473 551 4537 acl
581 4475 687 4558 ipsum
713 4474 904 4557 magistrum
935 4473 1074 4538 Petrum
1105 4474 1244 4537 attinere

108 4586 345 4666 agnoscentem
361 4581 464 4646 eidem
481 4587 574 4647 ..001.
592 4580 626 4668 (1.
644 4580 914 4647 110101140800.
926 4581 1105 4666 0.)000(1οι0
1119 4601 1244 4666 000000-

109 4693 220 4759 siones
247 4687 375 4757 Aranas
406 4689 599 4758 Zomorreui
616 4697 648 4758 01
663 4691 793 4759 Petend
821 4693 882 4780 ipsi
907 4692 1062 4778 magistro
1088 4691 1189 4758 Petro
1206 4689 1245 4758 (10
