3132 5470
562 469 657 532 1328.
676 482 747 532 aas.
765 471 794 530 9.

652 868 725 929 323.

118 1030 216 1093 1328.
235 1028 335 1112 Galle,
344 1033 421 1116 jaan.
437 1033 468 1095 9.
483 1031 605 1097 Milclo'e
616 1034 775 1120 pozaonyi
791 1033 937 1120 fb't'apdn
962 1057 983 1096 o
1007 1034 1101 1118 pallei
1131 1035 1249 1098 66661·-

117 1137 224 1201 a-olcok
240 1139 383 1203 lee're‘aere
399 1139 468 1204 ezek
476 1139 672 1227 Jotbapyait
688 1141 914 1206 mlodeaaemlt
940 1143 1062 1227 caepisti
1078 1141 1198 1208 6616666
1216 1143 1248 1205 66

479 1248 635 1334 ezolpcilat
651 1249 717 1336 61όί
724 1249 888 1336 salmonei.
960 1299 963 1306 .

226 1409 298 1474 Nos
329 1410 483 1493 magister
507 1407 664 1476 Nicolaus
690 1431 794 1477 comes
819 1411 1025 1477 Posoniensis
1041 1461 1048 1476 .
1065 1461 1072 1476 .
1088 1411 1250 1495 significa·

115 1541 190 1585 mus
206 1569 215 1584 .
231 1569 239 1584 .
256 1518 342 1602 quod
358 1517 517 1585 discretus
533 1521 582 1584 vir
593 1519 736 1586 Michael
752 1521 913 1606 presbiter
943 1520 1101 1606 plebanus
1118 1522 1250 1588 ecclesie

114 1627 206 1693 beati
223 1627 315 1692 Petri
332 1627 471 1712 apostoli
503 1627 542 1692 de
567 1627 645 1693 villa
671 1625 754 1695 Gele
779 1635 811 1694 et
834 1629 975 1694 universi
1000 1628 1169 1695 udvamici
1194 1652 1251 1714 pa-

114 1735 267 1802 rochiani
282 1735 431 1802 videlicet
456 1737 595 1802 eiusdem
621 1739 752 1803 ec‘clesie
767 1738 860 1804 nobis
883 1739 1034 1804 intimare
1050 1746 1251 1823 curaverunt,

115 1845 208 1929 quod
234 1847 420 1930 iobagiones
445 1847 531 1913 dicte
556 1847 687 1913 ecclesie
712 1847 745 1912 in
771 1847 842 1931 ipsa
866 1845 945 1912 villa
969 1847 1145 1913 residentes
1160 1847 1251 1914 nullo

113 1977 264 2039 unquam
280 1961 424 2039 tempore
440 1957 550 2020 comiti
565 1956 748 2040 posoniensi
780 1957 830 2021 vel
846 1954 1039 2022 officialibus
1055 1957 1121 2021 suis
1141 1955 1250 2023 debita

114 2064 166 2127 vel
184 2063 340 2128 collectas
356 2065 483 2148 aliquas
499 2065 722 2148 persolverunt
737 2085 797 2129 nec
821 2065 860 2130 de
875 2065 945 2128 iure
969 2065 1091 2130 solvere
1107 2069 1252 2130 teneren-

115 2179 181 2256 tur,
199 2178 314 2256 petens
331 2194 389 2237 nos
405 2173 563 2238 instanter
579 2179 612 2238 et
641 2177 784 2238 attenter
808 2178 846 2238 ut
861 2173 964 2239 dictos
978 2171 1166 2258 iobagiones
1184 2174 1253 2238 sine

113 2281 231 2364 aliquo
249 2279 358 2346 debito
375 2285 407 2344 et
422 2281 592 2346 exaccione
605 2279 728 2364 peffrui
744 2281 961 2362 mitteremus3
985 2281 1070 2346 unde
1095 2303 1154 2347 nos
1166 2282 1251 2364 peti·

116 2389 267 2454 cionibus
285 2387 406 2453 domini
437 2387 607 2454 Michaelis
632 2389 902 2473 parochianorum
926 2389 1146 2474 predictorum
1161 2389 1252 2454 incli-

115 2499 186 2563 nati
202 2498 438 2581 perpetualiter
454 2519 492 2562 ac
508 2499 549 2563 ob
566 2498 771 2564 devocionem
783 2519 880 2582 quam
896 2499 938 2563 ad
954 2497 1134 2583 predictam
1151 2498 1250 2562 eccle-

115 2609 199 2672 siam
217 2606 315 2671 corde
331 2608 481 2690 gerimus
499 2608 711 2673 concessimus
727 2615 765 2672 ut
780 2609 967 2691 iobagiones
991 2608 1093 2692 ipsius
1119 2607 1250 2672 ecclesie

113 2716 259 2801 sepefati
276 2717 366 2782 nullo
384 2723 528 2801 tempore
544 2718 639 2785 nobis
655 2719 706 2782 vel
722 2717 917 2784 officialibus
932 2719 1055 2783 nostris
1071 2717 1183 2800 aliqua
1200 2717 1253 2781 de-

114 2827 188 2890 bita
203 2825 256 2889 vel
274 2827 460 2891 exacciones
485 2826 607 2890 solvere
623 2831 797 2892 teneantur
820 2847 879 2891 neo
903 2826 1015 2910 aliqua
1036 2825 1171 2891 servicia
1196 2825 1252 2891 de·

112 2932 218 2998 beant
235 2931 403 3016 exhibere;
420 2933 510 2999 vobis
526 2935 626 3018 igitur
641 2935 819 3000 vicecomiti
845 2940 877 2999 et
892 2933 1041 3000 omnibus
1058 2933 1253 3000 officialibus

114 3042 241 3107 nostris
258 3091 264 3105 .
282 3091 288 3105 .
304 3041 502 3124 mandamus,
519 3048 678 3126 quatenus
694 3041 876 3127 sepedictos
900 3041 1087 3124 iobagiones
1113 3042 1247 3108 ecclesie

114 3156 296 3216 memorate
311 3152 440 3216 racione
456 3152 635 3217 exaccionis
650 3152 700 3217 vel
716 3151 853 3216 alicuius
878 3151 979 3217 debiti
998 3151 1172 3216 molestare
1189 3172 1254 3216 non

113 3260 349 3342 presummatis
364 3259 429 3326 imo
440 3261 474 3326 in
484 3262 570 3326 omni
585 3281 665 3345 pace
681 3267 714 3326 66
730 3261 904 3326 securitate
916 3281 1045 3326 manere
1061 3260 1239 3344 permittati

111 3417 120 3437 .
139 3417 146 3430 .
166 3365 299 3436 Datum
322 3368 356 3433 in
372 3365 455 3434 Gele
469 3369 504 3432 in
519 3369 596 3434 villa
612 3370 847 3452 prenominata,
856 3369 889 3434 in
907 3370 1029 3434 octavis
1043 3368 1118 3434 festi
1135 3365 1256 3453 Oorpo-

112 3479 160 3543 ris
181 3475 318 3560 Christi,
334 3500 419 3544 anno
436 3477 577 3543 eiusdem
592 3477 646 3543 Μο
662 3475 763 3545 0000
779 3477 973 3548 XXV1110.

228 3641 325 3694 Simon
338 3643 470 3707 pozsonyi
492 3644 572 3708 gytri
585 3643 613 3694 66
626 3643 749 3708 hakonyi
770 3642 938 3707 foispannak
962 3640 1099 3690 »Michael
1112 3639 1249 3702 presbiter

112 3737 142 3783 et
155 3737 253 3784 rector
266 3733 380 3782 ecclesie
392 3734 419 3782 b.
432 3733 509 3783 Petri
523 3734 643 3798 apostoli
656 3735 685 3784 in
713 3733 780 3782 Gele
808 3731 949 3784 »keresere
975 3729 1072 3780 Gellen
1099 3731 1177 3782 1358.
1196 3725 1249 3790 jul.

115 3823 180 3872 1-66
194 3821 715 3888 11611166666616666661,6161γ6616ω66
728 3821 827 3872 1166616
850 3821 939 3872 nidor
963 3819 1098 3870 »Michael
1112 3819 1247 3882 plebanus

113 3913 234 3964 ecclesie
248 3915 274 3962 b.
288 3913 363 3962 Petri
377 3914 496 3977 apostoli
509 3914 542 3963 de
556 3913 638 3964 Gale«
654 3912 778 3964 kerese're
800 3912 982 3976 Pozsonyban
1007 3914 1083 3960 1370.
1097 3911 1151 3958 oct.
1168 3906 1250 3956 ltc'm

109 4005 151 4054 irc
165 4003 198 4053 66
208 4020 215 4066 ;
226 4019 293 4053 ezen
306 4002 404 4053 utbbbi
424 4003 509 4054 atirat
522 4001 651 4067 eredetije
663 4017 783 4068 megvau
797 4016 831 4052 az
853 3999 1071 4067 Egyhriz-Gellei
1093 4012 1161 4050 rom.
1175 3997 1250 4048 cath.

111 4095 226 4162 egyhaz
240 4094 329 4144 ltban.
343 4093 442 4144 szli:
461 4093 570 4145 Kovrtcs
582 4092 705 4143 Nandor.
