3172 5462
552 467 763 534 1324.us1u=.
782 471 832 532 30.
1195 471 1264 534 1¹21

129 649 262 734 Eurym
277 649 425 733 magistri
442 647 540 714 Pauli
555 649 598 716 ad
616 671 715 716 unum
731 652 882 716 trunoum
899 648 963 734 piri
973 671 1033 735 pro
1043 651 1138 734 meta,
1148 648 1264 717 deinde
1362 629 1366 636 ⁵

129 779 304 844 perunum
320 757 404 824 viam
420 778 530 824 versus
545 757 799 844 septemtrionen
814 757 857 824 ad
872 762 941 824 tres
966 757 1075 825 foveas
1099 760 1190 842 putei
1205 781 1264 843 pro

129 872 218 933 meta
232 866 367 951 positas,
383 865 503 932 abhinc
518 867 560 934 ad
577 868 733 934 orientem
749 867 792 932 ad
807 867 964 950 quasdam
990 867 1122 934 arbores
1147 890 1265 933 nucum

130 976 186 1040 uhi
202 981 280 1040 sunt
296 974 359 1040 due
374 979 470 1058 meta,
486 973 602 1040 deiude
613 975 756 1060 gyrando
772 975 815 1041 ad
831 977 1092 1060 septemtrionem
1109 976 1265 1042 adunam

129 1081 281 1148 arborem
296 1082 389 1148 nuois
406 1081 462 1147 ubi
478 1087 555 1147 sunt
570 1082 633 1148 dne
649 1089 734 1150 mete
751 1089 865 1166 terrea,
891 1083 1010 1150 abhinc
1035 1083 1078 1148 ad
1102 1083 1265 1168 quendam

129 1199 276 1257 montem
291 1211 402 1256 versus
418 1189 529 1256 villam
544 1188 655 1255 Kaluz
670 1211 728 1274 per
743 1195 810 1256 tres
825 1193 930 1256 motas
945 1195 1069 1257 torreas
1094 1193 1129 1257 in
1153 1192 1265 1258 eodem

129 1301 240 1364 monte
257 1304 382 1364 erectas
398 1319 537 1382 quarum
552 1320 618 1364 una
632 1304 758 1364 terram
773 1299 892 1380 Kalos,
909 1299 975 1364 alia
988 1304 1108 1366 terram
1118 1300 1266 1384 magistri

129 1407 231 1472 Pauli
248 1406 411 1490 quondam
427 1405 587 1491 Stephani
601 1406 764 1491 Keohhes,
791 1408 893 1472 tersia
917 1413 1040 1473 terram
1065 1407 1090 1473 J
1093 1429 1178 1473 enew
1195 1413 1265 1473 tan·

132 1519 226 1599 gunt,
242 1514 360 1580 deinde
375 1536 485 1581 versus
511 1515 711 1582 occidentem
726 1514 770 1581 ad
786 1514 950 1598 quandam
973 1517 1092 1581 vallem
1117 1516 1174 1581 ubi
1190 1522 1266 1582 sunt

129 1625 195 1690 due
211 1629 299 1690 meto
324 1625 358 1688 in
383 1623 500 1708 quibus
525 1629 602 1690 sunt
626 1625 759 1690 arbores
784 1625 835 1709 zyl
868 1625 1047 1707 vulgariter
1070 1631 1266 1709 nuncupate,

129 1733 250 1799 deinde
281 1748 392 1798 versut
417 1732 619 1798 occidentem
645 1732 687 1799 ad
712 1733 793 1798 duas
818 1739 923 1798 metas
955 1738 1079 1798 terreas
1104 1733 1160 1798 ubi
1191 1739 1266 1798 sunt

129 1841 269 1907 arbusta
294 1841 401 1924 silicie,
432 1841 551 1907 abhinc
575 1841 616 1906 at]
643 1841 778 1907 eandem
804 1841 935 1926 plagam
960 1841 1195 1908 occidentalem
1223 1839 1266 1906 ad

130 1949 298 2034 quandam
314 1948 464 2042 arborem
480 1949 572 2016 nucis
588 1950 680 2015 iuxta
696 1950 780 2016 viam
796 1972 854 2033 per
870 1971 968 2034 qnam
983 1951 1050 2016 itur
1076 1951 1111 2016 in
1136 1948 1266 2015 Budam

130 2057 174 2123 ad
190 2058 275 2122 duas
290 2063 394 2123 motas
412 2063 536 2123 terreas
553 2077 692 2141 quarum
708 2079 774 2122 una
790 2063 912 2122 terram
929 2055 953 2121 J
956 2079 1038 2123 eneu
1054 2063 1193 2141 separat,
1211 2057 1266 2122 ab·

130 2168 210 2232 hino
225 2188 338 2232 versus
353 2165 484 2232 Budam
500 2167 648 2231 metatim
664 2165 821 2231 veniendo
834 2167 926 2231 iuxta
941 2167 1026 2231 uiam
1044 2167 1085 2233 ad
1103 2165 1266 2250 quandam

132 2275 254 2340 vallem
270 2273 327 2339 ubi
343 2275 584 2357 coniunguntur
604 2279 690 2339 terre
706 2273 786 2339 Wrs
802 2273 912 2356 ibique
927 2275 1152 2357 terminantur,
1169 2275 1266 2338 salvis

130 2385 232 2449 terris
248 2383 383 2448 ecclesie
398 2388 508 2448 nostre
534 2383 622 2448 intra
646 2381 751 2447 dietas
777 2387 879 2448 metas
904 2383 1054 2448 similiter
1080 2405 1139 2468 per
1162 2389 1266 2448 motas

127 2491 338 2576 distingendo
355 2492 468 2557 eodem
484 2492 642 2576 magistro
658 2490 743 2576 Tyso
759 2493 974 2575 personaliter
1001 2492 1082 2557 inibi
1108 2492 1266 2557 existento

123 2600 385 2667 remanentibus.
401 2599 528 2665 Datum
542 2600 576 2664 in
593 2600 735 2666 erastino
752 2605 940 2666 octavarum
958 2600 1057 2666 medii
1074 2597 1266 2682 Quadrage-

125 2713 220 2794 sime,
236 2730 323 2775 anno
339 2707 461 2773 domini
476 2707 530 2772 Μ0
546 2705 647 2775 000⁰
663 2706 756 2773 XX⁰
772 2715 899 2794 quarto.

240 2873 261 2922 I.
275 2872 382 2936 Ksiroly
395 2871 542 2935 kiralynak
558 2873 691 2922 1325-ben
707 2873 842 2922 »seeundo
854 2887 942 2922 nonas
964 2872 1050 2922 Julii«
1075 2872 1159 2936 fiiggb
1173 2869 1265 2935 penset

124 2964 202 3012 alatt
215 2962 328 3012 kiadott
339 2962 504 3025 megentisittt
518 2961 696 3021 oklevelebttt
710 2961 839 3025 melynek
852 2960 984 3026 ererletijo
1004 2975 1122 3024 megvan
1145 2975 1176 3009 uz
1194 2972 1263 3008 orsa.

124 3049 631 3116 ltarkineststriosztstlyaiban,lt10n.
653 3051 685 3102 V.
709 3051 814 3102 Buden.
838 3056 862 3100 7.
877 3055 900 3101 3.
923 3051 990 3116 dipl.
1016 3052 1047 3101 lt.
1062 3053 1139 3101 2235.
1165 3049 1262 3100 Kezli:

124 3141 211 3206 Nagy
224 3141 324 3208 Gyula.

618 3323 777 3333 ----—-—-

667 3577 740 3639 109.

122 3743 229 3808 1324.
241 3751 334 3805 murt.
344 3743 397 3806 30.
408 3741 514 3804 Bihur
527 3744 691 3826 uutrrueppo
704 3741 837 3826 ispciuju
847 3743 879 3805 o'a
891 3739 1071 3804 hir-ritrtruoi
1081 3764 1103 3804 a
1114 3739 1264 3822 Milto'fla

120 3853 159 3916 e's
182 3850 358 3934 Zuorrlfiu
374 3849 476 3913 bozon
493 3873 549 3934 epp
565 3847 695 3928 reszru'il,
711 3853 781 3912 srrds
798 3847 917 3914 re'ezrr'il
943 3847 1079 3932 Gerpelp
1105 3847 1264 3930 eooresflu

370 3957 472 4020 kustu
481 3955 685 4044 fitutforpott
704 3965 794 4042 lippet
810 3955 1030 4041 ethalosztjrik.

243 4117 313 4184 Nos
338 4118 495 4202 magister
525 4116 698 4202 Philippus
717 4119 893 4185 rioeoomes
918 4118 1119 4184 Bihoriensis
1139 4123 1171 4184 et
1187 4139 1264 4202 qua·

116 4235 206 4296 tuor
222 4225 345 4292 iudices
370 4224 527 4290 nobilium
553 4224 593 4288 de
619 4225 740 4308 eodem,
765 4226 879 4293 damus
904 4249 963 4311 pro
989 4228 1153 4309 memoria,
1179 4227 1265 4309 quod

116 4358 205 4404 cnm
222 4333 399 4399 seeundum
414 4333 551 4398 formam
565 4333 711 4416 priorum
719 4318 913 4400 ¹litterarum
933 4340 1117 4400 nostrarum
1133 4333 1266 4400 Leukus

113 4446 217 4513 filius
234 4438 331 4507 Mihu
346 4448 380 4508 et
395 4441 506 4507 Zuard
516 4439 602 4506 filius
613 4439 761 4526 Chepani
777 4465 815 4508 ao
826 4465 909 4508 unns
925 4443 1054 4526 iobagio
1073 4492 1080 4507 .
1096 4491 1103 4507 .
1120 4443 1263 4526 ipsorum

112 4551 284 4620 videlicet
299 4549 391 4614 Beke
407 4555 521 4615 eontra
538 4549 679 4615 nobilem
707 4551 811 4616 virum
837 4552 1029 4636 magistrum
1062 4549 1264 4634 Stephanum

111 4662 233 4730 filium
250 4659 378 4724 comitis
397 4655 551 4742 Gregorii
566 4657 648 4724 feria
663 4661 767 4726 tercia
791 4661 938 4745 proxima
964 4666 1040 4726 ante
1065 4659 1162 4724 medii
1179 4657 1265 4743 Qua-
