3132 5470
569 475 661 537 1327.
684 489 752 536 sur„
777 477 826 537 ll.
1190 477 1252 540 311

127 652 200 717 bato
217 653 366 736 proximo
382 657 458 718 ante
475 657 604 718 octavas
622 655 843 737 apostolorum
859 651 952 719 Petri
979 660 1011 719 et
1036 653 1142 739 Pauli,
1169 677 1255 722 anno

128 761 246 827 domini
262 761 318 830 Μ0
334 759 435 828 000⁰
450 761 542 828 ΧΧ0
558 761 654 830 VH0.

230 927 308 990 Ssjdt
323 926 652 989 1327.eviokleve1ebel,
675 929 803 992 melyben
816 941 833 976 a
845 927 939 991 hdnep
962 928 990 977 es
1013 943 1068 991 nap
1091 943 1123 978 az
1146 928 1254 979 oklevdl

127 1015 347 1082 elrougyoltsitga
360 1015 443 1066 mistt
453 1015 482 1064 ki
496 1031 559 1066 nem
570 1018 687 1082 vehetii;
702 1018 789 1067 ebben
798 1056 800 1060 ,
809 1033 825 1066 a
845 1017 945 1066 tarnok
958 1017 1006 1082 igy
1017 1017 1130 1068 czimezi
1143 1021 1254 1084 magist:

128 1108 281 1158 »lohannes
294 1107 429 1170 magister
450 1107 658 1156 tavaruicorurn
681 1106 791 1157 domine
815 1107 909 1171 regine
933 1113 960 1157 et
974 1109 1142 1158 castellanus
1156 1109 1188 1158 de
1202 1111 1253 1158 Pa·

127 1198 207 1246 thais«
222 1213 234 1246 s
247 1195 322 1246 eldre
334 1195 485 1246 becsetvin
501 1196 590 1260 »qnod
604 1211 668 1246 cum
680 1197 802 1247 Thomas
817 1198 888 1247 iilius
902 1198 992 1262 Zeged
1005 1199 1107 1248 nobilis
1121 1199 1154 1248 de
1166 1200 1254 1251 Thess

127 1293 220 1340 contra
233 1289 351 1352 populos
364 1293 392 1338 et
404 1288 567 1351 iobagiones
582 1288 694 1338 domine
717 1289 810 1352 regine
832 1289 863 1338 de
880 1287 956 1338 Azsr
978 1289 1099 1352 primum
1120 1291 1255 1354 magistro

126 1377 198 1431 llicls
212 1380 240 1427 et
253 1392 423 1440 consequeus
436 1377 516 1428 nobis
530 1377 690 1440 frequenter
712 1381 877 1440 conquestus
900 1377 1038 1428 extitisset
1060 1392 1092 1428 eo
1105 1379 1180 1442 quod
1194 1393 1254 1442 pre·

126 1471 189 1520 dicti
201 1470 301 1535 populi
315 1470 347 1520 de
360 1469 433 1519 Aser
445 1469 559 1519 terciam
572 1473 681 1533 partem
696 1468 874 1532 possessionis
887 1469 1107 1534 eiusdemipsum
1119 1471 1149 1519 in
1163 1471 1252 1520 Thess

119 1542 332 1627 'contingentem
346 1565 373 1610 et
386 1561 445 1610 iure
458 1559 587 1626 geniture
601 1560 654 1610 sibi
668 1561 810 1610 cedentem
824 1563 1020 1623 occupassent«
1045 1560 1152 1612 miutdn
1165 1575 1182 1610 a
1202 1576 1249 1624 pa-

129 1653 219 1703 naszld
232 1651 343 1716 Zegedfl
357 1652 455 1702 Tamais
469 1652 634 1702 eldmutatta
646 1651 742 1700 Mikch
756 1651 847 1700 eldbbi
860 1651 1018 1704 remorsas
1032 1651 1182 1713 dvnelkiili,
1205 1665 1251 1700 va·

126 1743 222 1793 ismint
234 1745 321 1794 Janos
334 1743 491 1792 teisuoknek
500 1742 572 1808 sajet
584 1742 699 1792 idntebb
711 1742 806 1791 lrdzdlt
819 1740 965 1804 okleveler,
978 1741 1034 1806 iigy
1046 1742 1252 1794 nemkiildnben

127 1849 142 1883 a
155 1833 355 1898 pannonhalmi
369 1837 489 1884 convent
499 1833 645 1898 jelentesdt
658 1834 779 1883 wli-idi
794 1833 823 1896 (l.
837 1833 938 1896 sle-bb),
952 1833 1037 1883 Janos
1050 1833 1151 1884 tarnolr
1164 1834 1253 1884 mind·

129 1925 220 1974 ezeket
233 1924 318 1990 dlirjs
355 1939 372 1973 a
384 1925 533 1975 birtokban
547 1924 719 1988 apanaszldt
731 1923 898 1987 inegerositi.
910 1923 1006 1973 Mikch
1019 1923 1176 1974 telinoknals
1197 1939 1252 1974 em·

123 2014 196 2065 litett
226 2014 366 2064 evnelki'sli
389 2015 572 2080 olsleveleigy
584 2015 720 2078 hangzils:
756 2015 884 2062 »Mickch
897 2013 1029 2078 magister
1043 2015 1249 2066 tavernicorum

123 2105 228 2154 domine
241 2105 337 2170 regine
349 2105 483 2170 magistro
498 2105 637 2170 Stephano
652 2104 767 2154 officiali
786 2105 819 2155 de
843 2105 916 2154 Aser
938 2104 1013 2154 fideli
1033 2119 1081 2154 suo
1113 2106 1249 2155 omnimo·

123 2196 182 2246 (lam
195 2196 381 2246 dilectionem.
395 2195 541 2246 Fidelitati
560 2199 607 2246 tue
617 2196 734 2246 firmiter
744 2195 919 2260 precipiendo
933 2194 1097 2245 insudamus
1111 2200 1247 2260 qnatenus

122 2287 214 2336 stetim
226 2286 295 2336 visis
308 2286 483 2349 presentibus
508 2287 621 2336 accedas
646 2286 681 2335 ad
707 2287 906 2349 possessionem
931 2286 1035 2338 Thome
1059 2285 1192 2351 Stephani
1218 2291 1246 2336 ot

123 2377 227 2428 Andree
240 2377 308 2427 Tees
322 2379 447 2427 vocatam
462 2391 525 2426 eum
538 2377 651 2427 homine
665 2376 781 2440 capituli
795 2382 823 2426 et
835 2377 924 2440 ipsam
937 2377 1015 2427 iuxta
1037 2380 1142 2428 veteres
1155 2383 1245 2426 metas

122 2475 148 2517 et
159 2469 287 2532 antiquas
310 2480 417 2530 separes
440 2481 456 2515 a
478 2469 553 2516 terra
574 2467 647 2516 Azar
670 2466 752 2516 certis
765 2466 847 2516 metis
861 2470 889 2516 et
911 2466 1067 2516 limitibus.
1083 2469 1204 2516 ,Datum
1217 2466 1247 2514 iu

121 2559 260 2624 Visegrad,
274 2557 414 2608 dominica
428 2556 555 2621 proxime
566 2561 630 2620 post·
643 2559 755 2606 octavas
768 2557 932 2606 Nattvitat-is
946 2557 1033 2625 Maris
1055 2557 1171 2621 virginis
1189 2557 1248 2622 glo·

122 2649 215 2698 risse«
231 2649 316 2698 diuos
330 2647 431 2696 cernor
448 2645 567 2695 isar-isi
580 2645 738 2710 elrongyolt
751 2646 883 2712 oklevele,
896 2648 1026 2710 melyben
1039 2647 1182 2696 mindozen
1197 2648 1247 2696 ok·

121 2738 225 2788 lerelelr
237 2737 387 2800 atlruttals3
414 2751 533 2800 megvan
554 2752 586 2786 az
608 2751 676 2786 orsz.
690 2737 746 2787 ltdr
770 2737 866 2788 kincst.
893 2741 959 2786 oszt.
983 2736 1016 2785 N.
1030 2737 1063 2786 R.
1079 2737 1110 2788 A.
1127 2740 1186 2787 701.
1201 2740 1244 2786 44.

119 2827 185 2893 dipl.
197 2827 268 2878 lter:
290 2831 368 2877 2441.
389 2825 487 2890 Kdzli:
506 2825 586 2892 Nagy
607 2826 705 2891 Gyula.

646 3247 719 3308 276.

119 3409 213 3472 1327.
230 3409 386 3494 Pozeoay,
394 3409 460 3493 jul.
482 3411 532 3472 ll.
551 3411 697 3493 Pozsosy
723 3413 890 3494 'acirmepye
916 3409 1085 3494 alispa'rpja
1111 3412 1143 3473 a‘s
1160 3408 1244 3472 tii-6·

117 3519 223 3580 taraci
238 3515 370 3582 Sanaos
387 3517 639 3604 orszsipbirdnalc
668 3518 762 3580 1327.
771 3519 846 3601 jars.
867 3517 966 3580 18-άη
991 3517 1055 3581 tete
1071 3519 1103 3580 e's
1111 3517 1246 3601 fdntebb

118 3627 189 3690 270.
217 3650 257 3690 sz.
283 3650 313 3690 e.
348 3626 451 3702 texult
481 3627 672 3690 haldrozata
705 3627 821 3689 szerint
854 3626 1003 3689 Felicirin
1035 3626 1244 3712 szolqdjriaalc

252 3735 410 3799 Pateat
427 3735 532 3819 eskltje
548 3735 701 3798 lete'telc're
717 3735 915 3819 tolerassent
931 3735 1044 3799 tr'izaels
1060 3735 1103 3798 st.

220 3911 290 3978 Nos
307 3913 460 3996 magister
475 3911 596 3977 Petrus
613 3912 790 3977 vicecomes
816 3912 1022 3978 Posoniensis
1048 3919 1080 3976 et
1097 3917 1240 3996 quatuor
1346 3963 1348 3970 .
1449 3964 1452 3975 .

113 4020 234 4085 iudices
250 4019 407 4085 nobilium
423 4019 463 4084 de
480 4019 591 4086 eodem
608 4019 721 4085 <lanius
739 4044 797 4106 pro
814 4022 976 4104 memoria,
1003 4021 1088 4106 quod
1111 4043 1182 4085 eum
1200 4044 1247 4087 se·

114 4129 252 4194 eundum
285 4129 522 4194 continenciam
552 4129 769 4196 litterarum.
796 4182 802 4196 .
828 4129 994 4215 magnifici
1024 4131 1083 4195 riri
1117 4132 1242 4196 cernitis

113 4239 293 4305 Alexandri
318 4239 434 4304 iudicis
471 4239 559 4304 curie
584 4238 706 4304 domini
740 4242 826 4324 regis
861 4239 1020 4307 Nicolans
1045 4240 1187 4324 Magnus
1213 4247 1246 4306 et

111 4347 238 4413 Petheu
254 4349 397 4414 serviens
423 4348 571 4430 magistri
588 4347 746 4414 Feliciani
765 4351 879 4434 quinta
895 4349 977 4414 feria
1001 4350 1149 4434 proxima
1165 4355 1239 4433 post

111 4461 241 4521 octavas
256 4455 345 4520 beati
361 4453 386 4520 J
387 4455 523 4520 ohannis
539 4455 692 4539 Baptista
705 4478 813 4522 eoram
824 4457 916 4522 nobis
933 4457 1147 4541 personaliter
1158 4479 1242 4522 eom·

111 4584 225 4647 parere
241 4562 426 4658 debuissent
443 4567 476 4627 et
491 4585 550 4628 nos
567 4563 587 4627 d
601 4585 618 4628 e
643 4564 793 4630 libertate
818 4565 984 4630 Kasmerii
1010 4547 1184 4647 diligenter
1200 4567 1247 4630 in-

118 4672 279 4756 vestigare
296 4671 505 4756 dignaremur
529 4674 599 4756 ipso
625 4678 733 4739 tamen
759 4675 868 4759 itaque
895 4675 1031 4740 termino
1057 4673 1247 4739 adveniente
