3152 5472
344 458 408 517 600
700 471 888 518 assounonr
905 460 1124 518 cantuaria.

251 666 254 672 ·
342 632 428 700 lilius
444 633 602 718 Stephani
617 634 676 698 filii
693 633 836 717 Henthc‚
853 633 993 698 Thomas
1020 641 1053 700 et
1078 635 1213 700 Hentbe
1230 635 1287 700 lilii
1311 635 1450 703 Jobannis

344 741 401 807 tilii
419 741 576 826 Stephani
602 743 724 809 nobiles
741 742 781 808 de
797 741 918 808 Wereb
954 751 1066 810 contra
1090 743 1263 811 Nicolaum
1279 746 1451 814 1111001001-

346 851 435 916 rardi
466 853 499 916 in
530 853 697 936 presencia
729 850 870 918 eiusdem
886 901 917 916 ..
949 850 1183 938 archiepiscopi
1209 875 1384 937 comparere
1408 855 1451 918 de-

344 958 491 1025 buissent
515 967 553 1026 nt
567 958 714 1044 partibus
740 959 942 1044 presentibus
967 959 1053 1026 idem
1069 1011 1099 1026 ..
1132 983 1230 1048 super
1255 983 1291 1028 eo
1310 964 1379 1047 qnia
1392 985 1450 1048 pre·
1541 969 1542 1026 1

349 1065 427 1132 dicti
443 1067 566 1134 nobiles
582 1069 622 1134 de
649 1068 773 1134 Wereb
793 1069 1009 1134 instrumenta
1028 1069 1147 1153 quibus
1171 1069 1380 1138 mediantibus
1393 1093 1453 1156 pro-

349 1181 440 1242 tavos
456 1177 600 1260 ipsorum
626 1199 646 1242 a
662 1185 796 1262 protare
812 1177 952 1262 predicti
967 1175 1096 1244 Nicolai
1115 1177 1175 1244 filii
1191 1177 1379 1246 Corrardiin
1394 1203 1453 1264 pos-

345 1285 539 1352 sessionibus
554 1305 666 1352 eorum
685 1285 874 1352 divisionem
884 1285 1002 1351 tactam
1013 1286 1111 1352 luisse
1127 1286 1310 1354 asserebant
1320 1295 1350 1354 et
1367 1289 1451 1354 eccle·

348 1391 430 1458 siam
445 1393 485 1458 de
501 1393 623 1460 Wereb
647 1396 681 1460 in
698 1395 850 1479 porcione
875 1397 1018 1479 ipsorum
1041 1395 1075 1459 in
1099 1395 1256 1461 divisione
1281 1397 1324 1462 eis
1347 1395 1453 1462 cedenti

349 1507 566 1570 constructam
582 1509 615 1570 ct
630 1524 689 1586 pro
706 1525 743 1568 eo
768 1504 873 1586 ipsum
898 1501 1070 1569 Nicolaum
1095 1504 1128 1568 in
1145 1509 1318 1588 patronatu
1333 1505 1455 1570 eiusdem

349 1608 483 1676 ecclesie
493 1631 556 1676 non
568 1611 686 1678 habere
696 1613 982 1697 porcionem..uon
993 1620 1169 1696 potuerunt
1179 1612 1328 1680 exhibere
1337 1621 1455 1699 etsuper

351 1715 454 1804 aliis(
468 1767 572 1786 .....
588 1717 602 1806 )
619 1720 646 1786 is
671 1721 705 1786 in
730 1721 848 1786 eisdem
864 1721 1028 1804 prioribus
1044 1721 1163 1787 litteris
1178 1723 1298 1788 nostrie
1322 1725 1456 1808 expressis

350 1823 480 1892 iusticia
503 1828 664 1894 mediante
680 1830 743 1894 line
763 1828 871 1895 debito
897 1831 1068 1912 decideret,
1094 1830 1225 1895 tandem
1249 1831 1319 1914 ipso
1341 1832 1456 1896 termino

352 1931 542 2000 adveniente
560 1936 705 2019 predicto
722 1935 865 2022 Georgio
882 1959 940 2022 pro
951 1959 984 2003 se
1001 1945 1032 2002 et
1048 1959 1108 2021 pro
1124 1939 1194 2021 ipso
1210 1938 1456 2022 margistroPanlo

350 2039 575 2110 archidiacono
592 2094 599 2108 .
616 2093 623 2112 .
648 2045 726 2110 item
742 2043 842 2112 Petro
858 2043 923 2110 filio
941 2027 1106 2128 Stephani,
1124 2044 1251 2111 Thoma
1274 2045 1338 2111 filio
1352 2045 1456 2112 Joban-

350 2149 400 2214 nis
416 2170 475 2233 pro
493 2171 525 2216 se
541 2157 574 2218 et
589 2173 648 2237 pro
664 2149 798 2217 Henthe
817 2152 918 2218 fratre
935 2175 992 2218 suo
1009 2202 1016 2217 .
1033 2203 1040 2217 .
1066 2151 1107 2218 ab
1124 2173 1190 2218 una
1205 2159 1306 2236 parte,
1321 2153 1359 2218 ab
1372 2153 1457 2218 altera

350 2278 426 2324 vero
443 2308 475 2326 ..
506 2259 633 2343 prefato
658 2259 796 2326 Nicolao
821 2259 887 2326 filio
905 2259 1060 2327 Corrardi
1085 2281 1194 2326 coram
1221 2261 1331 2327 eodem
1349 2259 1457 2326 domino

352 2373 464 2436 nostro
507 2368 748 2454 archiepiscopo
782 2365 996 2454 personaliter
1036 2367 1222 2436 constitutis
1263 2389 1301 2432 ex
1334 2367 1457 2451 parcium
1543 2371 1544 2400 ³

353 2477 521 2543 voluntate
549 2525 580 2542 ..
612 2476 842 2542 discussionem
874 2497 969 2541 cause
1000 2496 1055 2541 sen
1087 2475 1214 2558 negocii
1238 2476 1401 2542 eorundem
1427 2497 1459 2539 ex

352 2585 505 2652 mandato
538 2585 679 2652 eiusdem
711 2584 833 2652 domini
850 2586 952 2651 nostri
977 2583 1020 2650 ad
1051 2583 1229 2669 quindenas
1252 2583 1459 2650 Penthecostes

354 2716 439 2762 nuno
454 2697 607 2762 venturas
625 2743 655 2760 ..
688 2693 729 2760 ad
754 2692 924 2778 specialem
943 2693 1142 2778 presenciam
1168 2692 1309 2758 eiusdem
1333 2692 1460 2758 duxinnn

353 2801 638 2890 prorogandam..
665 2799 790 2868 Datum
815 2799 982 2886 Strigonii‚
1000 2809 1112 2869 octavo
1139 2803 1191 2868 die
1217 2803 1341 2868 termini
1363 2821 1461 2886 preno-

356 2913 417 2979 tati
434 2911 557 2978 scilicet
572 2912 606 2976 in
623 2911 763 2977 crastino
780 2910 853 2978 festi
869 2909 1079 2978 Ascensionis
1095 2908 1224 2996 domini,
1240 2932 1322 2978 anno
1340 2908 1461 2976 eiusdem

353 3018 408 3086 Μο
424 3018 524 3088 000ο
539 3017 671 3086 XXX⁰
689 3020 837 3088 secundo.

462 3186 591 3236 Zarlattn
602 3185 702 3237 harem
716 3182 1029 3248 peccettdredekeivc13
1043 3183 1176 3248 eredetije
1189 3199 1222 3234 az
1236 3199 1305 3236 orsa.
1316 3183 1365 3234 lter
1375 3181 1461 3233 kinest

355 3279 424 3326 cszt.
437 3275 470 3326 N.
487 3275 520 3325 R.
533 3274 566 3324 A.
587 3277 630 3326 12.
647 3279 688 3326 12.
703 3273 770 3340 dipl.
789 3274 862 3326 lter:
878 3277 956 3325 2726.
975 3273 1075 3325 Kczli:
1089 3273 1200 3325 Koraos
1218 3273 1252 3325 N.

840 3451 999 3462 -——-—-

886 3673 959 3736 512.

357 3838 453 3900 1332.
479 3835 646 3920 Viseprdd,
654 3839 730 3921 joa.
747 3841 776 3901 3.
804 3839 831 3901 I.
857 3835 982 3920 Kcirolp
1007 3835 1120 3920 barely
1136 3836 1209 3900 clerc
1225 3833 1398 3899 Korouczo'i.
1413 3829 1462 3891 lst-

355 3947 433 4024 vda,
449 3943 579 4008 Miha'ld
604 3945 681 4010 Boe
697 3949 729 4011 e'a
745 3944 875 4010 Keleciz
896 3955 977 4010 aierit
995 3941 1132 4028 Somopp
1148 3943 1333 4028 cdrmeppci
1348 3937 1462 4005 birtol'o

626 4053 682 4117 ltot
700 4053 765 4116 Pal
781 4052 1036 4137 oraaripbr'rdaolc
1053 4051 1210 4116 elb‘rblrc'ti.

463 4209 533 4276 Nos
549 4211 695 4277 Karolns
712 4263 718 4277 .
735 4263 742 4276 .
758 4233 815 4278 rex
831 4263 838 4276 .
855 4260 862 4276 .
887 4210 1107 4294 significamus
1132 4261 1139 4276 .
1165 4260 1172 4276 .
1199 4209 1288 4295 quod
1313 4203 1461 4292 magnifico

356 4322 424 4386 viro
442 4322 559 4386 comite
578 4321 684 4386 Paulo
701 4320 767 4387 filio
784 4320 926 4388 Simonis
943 4319 1048 4386 iudice
1064 4321 1152 4386 curie
1168 4327 1279 4386 nostre
1295 4370 1302 4384 .
1320 4369 1328 4384 .
1355 4317 1393 4383 ab
1413 4331 1464 4378 una

356 4436 460 4514 parte,
476 4435 508 4494 et
524 4431 679 4513 magistro
696 4429 863 4516 Stephano
880 4429 947 4495 filio
962 4428 1135 4496 Michaelis
1151 4426 1210 4492 filii
1235 4426 1328 4493 Petri
1352 4426 1389 4491 de
1408 4419 1464 4488 Kc

358 4561 497 4604 rumzow
513 4545 607 4624 parte
624 4539 665 4604 ab
683 4540 787 4605 altera
804 4561 912 4605 coram
930 4537 1023 4605 nobis
1038 4588 1045 4603 .
1062 4590 1069 4604 .
1091 4537 1276 4604 constitutis
1286 4533 1464 4622 propositum

359 4647 468 4712 extitit
492 4667 550 4732 per
575 4647 702 4715 eosdem
720 4699 751 4714 ..
778 4647 865 4732 quod
891 4647 976 4714 idem
1001 4647 1158 4732 magister
1184 4643 1366 4731 Stephanus
1393 4639 1464 4706 filius
