3154 5474
365 452 429 514 542
719 471 907 518 nusouuour
923 458 1140 518 onsrlusrln.

363 629 504 700 Valterii
520 631 661 716 legitime
678 631 767 699 nullo
792 631 1029 699 contradicente
1044 634 1251 718 assignatum,
1266 641 1362 718 prout
1375 633 1408 698 in
1422 633 1478 716 pri·

363 740 566 825 vilegialibus
592 741 695 808 literis
711 743 775 808 iam
807 743 886 809 dicti
912 744 1044 829 capituli
1070 744 1152 810 feria
1183 743 1321 810 secunda
1348 743 1478 829 proxima

362 854 436 914 aute
452 849 571 916 festum
593 849 749 918 Omnium
766 849 958 920 Sanctorum
974 873 1057 919 anno
1077 852 1199 920 domini
1216 853 1269 919 Μο
1285 851 1358 920 000
1371 848 1479 916 LXX⁰

362 959 463 1024 tercio
481 961 636 1024 emanatis
661 960 788 1044 plenius
813 961 950 1027 vidimus
976 964 1143 1048 contineri,
1169 969 1201 1028 et
1226 960 1424 1048 postmodum
1445 957 1478 1022 de

365 1066 477 1132 eodem
493 1069 609 1133 comite
633 1067 770 1138 Valtero
796 1069 837 1134 ad
852 1089 966 1135 manus
984 1121 1015 1136 ..
1047 1070 1166 1137 Karoli
1183 1122 1213 1137 ..
1245 1072 1330 1154 regis
1346 1121 1375 1136 ..
1400 1067 1478 1132 dem·
1562 1137 1563 1142 ,

365 1173 469 1241 lutum
486 1199 544 1262 per
561 1199 745 1262 eumque..
776 1199 884 1263 regem
901 1228 932 1244 ..
966 1179 1028 1245 sibi
1043 1201 1102 1264 pro
1120 1179 1296 1246 meritoriis
1314 1180 1378 1244 suis
1393 1175 1479 1242 fideli·
1561 1225 1563 1248 ς

366 1282 426 1348 bus
453 1286 594 1350 serviciis
626 1284 738 1352 datum
769 1291 925 1370 perpetuo
957 1293 990 1352 et
1020 1287 1172 1354 collatum
1203 1293 1236 1352 et
1265 1309 1324 1372 per
1348 1285 1478 1352 comitem

362 1387 489 1458 Petheu
506 1393 669 1477 quondam
693 1393 830 1460 iudicem
847 1391 1103 1479 strigoniensem
1126 1393 1289 1460 hominem
1306 1392 1479 1460 eiusdem..

363 1501 449 1582 regis
481 1523 588 1568 coram
613 1503 797 1568 testimonio
822 1509 998 1569 conventus
1024 1501 1255 1570 cruciferorum
1281 1503 1384 1568 sancti
1406 1501 1479 1582 regis

365 1605 521 1690 Stephani
538 1609 577 1674 de
592 1607 759 1694 Strigonio
785 1608 958 1674 adscitum
985 1609 1126 1676 eiusdem
1145 1610 1280 1695 capituli
1296 1607 1480 1692 Strigouieu·

367 1711 411 1780 sis
427 1717 518 1782 nullo
534 1719 662 1801 penitus
687 1716 926 1784 contradicente
954 1720 1018 1784 imo
1034 1719 1105 1802 ipso
1121 1717 1263 1802 capitulo
1288 1717 1480 1802 permittente

363 1829 396 1887 et
419 1825 824 1890 consencientestatutum
841 1845 897 1890 seu
913 1825 1113 1909 assignatum
1138 1826 1247 1908 palam
1274 1831 1307 1890 et
1321 1823 1480 1900 manifeste,
1562 1871 1563 1874 ,

363 1931 602 2018 secundumque
638 1935 671 1998 in
698 1933 801 1998 literis
826 1933 1084 2018 privilegialibus
1116 1933 1379 2018 prenominati..
1407 1932 1480 2015 regis
1562 1937 1563 2010 j

364 2060 448 2104 anno
463 2038 586 2104 domini
609 2039 663 2105 Μ0
679 2037 780 2107 0000
794 2041 967 2126 ,tricesimo
993 2041 1094 2106 tercio
1119 2063 1221 2107 nonas
1245 2039 1318 2106 Mai
1343 2037 1481 2106 confectis
1562 2089 1563 2094 ,

361 2147 557 2214 lucidissime
573 2148 710 2214 vidimus
720 2149 886 2231 contineri,
896 2153 1045 2233 preterea
1060 2171 1118 2234 per
1134 2152 1284 2216 comitem
1295 2148 1480 2233 Stephanum

362 2257 464 2323 filium
481 2256 617 2342 predicti
643 2259 768 2325 comitis
791 2257 918 2324 Valteri
935 2265 1005 2324 tum
1019 2259 1148 2324 racione
1163 2259 1382 2344 proximitatis
1405 2254 1481 2340 quod

364 2368 439 2452 quia
463 2367 607 2452 prelatus
632 2346 937 2451 comes⁸Stephanus
969 2390 1008 2433 ex
1038 2375 1131 2453 parte
1162 2369 1284 2434 nobilis
1311 2367 1432 2434 domine
1455 2375 1481 2429 el

363 2475 497 2542 honeste
522 2473 621 2542 Anna
646 2483 755 2543 vocate
785 2477 852 2542 filie
879 2478 1005 2542 comitis
1031 2475 1161 2542 Nicolui
1185 2477 1244 2542 filii
1270 2476 1392 2543 Rubiui
1414 2475 1483 2540 civis

363 2581 596 2667 Strigoniensis
622 2585 780 2651 consortis
812 2607 868 2651 sue
899 2605 1041 2651 annexus
1069 2586 1185 2670 extitit,
1210 2591 1282 2651 tum
1314 2585 1410 2652 eciam
1431 2604 1483 2667 pro

364 2693 599 2776 quinquaginta
616 2694 731 2758 marcis
755 2692 849 2777 plene
865 2693 968 2759 eidem
985 2691 1152 2778 Stephano
1177 2692 1245 2760 filio
1273 2694 1398 2760 comitis
1412 2690 1483 2760 Val-

366 2801 428 2865 teri
444 2801 619 2884 persolutis
635 2801 741 2868 haduc
761 2799 845 2888 (igy)
862 2804 923 2869 sibi
949 2802 1106 2869 donatum
1133 2803 1247 2869 datum
1273 2809 1307 2868 et
1321 2801 1485 2882 venditum,
1561 2819 1562 2888 ᾗ

363 2915 461 2990 prout
477 2910 510 2974 in
527 2909 784 2994 privilegialibus
802 2911 905 2977 literis
921 2911 1060 2998 predicti
1076 2917 1253 2979 conuentus
1264 2911 1485 2979 cruciferorum

366 3019 399 3080 ct
414 3018 534 3083 nostris
549 3019 583 3084 in
599 3017 760 3086 dominica
777 3019 803 3086 J
803 3019 899 3116 udica
915 3043 966 3087 me
983 3042 1067 3088 anno
1083 3023 1240 3106 preterito
1253 3021 1405 3088 confectis
1424 3020 1485 3104 ple·

364 3123 437 3190 nius
453 3124 590 3192 uidimus
608 3128 775 3212 contineri,
792 3128 831 3194 de
846 3129 934 3196 bona
949 3129 1118 3196 voluntate
1129 3134 1163 3196 et
1172 3131 1382 3214 permissione
1397 3125 1485 3194 Pauli

368 3237 400 3296 et
415 3229 548 3299 Andree
564 3233 705 3302 filiorum
722 3259 853 3303 suorum
868 3244 900 3304 et
916 3237 1044 3304 domine
1060 3237 1161 3304 Anne
1175 3239 1323 3323 predicte
1339 3237 1487 3305 consortis

366 3359 423 3404 sue
448 3361 486 3406 uc
502 3341 630 3409 domine
655 3341 753 3410 Olore
779 3347 937 3412 consortis
963 3343 1100 3430 Georgii
1125 3345 1184 3412 filii
1211 3346 1337 3412 Rubini
1360 3345 1425 3412 filie
1439 3363 1488 3410 sue

364 3467 424 3510 nec
439 3469 503 3514 uon
518 3448 665 3516 Ladislai
682 3457 715 3517 et
730 3449 902 3518 Oolomani
917 3453 1059 3520 filiorum
1069 3454 1189 3539 prefati
1199 3453 1370 3521 Oolomani
1384 3453 1488 3520 fratris

363 3556 412 3620 sui
428 3560 460 3622 et
476 3558 618 3624 omnium
635 3565 847 3644 cognatorum
862 3563 1085 3646 proximorum
1102 3585 1158 3630 scu
1174 3565 1355 3631 vicinorum
1366 3583 1488 3630 suorum

363 3665 510 3748 superius
527 3667 768 3735 nominatorum
784 3671 915 3754 penitus
930 3671 1021 3738 nullo
1038 3679 1071 3738 et
1087 3695 1146 3758 per
1162 3675 1348 3758 quempiam
1372 3679 1489 3740 contru-

364 3773 488 3839 dicente
504 3797 564 3860 pro
597 3781 727 3844 centum
753 3781 870 3845 marcis
891 3802 1079 3865 grossorum
1103 3781 1333 3848 boemicalium
1359 3787 1392 3848 ct
1415 3779 1490 3846 lato·

363 3900 434 3944 rum
452 3883 659 3949 uienensium
675 3885 769 3969 plene
779 3889 956 3973 persolutis
973 3889 1186 3957 coramnobis
1196 3891 1378 3956 vendidisse
1389 3940 1411 3954 ..
1426 3907 1490 3974 pre

364 3987 431 4052 sato
458 3991 614 4074 magistro
641 3991 765 4060 Thome
790 3993 859 4063 filio
884 3995 977 4063 Petri
1003 3999 1162 4082 magni..
1194 3999 1266 4064 iure
1290 4005 1489 4083 perpetuo..

362 4097 641 4180 possidendum..
672 4104 844 4189 privilegia
860 4127 936 4173 vero
962 4107 1042 4174 dicti
1067 4106 1190 4174 domini
1215 4107 1338 4173 Karoli
1363 4109 1446 4193 regis
1461 4156 1490 4172 ..

362 4203 440 4268 item
465 4206 684 4289 predictorum
711 4213 846 4296 capituli
872 4212 1107 4300 Strigouiensis
1135 4221 1169 4282 et
1194 4223 1374 4283 conventus
1399 4215 1491 4282 cruci·

365 4309 506 4379 ferorum
538 4322 571 4382 et
596 4325 742 4385 nostrum
767 4323 801 4386 iu
825 4345 941 4389 manus
968 4324 1111 4390 eiusdem
1142 4327 1293 4410 magistri
1311 4325 1435 4392 Thone
1463 4323 1491 4386 iu

364 4421 466 4484 nostri
498 4426 665 4504 presencia
681 4429 798 4493 statuit
814 4479 844 4494 ..
876 4429 1032 4516 obligavit
1058 4453 1092 4498 se
1115 4432 1202 4498 idem
1228 4453 1338 4500 comcs
1363 4431 1491 4515 Stepha-

364 4547 424 4592 nus
440 4527 543 4594 froter
559 4531 738 4618 Oolomaui,
756 4537 843 4621 quod
869 4540 895 4603 si
914 4539 1042 4626 aliquos
1059 4542 1172 4608 literas
1188 4563 1287 4628 super
1313 4542 1403 4609 sacto
1420 4540 1492 4606 dieti

365 4633 483 4715 palacii
500 4641 548 4703 sui
566 4643 653 4725 apud
670 4665 703 4709 se
720 4645 753 4710 in
769 4645 919 4714 fraudem
936 4657 1118 4718 reservaret
1135 4703 1141 4717 .
1158 4697 1169 4717 .-
1182 4659 1251 4716 et..
1269 4653 1302 4716 in
1320 4651 1424 4718 lucem
1440 4671 1492 4734 per
