3132 5470
510 466 605 532 1328.
628 484 699 534 nso.
718 469 770 532 20.

617 871 691 934 337.

89 1030 180 1092 1328.
208 1029 373 1114 Visqqrricl,
388 1031 452 1094 deo.
470 1032 566 1096 20.I.
595 1032 721 1116 Ko'rolp
746 1033 858 1117 kircily
888 1036 985 1115 tices,
1011 1035 1133 1100 Hebron·
1149 1037 1217 1120 fic't

87 1139 228 1219 lieston,
248 1139 410 1224 Veszpre'un
429 1141 461 1203 e's
478 1139 568 1224 Gpdr·
583 1142 774 1227 octe-megpc'b
791 1143 1041 1210 lisztvisclo'inek
1057 1146 1216 1232 bcrldsdqo

532 1247 772 1338 oldlfolsncuts'.

194 1409 365 1476 Karalus.
383 1461 390 1476 .
407 1432 465 1476 rex
480 1459 487 1474 .
505 1459 511 1475 .
528 1410 711 1495 comitibus,
736 1411 979 1478 vicecomitibus
1004 1420 1037 1480 et
1053 1414 1216 1482 iudicibus

91 1519 245 1586 nobilium
263 1520 303 1583 de
320 1519 527 1585 comitatibus
543 1518 791 1604 Wesprimiensi
810 1529 843 1587 et
873 1520 1041 1588 Jaurisnsi
1068 1546 1153 1590 nunc
1184 1531 1217 1590 et

91 1651 144 1713 pro
179 1634 325 1712 tempore
357 1629 603 1694 constitutis..
630 1651 704 1694 cum
738 1652 797 1697 nos
822 1633 1015 1714 magistrum
1041 1631 1217 1698 Nicolaum

90 1737 187 1804 filium
220 1737 376 1804 Hectoris
392 1735 519 1803 fidelem
535 1739 609 1804 aule
625 1745 735 1806 nostre
750 1741 898 1806 iuvenem
925 1742 1136 1808 consideratis
1152 1744 1217 1808 suis

91 1845 301 1914 fidelitatibus
316 1852 349 1912 et
364 1845 508 1913 fidelium
524 1849 732 1914 serviciorum
756 1849 956 1916 multimodis
972 1851 1097 1916 meritis
1113 1849 1215 1935 preci·

91 1977 147 2038 pue
164 1956 198 2020 in
214 1956 549 2040 recompensacionem
561 1954 725 2022 effusionis
750 1959 914 2041 sanguinis
939 1959 989 2023 sni
1013 1960 1047 2024 in
1073 1959 1218 2024 exercitu

93 2071 200 2132 nostro
216 2085 302 2130 armo
318 2065 351 2130 iu
367 2065 510 2147 presenti
521 2065 821 2132 contraAustrales
843 2066 993 2152 expedito
1010 2067 1070 2132 sub
1087 2068 1218 2132 civitate

92 2173 252 2258 blanhayk
268 2178 484 2258 perpetratos
499 2173 725 2240 iurisdiccione
741 2179 848 2240 vestra
864 2181 897 2239 et
912 2173 1057 2262 iudicatu
1067 2175 1102 2240 in
1118 2177 1218 2240 omni-

93 2284 147 2350 bus
163 2283 269 2348 causis
285 2287 317 2348 et
333 2303 444 2348 earum
460 2281 607 2348 articulis
623 2303 680 2366 per
696 2283 866 2367 quospiam
890 2283 987 2348 motis
1014 2287 1128 2348 contra
1142 2303 1216 2348 eum

95 2399 124 2456 ct
139 2389 305 2458 movendis
320 2397 478 2474 perpetuo
494 2391 706 2456 exemerimus
725 2396 836 2456 nostro
864 2389 987 2458 iudicio
1004 2395 1215 2474 reservantes,

93 2497 241 2564 fidelitati
257 2505 365 2564 vestre
394 2496 532 2565 firmiter
548 2503 582 2564 et
598 2499 746 2564 districte
762 2499 957 2583 precipimus
974 2520 1032 2582 per
1047 2504 1217 2582 presentes

94 2615 250 2690 quatenus
265 2607 449 2692 predictum
464 2608 657 2690 magistrum
673 2605 847 2673 Nicolaum
864 2607 898 2670 in
915 2605 1116 2690 quibuslibet
1141 2627 1218 2671 cau·

94 2716 134 2781 sis
149 2721 262 2783 contra
279 2737 488 2800 quoscunque
504 2716 650 2782 iudicare
666 2717 736 2782 sive
751 2715 870 2782 iudicio
886 2721 995 2781 nestro
1011 2719 1120 2781 astare
1131 2737 1216 2780 corn-

93 2824 210 2905 pellere
224 2825 316 2890 nullo
333 2845 476 2907 unquam
492 2829 639 2908 tempore
655 2823 801 2889 debeatis
817 2844 909 2889 secus
936 2823 1067 2907 quidem
1083 2824 1216 2906 quicun-

95 2953 156 3014 qne
172 2955 208 2998 ex
223 2933 314 3000 nobis
331 2933 500 2998 temerarie
516 2931 624 3016 iacere
640 2936 808 2998 attentans
823 2932 946 3015 regiam
956 2929 1217 3015 indignacionem

93 3061 126 3104 se
143 3042 264 3108 noverit
279 3042 423 3126 gnaviter
437 3041 651 3123 incursurum,
676 3040 905 3106 nichilominus
929 3043 1039 3104 tamen
1066 3038 1218 3124 deinceps

93 3171 151 3214 nos
167 3171 289 3216 cassum
304 3172 423 3216 vanum
439 3151 570 3216 irritum
585 3151 681 3216 inane
697 3148 766 3215 lore
791 3148 995 3214 decernimus
1020 3147 1048 3212 si
1065 3146 1143 3230 qnid
1159 3169 1218 3231 per

94 3258 274 3342 quempiam
305 3265 419 3325 contra
443 3257 581 3324 formam
607 3257 693 3324 dicte
718 3258 828 3341 gracie
852 3260 964 3321 nostre
990 3256 1218 3340 quoquomodo

93 3364 192 3430 fuerit
207 3371 411 3434 attentatum.
422 3366 546 3434 Datum
556 3367 590 3432 in
600 3363 683 3432 Alto
694 3363 820 3448 Castro,
826 3365 861 3430 in
871 3362 983 3447 vigilia
993 3363 1082 3428 beati
1093 3362 1218 3430 Thome

94 3475 239 3558 apostoli,
256 3496 341 3542 anno
358 3473 479 3542 domini
495 3473 549 3541 Μ0
565 3471 666 3541 0000
682 3475 836 3557 vigesimo
853 3479 977 3539 octavo.

102 3711 109 3724 Ι
199 3638 349 3704 Hdtlspjs'nn
364 3653 381 3688 s
394 3654 468 3704 nagy
481 3636 577 3704 felstgi
591 3637 682 3703 pecstt
696 3635 943 3702 rnsradvsnyaival
956 3653 963 3702 ;
978 3632 1108 3699 eredetije
1121 3633 1221 3698 Szalay

93 3727 215 3791 Agoston
228 3725 485 3794 gyujsemenyeoen.
