3112 5466
519 467 614 528 1326.
633 481 710 530 auc.
727 469 778 528 10.
1149 465 1212 526 251

95 651 165 729 rato,
181 645 302 711 abhinc
317 643 522 730 protenditur
537 644 687 710 similiter
702 645 795 710 iuxta
810 646 915 729 ipsum
924 643 1057 732 fluvium
1066 641 1217 725 Dudwag

94 761 121 820 et
133 775 248 838 parum
265 752 370 819 eundo
386 757 435 817 est
450 775 515 818 una
530 759 619 818 meta
634 753 771 838 antiqua
787 752 935 837 capitalis
963 774 1025 838 que
1050 751 1218 834 distingut

94 864 187 947 ipsam
204 869 326 928 terram
341 857 442 946 Apka
457 861 497 927 de
514 863 609 927 terris
625 862 700 927 ville
725 859 861 946 Gyozyg
877 867 910 926 et
926 861 965 926 de
982 861 1077 926 terris
1092 857 1118 924 J
1119 859 1218 926 oban-

93 971 135 1034 nis
158 969 238 1035 dicti
263 968 372 1053 Kada,
397 967 512 1034 deinde
535 968 677 1036 flectitur
701 970 744 1036 ad
768 969 899 1053 plagam
930 968 1162 1035 occidentalem
1185 974 1218 1034 et

92 1100 200 1162 parum
216 1076 321 1143 eundo
339 1083 387 1143 est
402 1099 467 1143 una
482 1084 569 1142 meta
584 1079 721 1162 antiqua
737 1099 798 1163 que
815 1077 930 1144 dividit
946 1083 1103 1161 tanquam
1118 1077 1217 1161 prius,

93 1187 203 1251 abhinc
219 1185 367 1250 similiter
382 1185 486 1250 eundo
502 1187 535 1250 in
545 1183 608 1250 fine
625 1185 829 1270 quorundam
839 1187 986 1269 iugerum
999 1190 1048 1251 est
1057 1208 1122 1251 una
1132 1191 1218 1252 meta

92 1294 221 1378 antiqua
236 1293 434 1376 distingvens
450 1300 607 1379 tanquam
623 1295 754 1378 priores,
772 1293 886 1359 deinde
901 1315 1016 1378 parum
1027 1294 1131 1359 eundo
1141 1300 1218 1361 sunt

93 1402 147 1468 due
160 1409 247 1468 mete
263 1403 394 1486 antique
410 1401 642 1486 distinguentes
659 1402 779 1468 dictam
805 1407 926 1468 terram
943 1399 1042 1487 Apha
1058 1402 1097 1468 do
1123 1403 1217 1467 terris

92 1511 186 1594 ipsius
202 1509 228 1576 J
229 1509 365 1576 ohannis
380 1509 490 1594 Kada,
515 1510 632 1576 abhinc
655 1532 770 1595 parum
786 1510 891 1577 eundo
916 1515 964 1576 est
979 1533 1044 1577 una
1060 1517 1146 1576 meta
1162 1533 1217 1576 an-

93 1620 177 1702 tiqua
194 1619 344 1684 similiter
360 1619 564 1702 distinguam,
581 1618 695 1684 deinde
711 1640 827 1703 parum
844 1619 948 1684 eundo
965 1624 1041 1685 sunt
1055 1618 1117 1684 due
1132 1625 1217 1684 mete

93 1727 221 1810 antique
237 1726 449 1808 collaterales,
467 1726 584 1791 abhinc
600 1726 705 1792 eundo
722 1733 770 1792 est
784 1749 849 1792 una
868 1733 955 1792 meta
978 1728 1114 1812 antiqua
1138 1726 1217 1792 divi·

95 1833 165 1898 dens
182 1833 296 1898 eodem
312 1835 416 1918 modo,
433 1834 547 1910 deinde
565 1834 748 1918 ingreditur
772 1841 902 1919 pratum
927 1833 1016 1900 fluvii
1028 1834 1111 1902 Saar
1134 1835 1220 1900 undo

93 1944 172 2007 venit
188 1941 233 2007 ad
248 1943 354 2026 ipsum
369 1940 500 2008 fluvium
518 1949 550 2008 et
568 1944 637 2026 ipso
654 1942 751 2009 fluvio
777 1950 941 2010 transacto
966 1945 1033 2010 itur
1058 1943 1100 2009 ad
1116 1943 1216 2028 quod·
1249 1967 1251 1972 ·

92 2049 159 2116 (lam
174 2071 288 2115 nemus
306 2055 337 2114 et
353 2050 458 2134 ipsum
474 2051 719 2134 pertransiendo
738 2053 826 2116 venit
851 2051 893 2118 ad
919 2057 1041 2118 terram
1066 2050 1217 2117 Pchthen

92 2159 182 2224 castri
199 2157 417 2241 Posoniensis‚
427 2158 545 2223 abhinc
561 2158 766 2241 protenditur
782 2161 873 2225 iuxta
890 2160 1024 2226 eandem
1040 2166 1160 2225 terram
1175 2159 1218 2224 ad

91 2267 218 2349 plagam
235 2267 530 2349 septemtrionalem
547 2271 579 2331 et
605 2267 650 2332 sic
676 2267 781 2332 eundo
808 2266 904 2332 rediit
929 2267 971 2332 ad
997 2267 1217 2352 supradictam

92 2381 206 2440 ternam
224 2375 356 2441 ecclesie
367 2373 479 2441 Sancti
497 2373 678 2441 Salvatoris
693 2377 784 2441 iuxta
801 2399 897 2460 quam
913 2377 1095 2460 regreditur
1109 2399 1218 2442 versus

90 2483 242 2548 orientem
259 2489 292 2547 et
306 2484 480 2549 revertitur
495 2483 614 2550 iterato
631 2484 674 2549 ad
689 2483 822 2550 flauum
848 2483 932 2550 Saar
956 2489 1168 2550 memoratum
1185 2490 1218 2548 et

91 2591 201 2656 deinde
219 2593 338 2658 transit
353 2591 395 2656 ad
411 2598 542 2676 pratum
558 2591 699 2657 eiusdem
725 2591 814 2659 fluvii
831 2599 863 2658 et
878 2594 963 2659 redit
978 2593 1019 2658 ad
1035 2600 1137 2658 metas
1153 2593 1217 2676 pri-

90 2722 156 2765 ores
172 2707 206 2766 et
222 2699 342 2765 ibidem
360 2723 472 2766 cursus
489 2701 672 2766 earumdem
697 2703 900 2767 terminatur.
925 2702 1051 2768 Datum
1075 2702 1108 2766 in
1133 2700 1215 2766 festo

90 2808 169 2875 beati
185 2808 362 2875 Laurenoii
378 2809 530 2892 martiris,
546 2831 631 2878 anuo
648 2809 769 2876 domini
795 2808 971 2876 Millesimo
988 2809 1215 2874 trecentesimo

88 2918 237 3002 vigesimo
254 2921 356 2982 sexte.

192 3079 324 3130 Zarlatrtn
345 3078 437 3143 pecstt
458 3080 635 3146 nyomaiva13
656 3079 786 3145 aredetije
808 3097 840 3131 az
861 3095 928 3132 orsz.
950 3081 1006 3132 ltstr
1026 3081 1125 3130 kincst.
1148 3083 1216 3129 oszt.

87 3170 158 3220 Mon.
172 3171 235 3219 Pos.
251 3174 293 3219 51.
306 3172 348 3219 12.
360 3169 425 3232 dipl.
436 3170 509 3219 ltdr:
530 3173 609 3222 2368.
630 3173 749 3237 Megvan
770 3174 792 3222 I.
805 3171 912 3236 Karoly
924 3171 1071 3236 kiralynak
1084 3183 1150 3220 ezen
1164 3173 1217 3218 sta-

87 3261 360 3325 tutidtmegerbsitd,
388 3262 523 3311 1326-ban
548 3261 651 3311 »tercio
670 3261 731 3312 idus
753 3262 929 3312 Decembris«
954 3261 1013 3311 kalt
1034 3259 1216 3326 privilegialis

85 3349 241 3401 atinataban
253 3351 286 3412 is,
299 3349 430 3415 melynek
443 3348 587 3414 erereujos
598 3349 646 3401 ker
658 3350 836 3416 ptlddnyban
848 3350 907 3401 orzi
920 3365 953 3400 az
965 3364 1034 3400 orsz.
1048 3349 1104 3399 ltar
1116 3349 1215 3399 kineat.

85 3445 152 3490 oszt.
165 3441 242 3493 Mon.
256 3441 320 3492 Pos.
335 3442 376 3491 51.
393 3444 434 3490 12.
448 3439 475 3490 t
488 3439 615 3492 ΚΕΛ.
641 3444 717 3492 1713.
738 3443 761 3490 5.
776 3440 842 3504 dipl.
856 3440 928 3491 ltar:
953 3443 1031 3490 2367.
1045 3439 1073 3490 ts
1087 3443 1165 3490 2369.
1179 3453 1214 3488 sz.
1275 3435 1277 3442 ’

85 3531 161 3580 alatt.
175 3529 273 3581 szli:
293 3529 374 3596 Nagy
387 3529 487 3596 Gyula

573 3694 731 3702 ..ῃ-

580 3908 581 3912 ’
616 3893 690 3955 231.

82 4041 179 4121 ‘1326
197 4081 272 4140 arcp.
293 4057 335 4118 10
351 4051 381 4117 Α
393 4057 486 4140 pe'cai
504 4055 664 4140 triplo-loo
689 4054 762 4117 elta
784 4053 891 4140 F-olop
922 4055 1017 4117 ‘iudas'
1041 4058 1133 4142 cpdt¹
1145 4054 1215 4118 clia-

83 4167 277 4251 merr'hopp
313 4164 435 4248 chdca'
465 4164 570 4230 Jonas
591 4163 660 4245 floi
691 4163 795 4226 ottoni
827 4162 1029 4226 hirtokalobo'l
1053 4186 1091 4225 aa
1123 4163 1217 4226 *torturi

447 4281 619 4336 monostert
634 4270 854 4356 kielc'pr'tettc'lo.

188 4431 262 4498 Nos
289 4431 468 4516 capitulum
484 4429 826 4516 Quinqueecolesiensc
845 4431 997 4495 memorie
1013 4429 1216 4494 commenda-

80 4565 157 4626 mus,
169 4541 259 4627 quod
271 4541 423 4623 religioso
433 4543 501 4606 viro
518 4541 619 4606 fratre
634 4539 790 4624 Philippo
808 4540 926 4605 abbate
943 4537 982 4603 de
997 4537 1088 4603 Iwau
1099 4537 1140 4603 ab
1151 4560 1217 4603 una

78 4660 180 4738 parte,
207 4656 241 4715 et
266 4648 432 4733 Stephano
456 4648 524 4714 filio
540 4648 701 4715 Johaunis
726 4646 765 4712 de
789 4645 941 4733 Woyada
965 4667 1024 4730 pro
1041 4667 1073 4710 se
1099 4651 1131 4710 et
1156 4667 1215 4728 pro
