<?xml version="1.0" encoding="UTF-8"?>
<!DOCTYPE html PUBLIC "-//W3C//DTD XHTML 1.0 Transitional//EN"
    "http://www.w3.org/TR/xhtml1/DTD/xhtml1-transitional.dtd">
<html xmlns="http://www.w3.org/1999/xhtml" xml:lang="en" lang="en">
 <head>
  <title>
</title>
<meta http-equiv="Content-Type" content="text/html;charset=utf-8" />
  <meta name='ocr-system' content='tesseract 3.04.00' />
  <meta name='ocr-capabilities' content='ocr_page ocr_carea ocr_par ocr_line ocrx_word'/>
</head>
<body>
  <div class='ocr_page' id='page_1' title='image "./codexdiplomatic01nagygoog_0586.png"; bbox 0 0 3154 5474; ppageno 0'>
   <div class='ocr_carea' id='block_1_1' title="bbox 568 459 1246 556">
    <p class='ocr_par' dir='ltr' id='par_1_1' title="bbox 568 459 1246 556">
     <span class='ocr_line' id='line_1_1' title="bbox 568 459 1246 556; baseline 0.006 -4"><span class='ocrx_word' id='word_1_1' title='bbox 568 492 662 554; x_wconf 89' lang='lat'><strong>1331.</strong></span> <span class='ocrx_word' id='word_1_2' title='bbox 679 507 748 554; x_wconf 76' lang='lat' dir='ltr'>oea</span> <span class='ocrx_word' id='word_1_3' title='bbox 768 493 816 554; x_wconf 83' lang='lat' dir='ltr'>re.</span> <span class='ocrx_word' id='word_1_4' title='bbox 1184 459 1246 556; x_wconf 79' lang='lat' dir='ltr'>scs</span> 
     </span>
    </p>
   </div>
   <div class='ocr_carea' id='block_1_2' title="bbox 117 667 1353 1297">
    <p class='ocr_par' dir='ltr' id='par_1_2' title="bbox 117 667 1353 1297">
     <span class='ocr_line' id='line_1_2' title="bbox 118 667 1248 753; baseline 0.006 -21"><span class='ocrx_word' id='word_1_5' title='bbox 118 667 268 736; x_wconf 82' lang='lat' dir='ltr'>datarum</span> <span class='ocrx_word' id='word_1_6' title='bbox 284 669 487 753; x_wconf 86' lang='lat' dir='ltr'>presencium</span> <span class='ocrx_word' id='word_1_7' title='bbox 503 669 769 738; x_wconf 82' lang='lat' dir='ltr'>oonhaPaulum</span> <span class='ocrx_word' id='word_1_8' title='bbox 785 669 886 735; x_wconf 87' lang='lat' dir='ltr'>lilium</span> <span class='ocrx_word' id='word_1_9' title='bbox 903 670 996 736; x_wconf 87' lang='lat' dir='ltr'>Petri</span> <span class='ocrx_word' id='word_1_10' title='bbox 1012 672 1148 738; x_wconf 88' lang='lat' dir='ltr'>testibus</span> <span class='ocrx_word' id='word_1_11' title='bbox 1165 695 1248 740; x_wconf 82' lang='lat' dir='ltr'>conr·</span> 
     </span>
     <span class='ocr_line' id='line_1_3' title="bbox 117 777 1247 864; baseline 0.005 -23"><span class='ocrx_word' id='word_1_12' title='bbox 117 777 255 862; x_wconf 87' lang='lat' dir='ltr'>probare</span> <span class='ocrx_word' id='word_1_13' title='bbox 283 777 399 862; x_wconf 87' lang='lat' dir='ltr'>quihus</span> <span class='ocrx_word' id='word_1_14' title='bbox 425 779 547 862; x_wconf 90' lang='lat' dir='ltr'>poterit</span> <span class='ocrx_word' id='word_1_15' title='bbox 572 778 754 846; x_wconf 85' lang='lat' dir='ltr'>evidencius</span> <span class='ocrx_word' id='word_1_16' title='bbox 781 801 938 864; x_wconf 89' lang='lat' dir='ltr'>supereo</span> <span class='ocrx_word' id='word_1_17' title='bbox 965 780 1052 864; x_wconf 87' lang='lat' dir='ltr'>quod</span> <span class='ocrx_word' id='word_1_18' title='bbox 1069 787 1134 846; x_wconf 86' lang='lat' dir='ltr'>tres</span> <span class='ocrx_word' id='word_1_19' title='bbox 1150 781 1247 848; x_wconf 81' lang='lat' dir='ltr'>boves</span> 
     </span>
     <span class='ocr_line' id='line_1_4' title="bbox 117 887 1251 972; baseline 0.007 -22"><span class='ocrx_word' id='word_1_20' title='bbox 117 907 175 970; x_wconf 89' lang='lat' dir='ltr'>pro</span> <span class='ocrx_word' id='word_1_21' title='bbox 196 891 327 952; x_wconf 86' lang='lat' dir='ltr'>centum</span> <span class='ocrx_word' id='word_1_22' title='bbox 344 887 464 971; x_wconf 79' lang='lat' dir='ltr'>grossis</span> <span class='ocrx_word' id='word_1_23' title='bbox 481 891 513 952; x_wconf 89' lang='lat' dir='ltr'>et</span> <span class='ocrx_word' id='word_1_24' title='bbox 529 909 585 952; x_wconf 86' lang='lat' dir='ltr'>sex</span> <span class='ocrx_word' id='word_1_25' title='bbox 602 889 773 954; x_wconf 87' lang='lat' dir='ltr'>extimatos</span> <span class='ocrx_word' id='word_1_26' title='bbox 800 911 881 972; x_wconf 89' lang='lat' dir='ltr'>quos</span> <span class='ocrx_word' id='word_1_27' title='bbox 900 889 1055 972; x_wconf 85' lang='lat' dir='ltr'>magister</span> <span class='ocrx_word' id='word_1_28' title='bbox 1079 887 1104 954; x_wconf 89' lang='lat' dir='ltr'><strong>J</strong></span> <span class='ocrx_word' id='word_1_29' title='bbox 1106 891 1251 958; x_wconf 90' lang='lat' dir='ltr'>ohannes</span> 
     </span>
     <span class='ocr_line' id='line_1_5' title="bbox 118 994 1250 1092; baseline 0.006 -34"><span class='ocrx_word' id='word_1_30' title='bbox 118 994 302 1061; x_wconf 86' lang='lat' dir='ltr'>antedictus</span> <span class='ocrx_word' id='word_1_31' title='bbox 336 997 592 1080; x_wconf 87' lang='lat' dir='ltr'>recaptivaverat</span> <span class='ocrx_word' id='word_1_32' title='bbox 630 996 730 1092; x_wconf 73' lang='lat' dir='ltr'>apud¹</span> <span class='ocrx_word' id='word_1_33' title='bbox 749 996 885 1062; x_wconf 89' lang='lat' dir='ltr'>eundem</span> <span class='ocrx_word' id='word_1_34' title='bbox 913 997 1055 1062; x_wconf 85' lang='lat' dir='ltr'>Paulum</span> <span class='ocrx_word' id='word_1_35' title='bbox 1086 998 1250 1065; x_wconf 88' lang='lat' dir='ltr'>Johannis</span> 
     </span>
     <span class='ocr_line' id='line_1_6' title="bbox 119 1101 1251 1188; baseline 0.006 -21"><span class='ocrx_word' id='word_1_36' title='bbox 119 1101 202 1188; x_wconf 79' lang='lat' dir='ltr'>(igy)</span> <span class='ocrx_word' id='word_1_37' title='bbox 229 1103 396 1168; x_wconf 87' lang='lat' dir='ltr'>servientis</span> <span class='ocrx_word' id='word_1_38' title='bbox 417 1105 471 1168; x_wconf 89' lang='lat' dir='ltr'>sui</span> <span class='ocrx_word' id='word_1_39' title='bbox 498 1105 666 1170; x_wconf 78' lang='lat' dir='ltr'>extiterint</span> <span class='ocrx_word' id='word_1_40' title='bbox 682 1111 714 1170; x_wconf 90' lang='lat' dir='ltr'>et</span> <span class='ocrx_word' id='word_1_41' title='bbox 730 1105 858 1172; x_wconf 84' lang='lat' dir='ltr'>fuerint.</span> <span class='ocrx_word' id='word_1_42' title='bbox 875 1105 998 1172; x_wconf 88' lang='lat' dir='ltr'>Datum</span> <span class='ocrx_word' id='word_1_43' title='bbox 1013 1108 1047 1172; x_wconf 92' lang='lat' dir='ltr'>in</span> <span class='ocrx_word' id='word_1_44' title='bbox 1062 1105 1160 1188; x_wconf 86' lang='lat' dir='ltr'>Kale,</span> <span class='ocrx_word' id='word_1_45' title='bbox 1177 1110 1251 1174; x_wconf 88' lang='lat' dir='ltr'>sab·</span> 
     </span>
     <span class='ocr_line' id='line_1_7' title="bbox 119 1212 1353 1297; baseline 0.006 -21"><span class='ocrx_word' id='word_1_46' title='bbox 119 1212 195 1277; x_wconf 86' lang='lat' dir='ltr'>bato</span> <span class='ocrx_word' id='word_1_47' title='bbox 229 1213 374 1296; x_wconf 86' lang='lat' dir='ltr'>proximo</span> <span class='ocrx_word' id='word_1_48' title='bbox 406 1217 481 1297; x_wconf 92' lang='lat' dir='ltr'>post</span> <span class='ocrx_word' id='word_1_49' title='bbox 511 1213 631 1282; x_wconf 84' lang='lat' dir='ltr'>festum</span> <span class='ocrx_word' id='word_1_50' title='bbox 662 1215 751 1282; x_wconf 89' lang='lat' dir='ltr'>beati</span> <span class='ocrx_word' id='word_1_51' title='bbox 782 1214 903 1296; x_wconf 85' lang='lat' dir='ltr'>Luchs,</span> <span class='ocrx_word' id='word_1_52' title='bbox 934 1236 1018 1282; x_wconf 88' lang='lat' dir='ltr'>anno</span> <span class='ocrx_word' id='word_1_53' title='bbox 1053 1216 1174 1282; x_wconf 88' lang='lat' dir='ltr'>domini</span> <span class='ocrx_word' id='word_1_54' title='bbox 1198 1216 1252 1282; x_wconf 85' lang='grc' dir='ltr'>Μ0</span> <span class='ocrx_word' id='word_1_55' title='bbox 1351 1243 1353 1247; x_wconf 95' lang='grc'><strong><em>·</em></strong></span> 
     </span>
    </p>
   </div>
   <div class='ocr_carea' id='block_1_3' title="bbox 121 1317 613 1408">
    <p class='ocr_par' dir='ltr' id='par_1_3' title="bbox 121 1317 613 1408">
     <span class='ocr_line' id='line_1_8' title="bbox 121 1317 613 1408; baseline 0.004 -23"><span class='ocrx_word' id='word_1_56' title='bbox 121 1317 222 1386; x_wconf 80' lang='grc' dir='ltr'>000ο</span> <span class='ocrx_word' id='word_1_57' title='bbox 238 1317 499 1404; x_wconf 83' lang='lat' dir='ltr'>XXX⁰pri1no</span> <span class='ocrx_word' id='word_1_58' title='bbox 611 1405 613 1408; x_wconf 16' lang='grc' dir='ltr'>Ι</span> 
     </span>
    </p>
   </div>
   <div class='ocr_carea' id='block_1_4' title="bbox 120 1467 1251 1625">
    <p class='ocr_par' dir='ltr' id='par_1_4' title="bbox 120 1467 1251 1625">
     <span class='ocr_line' id='line_1_9' title="bbox 228 1467 1251 1556; baseline 0.007 -24"><span class='ocrx_word' id='word_1_59' title='bbox 228 1483 358 1535; x_wconf 75' lang='lat' dir='ltr'>zar-latas</span> <span class='ocrx_word' id='word_1_60' title='bbox 383 1484 638 1551; x_wconf 77' lang='lat' dir='ltr'>pecsdtnyomma13</span> <span class='ocrx_word' id='word_1_61' title='bbox 662 1467 794 1552; x_wconf 87' lang='lat' dir='ltr'>eredetije</span> <span class='ocrx_word' id='word_1_62' title='bbox 816 1502 833 1538; x_wconf 83' lang='lat' dir='ltr'>a</span> <span class='ocrx_word' id='word_1_63' title='bbox 859 1487 892 1540; x_wconf 84' lang='lat' dir='ltr'>N.</span> <span class='ocrx_word' id='word_1_64' title='bbox 906 1488 1099 1554; x_wconf 81' lang='lat' dir='ltr'>Muzeumban‚</span> <span class='ocrx_word' id='word_1_65' title='bbox 1122 1487 1251 1556; x_wconf 76' lang='lat' dir='ltr'>aKdllay</span> 
     </span>
     <span class='ocr_line' id='line_1_10' title="bbox 120 1575 290 1625; baseline 0.006 -3"><span class='ocrx_word' id='word_1_66' title='bbox 120 1589 155 1623; x_wconf 86' lang='lat' dir='ltr'>cs.</span> <span class='ocrx_word' id='word_1_67' title='bbox 169 1575 290 1625; x_wconf 72' lang='lat' dir='ltr'>ltdrban.</span> 
     </span>
    </p>
   </div>
   <div class='ocr_carea' id='block_1_5' title="bbox 607 1759 766 1770">
    <p class='ocr_par' dir='ltr' id='par_1_5' title="bbox 607 1759 766 1770">
     <span class='ocr_line' id='line_1_11' title="bbox 607 1759 766 1770; baseline 0.006 -1"><span class='ocrx_word' id='word_1_68' title='bbox 607 1759 766 1770; x_wconf 72' lang='lat'>.—--</span> 
     </span>
    </p>
   </div>
   <div class='ocr_carea' id='block_1_6' title="bbox 648 1959 722 2021">
    <p class='ocr_par' dir='ltr' id='par_1_6' title="bbox 648 1959 722 2021">
     <span class='ocr_line' id='line_1_12' title="bbox 648 1959 722 2021; baseline 0.014 -1"><span class='ocrx_word' id='word_1_69' title='bbox 648 1959 722 2021; x_wconf 83' lang='lat'>480.</span> 
     </span>
    </p>
   </div>
   <div class='ocr_carea' id='block_1_7' title="bbox 124 2123 1252 2317">
    <p class='ocr_par' dir='ltr' id='par_1_7' title="bbox 124 2123 1252 2317">
     <span class='ocr_line' id='line_1_13' title="bbox 124 2123 1252 2208; baseline 0.003 -24"><span class='ocrx_word' id='word_1_70' title='bbox 124 2125 215 2186; x_wconf 75' lang='lat'><strong><em>1331.</em></strong></span> <span class='ocrx_word' id='word_1_71' title='bbox 243 2133 304 2188; x_wconf 88' lang='lat' dir='ltr'>oct.</span> <span class='ocrx_word' id='word_1_72' title='bbox 333 2125 383 2187; x_wconf 78' lang='lat'>19.</span> <span class='ocrx_word' id='word_1_73' title='bbox 412 2123 598 2205; x_wconf 77' lang='lat' dir='ltr'>Esztcrpom</span> <span class='ocrx_word' id='word_1_74' title='bbox 623 2127 719 2186; x_wconf 75' lang='lat' dir='ltr'>vetros</span> <span class='ocrx_word' id='word_1_75' title='bbox 745 2123 857 2208; x_wconf 74' lang='lat' dir='ltr'>birriju</span> <span class='ocrx_word' id='word_1_76' title='bbox 875 2125 908 2186; x_wconf 79' lang='lat' dir='ltr'>e&#39;r</span> <span class='ocrx_word' id='word_1_77' title='bbox 924 2125 1024 2188; x_wconf 74' lang='lat' dir='ltr'>estun</span> <span class='ocrx_word' id='word_1_78' title='bbox 1049 2124 1156 2188; x_wconf 76' lang='lat' dir='ltr'>hireni</span> <span class='ocrx_word' id='word_1_79' title='bbox 1181 2124 1252 2188; x_wconf 68' lang='lat' dir='ltr'>elon</span> 
     </span>
     <span class='ocr_line' id='line_1_14' title="bbox 187 2228 1198 2317; baseline 0 -20"><span class='ocrx_word' id='word_1_80' title='bbox 187 2229 278 2317; x_wconf 82' lang='lat' dir='ltr'>Capo</span> <span class='ocrx_word' id='word_1_81' title='bbox 294 2228 442 2311; x_wconf 80' lang='lat' dir='ltr'>Andra&#39;s,</span> <span class='ocrx_word' id='word_1_82' title='bbox 459 2233 569 2295; x_wconf 73' lang='lat' dir='ltr'>lactarit</span> <span class='ocrx_word' id='word_1_83' title='bbox 586 2232 808 2314; x_wconf 77' lang='lat' dir='ltr'>Pc&#39;terflduat·</span> <span class='ocrx_word' id='word_1_84' title='bbox 831 2234 1018 2298; x_wconf 74' lang='lat' dir='ltr'>Tomdscrals</span> <span class='ocrx_word' id='word_1_85' title='bbox 1037 2235 1198 2299; x_wconf 75' lang='lat' dir='ltr'>oldrdhr&#39;ti.</span> 
     </span>
    </p>
   </div>
   <div class='ocr_carea' id='block_1_8' title="bbox 107 2390 1251 4765">
    <p class='ocr_par' dir='ltr' id='par_1_8' title="bbox 107 2390 1251 4765">
     <span class='ocr_line' id='line_1_15' title="bbox 228 2390 1247 2479; baseline 0 -21"><span class='ocrx_word' id='word_1_86' title='bbox 228 2390 344 2458; x_wconf 77' lang='lat' dir='ltr'>Comes</span> <span class='ocrx_word' id='word_1_87' title='bbox 359 2391 517 2460; x_wconf 84' lang='lat' dir='ltr'>Nicolaus</span> <span class='ocrx_word' id='word_1_88' title='bbox 543 2391 628 2457; x_wconf 89' lang='lat' dir='ltr'>filius</span> <span class='ocrx_word' id='word_1_89' title='bbox 653 2392 798 2458; x_wconf 89' lang='lat' dir='ltr'>Baldinii</span> <span class='ocrx_word' id='word_1_90' title='bbox 815 2392 921 2478; x_wconf 85' lang='lat' dir='ltr'>iudex,</span> <span class='ocrx_word' id='word_1_91' title='bbox 938 2414 1043 2460; x_wconf 87' lang='lat' dir='ltr'>comes</span> <span class='ocrx_word' id='word_1_92' title='bbox 1060 2393 1247 2479; x_wconf 82' lang='lat' dir='ltr'>Stephanus</span> 
     </span>
     <span class='ocr_line' id='line_1_16' title="bbox 120 2499 1251 2586; baseline 0.002 -22"><span class='ocrx_word' id='word_1_93' title='bbox 120 2500 204 2567; x_wconf 91' lang='lat' dir='ltr'>filius</span> <span class='ocrx_word' id='word_1_94' title='bbox 221 2499 354 2584; x_wconf 85' lang='lat' dir='ltr'>Godini,</span> <span class='ocrx_word' id='word_1_95' title='bbox 371 2522 476 2567; x_wconf 87' lang='lat' dir='ltr'>comes</span> <span class='ocrx_word' id='word_1_96' title='bbox 492 2499 650 2566; x_wconf 81' lang='lat' dir='ltr'>Nicotaus</span> <span class='ocrx_word' id='word_1_97' title='bbox 666 2499 751 2566; x_wconf 88' lang='lat' dir='ltr'>filius</span> <span class='ocrx_word' id='word_1_98' title='bbox 768 2499 947 2585; x_wconf 75' lang='lat' dir='ltr'>Michaelis,</span> <span class='ocrx_word' id='word_1_99' title='bbox 965 2499 1149 2586; x_wconf 81' lang='lat' dir='ltr'>Stephanus</span> <span class='ocrx_word' id='word_1_100' title='bbox 1165 2501 1251 2567; x_wconf 90' lang='lat' dir='ltr'>filius</span> 
     </span>
     <span class='ocr_line' id='line_1_17' title="bbox 117 2607 1248 2694; baseline 0 -20"><span class='ocrx_word' id='word_1_101' title='bbox 117 2608 287 2692; x_wconf 84' lang='lat' dir='ltr'>Hermam,</span> <span class='ocrx_word' id='word_1_102' title='bbox 303 2610 458 2694; x_wconf 88' lang='lat' dir='ltr'>magister</span> <span class='ocrx_word' id='word_1_103' title='bbox 482 2608 623 2674; x_wconf 79' lang='lat' dir='ltr'>Thomas</span> <span class='ocrx_word' id='word_1_104' title='bbox 648 2607 734 2674; x_wconf 92' lang='lat' dir='ltr'>filius</span> <span class='ocrx_word' id='word_1_105' title='bbox 766 2607 927 2690; x_wconf 82' lang='lat' dir='ltr'>Kunchel,</span> <span class='ocrx_word' id='word_1_106' title='bbox 953 2608 1136 2694; x_wconf 85' lang='lat' dir='ltr'>Stephanus</span> <span class='ocrx_word' id='word_1_107' title='bbox 1163 2608 1248 2674; x_wconf 90' lang='lat' dir='ltr'>filius</span> 
     </span>
     <span class='ocr_line' id='line_1_18' title="bbox 118 2717 1250 2804; baseline -0.001 -20"><span class='ocrx_word' id='word_1_108' title='bbox 118 2719 247 2804; x_wconf 79' lang='lat' dir='ltr'>Gelety,</span> <span class='ocrx_word' id='word_1_109' title='bbox 259 2717 420 2803; x_wconf 82' lang='lat' dir='ltr'>Georgius</span> <span class='ocrx_word' id='word_1_110' title='bbox 430 2717 516 2784; x_wconf 92' lang='lat' dir='ltr'>filius</span> <span class='ocrx_word' id='word_1_111' title='bbox 526 2717 658 2802; x_wconf 71' lang='lat' dir='ltr'>Rabiri,</span> <span class='ocrx_word' id='word_1_112' title='bbox 668 2717 853 2801; x_wconf 88' lang='lat' dir='ltr'>Stephanus</span> <span class='ocrx_word' id='word_1_113' title='bbox 868 2717 953 2783; x_wconf 90' lang='lat' dir='ltr'>filius</span> <span class='ocrx_word' id='word_1_114' title='bbox 969 2717 1122 2803; x_wconf 81' lang='lat' dir='ltr'>Hur·ricy‚</span> <span class='ocrx_word' id='word_1_115' title='bbox 1134 2720 1250 2802; x_wconf 90' lang='lat' dir='ltr'>magis-</span> 
     </span>
     <span class='ocr_line' id='line_1_19' title="bbox 120 2825 1248 2912; baseline -0.001 -20"><span class='ocrx_word' id='word_1_116' title='bbox 120 2835 170 2892; x_wconf 85' lang='lat' dir='ltr'>ter</span> <span class='ocrx_word' id='word_1_117' title='bbox 186 2827 288 2894; x_wconf 87' lang='lat' dir='ltr'>Anda</span> <span class='ocrx_word' id='word_1_118' title='bbox 304 2833 337 2893; x_wconf 86' lang='lat' dir='ltr'>et</span> <span class='ocrx_word' id='word_1_119' title='bbox 353 2825 539 2912; x_wconf 87' lang='lat' dir='ltr'>Stephanus</span> <span class='ocrx_word' id='word_1_120' title='bbox 564 2827 650 2892; x_wconf 92' lang='lat' dir='ltr'>filius</span> <span class='ocrx_word' id='word_1_121' title='bbox 677 2825 834 2909; x_wconf 80' lang='lat' dir='ltr'>Ssugram</span> <span class='ocrx_word' id='word_1_122' title='bbox 859 2827 959 2892; x_wconf 89' lang='lat' dir='ltr'>iurati</span> <span class='ocrx_word' id='word_1_123' title='bbox 985 2828 1147 2910; x_wconf 87' lang='lat' dir='ltr'>ceterique</span> <span class='ocrx_word' id='word_1_124' title='bbox 1164 2827 1248 2891; x_wconf 86' lang='lat' dir='ltr'>cives</span> 
     </span>
     <span class='ocr_line' id='line_1_20' title="bbox 119 2934 1251 3021; baseline 0 -19"><span class='ocrx_word' id='word_1_125' title='bbox 119 2936 159 3002; x_wconf 91' lang='lat' dir='ltr'>de</span> <span class='ocrx_word' id='word_1_126' title='bbox 176 2934 345 3021; x_wconf 89' lang='lat' dir='ltr'>Strigonio</span> <span class='ocrx_word' id='word_1_127' title='bbox 364 2986 370 3002; x_wconf 94' lang='lat'>.</span> <span class='ocrx_word' id='word_1_128' title='bbox 387 2985 393 3002; x_wconf 92' lang='lat'><strong>.</strong></span> <span class='ocrx_word' id='word_1_129' title='bbox 418 2936 461 3002; x_wconf 89' lang='lat' dir='ltr'>ad</span> <span class='ocrx_word' id='word_1_130' title='bbox 477 2937 700 3002; x_wconf 88' lang='lat' dir='ltr'>universorum</span> <span class='ocrx_word' id='word_1_131' title='bbox 716 2937 891 3001; x_wconf 88' lang='lat' dir='ltr'>noticiam.</span> <span class='ocrx_word' id='word_1_132' title='bbox 909 2988 915 3002; x_wconf 91' lang='lat'><em>.</em></span> <span class='ocrx_word' id='word_1_133' title='bbox 932 2936 1047 3002; x_wconf 87' lang='lat' dir='ltr'>harum</span> <span class='ocrx_word' id='word_1_134' title='bbox 1064 2937 1144 3002; x_wconf 89' lang='lat' dir='ltr'>serie</span> <span class='ocrx_word' id='word_1_135' title='bbox 1161 2937 1251 3002; x_wconf 88' lang='lat' dir='ltr'>volu·</span> 
     </span>
     <span class='ocr_line' id='line_1_21' title="bbox 118 3042 1251 3132; baseline -0.002 -20"><span class='ocrx_word' id='word_1_136' title='bbox 118 3069 190 3112; x_wconf 91' lang='lat' dir='ltr'>mus</span> <span class='ocrx_word' id='word_1_137' title='bbox 215 3047 391 3132; x_wconf 85' lang='lat' dir='ltr'>pervenire,</span> <span class='ocrx_word' id='word_1_138' title='bbox 417 3045 504 3130; x_wconf 88' lang='lat' dir='ltr'>quod</span> <span class='ocrx_word' id='word_1_139' title='bbox 529 3042 680 3112; x_wconf 86' lang='lat' dir='ltr'>Andreas</span> <span class='ocrx_word' id='word_1_140' title='bbox 705 3047 811 3112; x_wconf 81' lang='lat' dir='ltr'>brevis</span> <span class='ocrx_word' id='word_1_141' title='bbox 827 3066 864 3111; x_wconf 88' lang='lat' dir='ltr'>ac</span> <span class='ocrx_word' id='word_1_142' title='bbox 880 3045 970 3130; x_wconf 84' lang='lat' dir='ltr'>Oapo</span> <span class='ocrx_word' id='word_1_143' title='bbox 988 3067 1124 3132; x_wconf 91' lang='lat' dir='ltr'>sponsus</span> <span class='ocrx_word' id='word_1_144' title='bbox 1139 3046 1251 3112; x_wconf 85' lang='lat' dir='ltr'>relicte</span> 
     </span>
     <span class='ocr_line' id='line_1_22' title="bbox 116 3155 1251 3240; baseline -0.004 -17"><span class='ocrx_word' id='word_1_145' title='bbox 116 3155 216 3223; x_wconf 88' lang='lat' dir='ltr'>Dono</span> <span class='ocrx_word' id='word_1_146' title='bbox 240 3155 415 3221; x_wconf 85' lang='lat' dir='ltr'>muratorio</span> <span class='ocrx_word' id='word_1_147' title='bbox 440 3161 551 3220; x_wconf 89' lang='lat' dir='ltr'>noster</span> <span class='ocrx_word' id='word_1_148' title='bbox 576 3156 680 3220; x_wconf 89' lang='lat' dir='ltr'>socius</span> <span class='ocrx_word' id='word_1_149' title='bbox 701 3156 743 3221; x_wconf 86' lang='lat' dir='ltr'>ab</span> <span class='ocrx_word' id='word_1_150' title='bbox 758 3177 824 3222; x_wconf 90' lang='lat' dir='ltr'>una</span> <span class='ocrx_word' id='word_1_151' title='bbox 848 3161 950 3240; x_wconf 82' lang='lat' dir='ltr'>parte,</span> <span class='ocrx_word' id='word_1_152' title='bbox 967 3177 1005 3222; x_wconf 91' lang='lat' dir='ltr'>ac</span> <span class='ocrx_word' id='word_1_153' title='bbox 1020 3155 1138 3222; x_wconf 90' lang='lat' dir='ltr'>nobilis</span> <span class='ocrx_word' id='word_1_154' title='bbox 1154 3155 1203 3219; x_wconf 88' lang='lat' dir='ltr'>vir</span> <span class='ocrx_word' id='word_1_155' title='bbox 1219 3159 1251 3219; x_wconf 91' lang='lat' dir='ltr'>et</span> 
     </span>
     <span class='ocr_line' id='line_1_23' title="bbox 114 3262 1251 3348; baseline 0 -19"><span class='ocrx_word' id='word_1_156' title='bbox 114 3265 273 3330; x_wconf 89' lang='lat' dir='ltr'>honestus</span> <span class='ocrx_word' id='word_1_157' title='bbox 298 3265 452 3348; x_wconf 89' lang='lat' dir='ltr'>magister</span> <span class='ocrx_word' id='word_1_158' title='bbox 469 3263 609 3329; x_wconf 78' lang='lat' dir='ltr'>Thomas</span> <span class='ocrx_word' id='word_1_159' title='bbox 635 3262 721 3330; x_wconf 89' lang='lat' dir='ltr'>filins</span> <span class='ocrx_word' id='word_1_160' title='bbox 737 3264 829 3330; x_wconf 90' lang='lat' dir='ltr'>Petri</span> <span class='ocrx_word' id='word_1_161' title='bbox 857 3265 1052 3332; x_wconf 87' lang='lat' dir='ltr'>castellanus</span> <span class='ocrx_word' id='word_1_162' title='bbox 1069 3265 1108 3330; x_wconf 91' lang='lat' dir='ltr'>de</span> <span class='ocrx_word' id='word_1_163' title='bbox 1125 3263 1251 3330; x_wconf 82' lang='lat' dir='ltr'>Ohoka-</span> 
     </span>
     <span class='ocr_line' id='line_1_24' title="bbox 113 3371 1250 3455; baseline 0 -19"><span class='ocrx_word' id='word_1_164' title='bbox 113 3372 179 3437; x_wconf 87' lang='lat' dir='ltr'>heu</span> <span class='ocrx_word' id='word_1_165' title='bbox 211 3393 250 3436; x_wconf 86' lang='lat' dir='ltr'>ex</span> <span class='ocrx_word' id='word_1_166' title='bbox 285 3373 389 3437; x_wconf 87' lang='lat' dir='ltr'>altera</span> <span class='ocrx_word' id='word_1_167' title='bbox 420 3391 530 3438; x_wconf 88' lang='lat' dir='ltr'>coram</span> <span class='ocrx_word' id='word_1_168' title='bbox 560 3371 655 3438; x_wconf 93' lang='lat' dir='ltr'>nobis</span> <span class='ocrx_word' id='word_1_169' title='bbox 693 3373 907 3455; x_wconf 85' lang='lat' dir='ltr'>personaliter</span> <span class='ocrx_word' id='word_1_170' title='bbox 948 3373 1126 3455; x_wconf 83' lang='lat' dir='ltr'>constituti,</span> <span class='ocrx_word' id='word_1_171' title='bbox 1165 3372 1250 3437; x_wconf 81' lang='lat' dir='ltr'>idern</span> 
     </span>
     <span class='ocr_line' id='line_1_25' title="bbox 113 3477 1248 3564; baseline -0.001 -19"><span class='ocrx_word' id='word_1_172' title='bbox 113 3477 268 3546; x_wconf 81' lang='lat' dir='ltr'>Andreas</span> <span class='ocrx_word' id='word_1_173' title='bbox 285 3477 375 3564; x_wconf 86' lang='lat' dir='ltr'>Oapo</span> <span class='ocrx_word' id='word_1_174' title='bbox 392 3479 495 3544; x_wconf 85' lang='lat' dir='ltr'>dixit.</span> <span class='ocrx_word' id='word_1_175' title='bbox 514 3529 520 3542; x_wconf 89' lang='lat'><strong>.</strong></span> <span class='ocrx_word' id='word_1_176' title='bbox 553 3479 666 3545; x_wconf 90' lang='lat' dir='ltr'>domos</span> <span class='ocrx_word' id='word_1_177' title='bbox 683 3502 758 3546; x_wconf 88' lang='lat' dir='ltr'>suas</span> <span class='ocrx_word' id='word_1_178' title='bbox 774 3482 808 3546; x_wconf 92' lang='lat' dir='ltr'>in</span> <span class='ocrx_word' id='word_1_179' title='bbox 824 3481 929 3547; x_wconf 91' lang='lat' dir='ltr'>medio</span> <span class='ocrx_word' id='word_1_180' title='bbox 946 3481 1049 3546; x_wconf 83' lang='lat' dir='ltr'>nostri</span> <span class='ocrx_word' id='word_1_181' title='bbox 1066 3501 1139 3545; x_wconf 87' lang='lat' dir='ltr'>oum</span> <span class='ocrx_word' id='word_1_182' title='bbox 1155 3502 1248 3545; x_wconf 88' lang='lat' dir='ltr'>muro</span> 
     </span>
     <span class='ocr_line' id='line_1_26' title="bbox 113 3586 1250 3672; baseline -0.001 -19"><span class='ocrx_word' id='word_1_183' title='bbox 113 3587 158 3654; x_wconf 90' lang='lat' dir='ltr'>ad</span> <span class='ocrx_word' id='word_1_184' title='bbox 174 3587 303 3652; x_wconf 87' lang='lat' dir='ltr'>easdem</span> <span class='ocrx_word' id='word_1_185' title='bbox 326 3587 503 3672; x_wconf 87' lang='lat' dir='ltr'>pertinenti</span> <span class='ocrx_word' id='word_1_186' title='bbox 519 3588 552 3652; x_wconf 95' lang='lat' dir='ltr'>in</span> <span class='ocrx_word' id='word_1_187' title='bbox 567 3589 733 3654; x_wconf 83' lang='lat' dir='ltr'>vicinitate</span> <span class='ocrx_word' id='word_1_188' title='bbox 750 3589 919 3654; x_wconf 88' lang='lat' dir='ltr'>domorum</span> <span class='ocrx_word' id='word_1_189' title='bbox 943 3586 1074 3654; x_wconf 88' lang='lat' dir='ltr'>Nicolai</span> <span class='ocrx_word' id='word_1_190' title='bbox 1091 3587 1250 3654; x_wconf 89' lang='lat' dir='ltr'>carnificis</span> 
     </span>
     <span class='ocr_line' id='line_1_27' title="bbox 112 3695 1250 3782; baseline 0 -21"><span class='ocrx_word' id='word_1_191' title='bbox 112 3696 251 3780; x_wconf 85' lang='lat' dir='ltr'>aplaga</span> <span class='ocrx_word' id='word_1_192' title='bbox 275 3697 514 3781; x_wconf 86' lang='lat' dir='ltr'>septemtrionis</span> <span class='ocrx_word' id='word_1_193' title='bbox 539 3697 574 3761; x_wconf 92' lang='lat' dir='ltr'>in</span> <span class='ocrx_word' id='word_1_194' title='bbox 598 3695 662 3761; x_wconf 90' lang='lat' dir='ltr'>fine</span> <span class='ocrx_word' id='word_1_195' title='bbox 689 3698 775 3763; x_wconf 87' lang='lat' dir='ltr'>curie</span> <span class='ocrx_word' id='word_1_196' title='bbox 800 3697 938 3782; x_wconf 84' lang='lat' dir='ltr'>predicti</span> <span class='ocrx_word' id='word_1_197' title='bbox 954 3697 1101 3780; x_wconf 88' lang='lat' dir='ltr'>magistri</span> <span class='ocrx_word' id='word_1_198' title='bbox 1126 3695 1250 3762; x_wconf 76' lang='lat' dir='ltr'>Thome</span> 
     </span>
     <span class='ocr_line' id='line_1_28' title="bbox 112 3805 1250 3892; baseline 0.001 -20"><span class='ocrx_word' id='word_1_199' title='bbox 112 3807 201 3872; x_wconf 84' lang='lat' dir='ltr'>circa</span> <span class='ocrx_word' id='word_1_200' title='bbox 224 3828 357 3892; x_wconf 81' lang='lat' dir='ltr'>parrum</span> <span class='ocrx_word' id='word_1_201' title='bbox 381 3805 571 3873; x_wconf 91' lang='lat' dir='ltr'>Danubium</span> <span class='ocrx_word' id='word_1_202' title='bbox 603 3809 778 3874; x_wconf 86' lang='lat' dir='ltr'>existentes</span> <span class='ocrx_word' id='word_1_203' title='bbox 816 3812 850 3874; x_wconf 87' lang='lat' dir='ltr'>et</span> <span class='ocrx_word' id='word_1_204' title='bbox 884 3808 1065 3874; x_wconf 88' lang='lat' dir='ltr'>adiacentes</span> <span class='ocrx_word' id='word_1_205' title='bbox 1100 3807 1250 3873; x_wconf 88' lang='lat' dir='ltr'>debona</span> 
     </span>
     <span class='ocr_line' id='line_1_29' title="bbox 110 3915 1249 4000; baseline -0.001 -20"><span class='ocrx_word' id='word_1_206' title='bbox 110 3917 281 3982; x_wconf 82' lang='lat' dir='ltr'>voluntate</span> <span class='ocrx_word' id='word_1_207' title='bbox 299 3919 332 3980; x_wconf 89' lang='lat' dir='ltr'>et</span> <span class='ocrx_word' id='word_1_208' title='bbox 342 3936 380 3981; x_wconf 85' lang='lat' dir='ltr'>ex</span> <span class='ocrx_word' id='word_1_209' title='bbox 390 3917 598 4000; x_wconf 88' lang='lat' dir='ltr'>permissione</span> <span class='ocrx_word' id='word_1_210' title='bbox 609 3915 736 3982; x_wconf 89' lang='lat' dir='ltr'>domine</span> <span class='ocrx_word' id='word_1_211' title='bbox 746 3915 850 3982; x_wconf 85' lang='lat' dir='ltr'>Elene</span> <span class='ocrx_word' id='word_1_212' title='bbox 870 3917 1028 3983; x_wconf 87' lang='lat' dir='ltr'>consortis</span> <span class='ocrx_word' id='word_1_213' title='bbox 1046 3937 1103 3982; x_wconf 93' lang='lat' dir='ltr'>sue</span> <span class='ocrx_word' id='word_1_214' title='bbox 1119 3915 1249 3982; x_wconf 89' lang='lat' dir='ltr'>Nicolai</span> 
     </span>
     <span class='ocr_line' id='line_1_30' title="bbox 111 4021 1250 4108; baseline -0.003 -18"><span class='ocrx_word' id='word_1_215' title='bbox 111 4031 145 4090; x_wconf 90' lang='lat' dir='ltr'>et</span> <span class='ocrx_word' id='word_1_216' title='bbox 165 4021 193 4089; x_wconf 88' lang='lat' dir='ltr'>J</span> <span class='ocrx_word' id='word_1_217' title='bbox 194 4024 332 4090; x_wconf 89' lang='lat' dir='ltr'>ohannis</span> <span class='ocrx_word' id='word_1_218' title='bbox 348 4023 488 4091; x_wconf 88' lang='lat' dir='ltr'>filiorum</span> <span class='ocrx_word' id='word_1_219' title='bbox 505 4045 637 4090; x_wconf 91' lang='lat' dir='ltr'>suorum</span> <span class='ocrx_word' id='word_1_220' title='bbox 654 4029 686 4090; x_wconf 89' lang='lat' dir='ltr'>et</span> <span class='ocrx_word' id='word_1_221' title='bbox 702 4029 883 4091; x_wconf 88' lang='lat' dir='ltr'>ceterorum</span> <span class='ocrx_word' id='word_1_222' title='bbox 900 4029 1112 4108; x_wconf 85' lang='lat' dir='ltr'>cognatorum</span> <span class='ocrx_word' id='word_1_223' title='bbox 1130 4029 1162 4090; x_wconf 91' lang='lat' dir='ltr'>et</span> <span class='ocrx_word' id='word_1_224' title='bbox 1177 4045 1250 4107; x_wconf 86' lang='lat' dir='ltr'>pro·</span> 
     </span>
     <span class='ocr_line' id='line_1_31' title="bbox 110 4132 1250 4219; baseline -0.003 -21"><span class='ocrx_word' id='word_1_225' title='bbox 110 4135 275 4198; x_wconf 89' lang='lat' dir='ltr'>ximorum</span> <span class='ocrx_word' id='word_1_226' title='bbox 297 4133 445 4199; x_wconf 89' lang='lat' dir='ltr'>eiusdem</span> <span class='ocrx_word' id='word_1_227' title='bbox 469 4137 569 4219; x_wconf 90' lang='lat' dir='ltr'>prout</span> <span class='ocrx_word' id='word_1_228' title='bbox 593 4154 651 4218; x_wconf 90' lang='lat' dir='ltr'>per</span> <span class='ocrx_word' id='word_1_229' title='bbox 666 4153 725 4199; x_wconf 88' lang='lat' dir='ltr'>nos</span> <span class='ocrx_word' id='word_1_230' title='bbox 741 4132 889 4218; x_wconf 83' lang='lat' dir='ltr'>diligenti</span> <span class='ocrx_word' id='word_1_231' title='bbox 905 4133 1118 4216; x_wconf 88' lang='lat' dir='ltr'>inquisicione</span> <span class='ocrx_word' id='word_1_232' title='bbox 1144 4133 1250 4214; x_wconf 88' lang='lat' dir='ltr'>inqui-</span> 
     </span>
     <span class='ocr_line' id='line_1_32' title="bbox 112 4241 1246 4328; baseline -0.004 -20"><span class='ocrx_word' id='word_1_233' title='bbox 112 4245 168 4309; x_wconf 88' lang='lat' dir='ltr'>siti</span> <span class='ocrx_word' id='word_1_234' title='bbox 186 4249 219 4308; x_wconf 90' lang='lat' dir='ltr'>et</span> <span class='ocrx_word' id='word_1_235' title='bbox 235 4244 430 4328; x_wconf 87' lang='lat' dir='ltr'>interrogati</span> <span class='ocrx_word' id='word_1_236' title='bbox 446 4264 635 4310; x_wconf 90' lang='lat' dir='ltr'>consensum</span> <span class='ocrx_word' id='word_1_237' title='bbox 651 4243 850 4328; x_wconf 88' lang='lat' dir='ltr'>prebuerunt</span> <span class='ocrx_word' id='word_1_238' title='bbox 865 4241 1055 4306; x_wconf 88' lang='lat' dir='ltr'>benevolum</span> <span class='ocrx_word' id='word_1_239' title='bbox 1081 4246 1113 4306; x_wconf 90' lang='lat' dir='ltr'>et</span> <span class='ocrx_word' id='word_1_240' title='bbox 1138 4261 1246 4305; x_wconf 90' lang='lat' dir='ltr'>assen-</span> 
     </span>
     <span class='ocr_line' id='line_1_33' title="bbox 110 4348 1247 4436; baseline -0.005 -18"><span class='ocrx_word' id='word_1_241' title='bbox 110 4373 194 4434; x_wconf 89' lang='lat' dir='ltr'>sum,</span> <span class='ocrx_word' id='word_1_242' title='bbox 222 4350 393 4418; x_wconf 91' lang='lat' dir='ltr'>dedisse..</span> <span class='ocrx_word' id='word_1_243' title='bbox 410 4351 538 4436; x_wconf 82' lang='lat' dir='ltr'>prelato</span> <span class='ocrx_word' id='word_1_244' title='bbox 555 4352 656 4417; x_wconf 90' lang='lat' dir='ltr'>nobili</span> <span class='ocrx_word' id='word_1_245' title='bbox 672 4352 741 4416; x_wconf 88' lang='lat' dir='ltr'>viro</span> <span class='ocrx_word' id='word_1_246' title='bbox 757 4353 913 4434; x_wconf 88' lang='lat' dir='ltr'>magistro</span> <span class='ocrx_word' id='word_1_247' title='bbox 930 4349 1054 4416; x_wconf 78' lang='lat' dir='ltr'>Thome</span> <span class='ocrx_word' id='word_1_248' title='bbox 1070 4349 1137 4414; x_wconf 91' lang='lat' dir='ltr'>filio</span> <span class='ocrx_word' id='word_1_249' title='bbox 1154 4348 1247 4413; x_wconf 82' lang='lat' dir='ltr'>Petri</span> 
     </span>
     <span class='ocr_line' id='line_1_34' title="bbox 107 4457 1248 4543; baseline -0.004 -18"><span class='ocrx_word' id='word_1_250' title='bbox 107 4461 222 4525; x_wconf 86' lang='lat' dir='ltr'>decem</span> <span class='ocrx_word' id='word_1_251' title='bbox 234 4459 350 4524; x_wconf 86' lang='lat' dir='ltr'>marcis</span> <span class='ocrx_word' id='word_1_252' title='bbox 361 4459 489 4543; x_wconf 90' lang='lat' dir='ltr'>argenti</span> <span class='ocrx_word' id='word_1_253' title='bbox 499 4459 747 4524; x_wconf 88' lang='lat' dir='ltr'>mercimonialis</span> <span class='ocrx_word' id='word_1_254' title='bbox 765 4509 772 4524; x_wconf 91' lang='lat'><strong>.</strong></span> <span class='ocrx_word' id='word_1_255' title='bbox 790 4511 797 4525; x_wconf 93' lang='lat'><strong>.</strong></span> <span class='ocrx_word' id='word_1_256' title='bbox 814 4464 846 4524; x_wconf 89' lang='lat' dir='ltr'>et</span> <span class='ocrx_word' id='word_1_257' title='bbox 856 4479 913 4542; x_wconf 89' lang='lat' dir='ltr'>per</span> <span class='ocrx_word' id='word_1_258' title='bbox 929 4458 1034 4542; x_wconf 90' lang='lat' dir='ltr'>ipsum</span> <span class='ocrx_word' id='word_1_259' title='bbox 1055 4457 1248 4538; x_wconf 74' lang='lat' dir='ltr'>nsagistrum</span> 
     </span>
     <span class='ocr_line' id='line_1_35' title="bbox 107 4566 1249 4653; baseline -0.002 -21"><span class='ocrx_word' id='word_1_260' title='bbox 107 4567 272 4633; x_wconf 77' lang='lat' dir='ltr'>Thomam</span> <span class='ocrx_word' id='word_1_261' title='bbox 288 4617 312 4632; x_wconf 93' lang='lat'>..</span> <span class='ocrx_word' id='word_1_262' title='bbox 327 4568 397 4632; x_wconf 90' lang='lat' dir='ltr'>iure</span> <span class='ocrx_word' id='word_1_263' title='bbox 408 4572 564 4653; x_wconf 87' lang='lat' dir='ltr'>perpetuo</span> <span class='ocrx_word' id='word_1_264' title='bbox 576 4618 595 4633; x_wconf 91' lang='lat'>..</span> <span class='ocrx_word' id='word_1_265' title='bbox 606 4568 845 4651; x_wconf 85' lang='lat' dir='ltr'>possidendas..</span> <span class='ocrx_word' id='word_1_266' title='bbox 857 4572 889 4633; x_wconf 93' lang='lat' dir='ltr'>et</span> <span class='ocrx_word' id='word_1_267' title='bbox 900 4566 1093 4633; x_wconf 86' lang='lat' dir='ltr'>habendas..</span> <span class='ocrx_word' id='word_1_268' title='bbox 1111 4587 1249 4650; x_wconf 91' lang='lat' dir='ltr'>quarum</span> 
     </span>
     <span class='ocr_line' id='line_1_36' title="bbox 108 4675 1250 4765; baseline -0.002 -23"><span class='ocrx_word' id='word_1_269' title='bbox 108 4676 246 4763; x_wconf 89' lang='lat' dir='ltr'>quidem</span> <span class='ocrx_word' id='word_1_270' title='bbox 278 4675 448 4742; x_wconf 89' lang='lat' dir='ltr'>domorum</span> <span class='ocrx_word' id='word_1_271' title='bbox 479 4677 708 4765; x_wconf 75' lang='lat' dir='ltr'>premissorum</span> <span class='ocrx_word' id='word_1_272' title='bbox 734 4683 767 4745; x_wconf 93' lang='lat' dir='ltr'>et</span> <span class='ocrx_word' id='word_1_273' title='bbox 798 4678 881 4744; x_wconf 88' lang='lat' dir='ltr'>muri</span> <span class='ocrx_word' id='word_1_274' title='bbox 911 4675 1081 4760; x_wconf 90' lang='lat' dir='ltr'>longitudo</span> <span class='ocrx_word' id='word_1_275' title='bbox 1114 4676 1250 4762; x_wconf 86' lang='lat' dir='ltr'>triginta</span> 
     </span>
    </p>
   </div>
   <div class='ocr_carea' id='block_1_9' title="bbox 0 0 1582 5474">
    <p class='ocr_par' dir='ltr' id='par_1_9' title="bbox 0 0 1582 5474">
     <span class='ocr_line' id='line_1_37' title="bbox 0 0 1582 5474; baseline 0 7"><span class='ocrx_word' id='word_1_276' title='bbox 0 0 1582 5474; x_wconf 95' lang='lat' dir='ltr'> </span> 
     </span>
    </p>
   </div>
  </div>
 </body>
</html>
