3112 5466
570 440 802 502 1326.v0v.e.
1187 441 1249 505 261

123 616 246 702 Mykch
261 617 339 682 bani
355 615 395 681 de
411 613 545 700 Gathal,
565 616 738 683 Nicolaum
755 617 857 682 filium
883 617 1042 702 Stephani
1068 619 1107 684 de
1131 603 1253 705 Laron,

124 725 321 808 toramen,
342 723 530 805 Bokoehan,
560 723 685 791 Moduc
716 732 748 791 et
773 725 973 812 Stephanum
999 725 1083 792 filios
1108 725 1251 812 Andrec‚

123 833 298 900 Nicolaum
312 832 416 898 filium
431 832 595 898 Dominici
611 833 651 897 de
666 834 781 898 minori
798 832 919 918 Lozcn,
945 835 1000 916 qui
1026 856 1098 900 cum
1123 856 1252 919 presen-

124 947 171 1007 tes
186 943 370 1006 extitissent
385 947 494 1025 preter
510 941 535 1007 J
536 941 694 1007 ohannem
710 941 812 1008 filium
828 941 959 1008 Nicolai
976 964 1034 1026 pro
1053 965 1116 1027 quo
1127 942 1252 1008 Paulus

117 1052 274 1120 ,sacerdos
284 1058 317 1120 et
323 1051 480 1118 Nicolaus
492 1053 617 1118 villicus
627 1055 727 1138 ipsius
739 1054 995 1136 comparuissent
1003 1059 1035 1118 et
1049 1055 1252 1139 presentibus

126 1161 202 1244 ipsis
219 1163 452 1244 possessionem
468 1161 575 1245 sepius
591 1162 792 1227 nominatam
802 1162 835 1226 in
853 1163 995 1245 quinque
1006 1169 1115 1246 partes
1141 1185 1252 1229 secun-

126 1269 398 1354 dumpreoeptum
408 1275 549 1334 vestrum
560 1268 743 1334 divisissent
753 1275 784 1333 et
795 1268 876 1334 duas
885 1276 995 1352 partes
1006 1270 1045 1335 de
1057 1271 1169 1336 eadem
1180 1293 1252 1336 cum

125 1379 273 1443 omnibus
288 1377 486 1444 utilitatibus
502 1385 535 1444 et
551 1379 757 1462 pertinenciis
774 1379 840 1442 suis
856 1379 1011 1444 universis
1023 1380 1141 1445 eisdem
1157 1379 1253 1444 Eme·

121 1487 187 1552 rico
198 1493 233 1551 et
242 1485 349 1551 Paulo
360 1489 557 1569 statuissent,
577 1486 634 1552 sed
645 1487 791 1570 quiaipsi
802 1486 972 1552 Emericus
983 1493 1016 1552 et
1025 1486 1149 1554 Paulus
1160 1495 1253 1554 erant

122 1595 155 1659 in
171 1598 261 1659 etate
278 1600 390 1660 tenera
407 1596 573 1660 constituti
591 1601 624 1660 et
641 1595 682 1660 ob
699 1594 908 1660 hoc-curiam
925 1600 958 1660 et
975 1594 1086 1661 domos
1102 1617 1167 1661 non
1181 1617 1253 1680 pos-

124 1709 195 1768 sent
211 1701 364 1768 edifieare
380 1704 553 1769 sessionem
578 1705 681 1788 patris
702 1704 845 1787 ipsorum
862 1725 933 1768 cum
950 1704 1040 1768 curia
1057 1709 1090 1768 et
1106 1703 1254 1770 domibus
1344 1685 1347 1692 ⁴

124 1817 156 1878 et
180 1812 255 1876 aliis
280 1812 477 1878 utilitatibus
502 1813 580 1896 ipsis
605 1813 806 1894 statuissent,
838 1833 974 1894 quarum
1001 1811 1131 1894 quidem
1168 1819 1253 1878 mete

123 1920 248 2004 prebde
273 1921 483 2004 possusbnds
508 1920 819 2005 surtbsdnguntur:
851 1921 956 2004 pruna
981 1925 1070 1984 rneta
1093 1921 1208 2004 incunt
1233 1945 1254 1987 a
1315 1928 1318 1932 ’

124 2037 217 2113 parte
234 2030 386 2095 orientali
403 2051 499 2114 super
515 2029 756 2114 Zuhapothoka
771 2031 804 2094 in
821 2051 885 2094 uno
895 2030 983 2112 ligno
999 2051 1114 2114 pomus
1130 2035 1163 2095 et
1178 2029 1253 2094 inde

123 2137 291 2220 egreditur
307 2138 430 2204 directe
446 2161 555 2205 versus
570 2145 699 2224 partem
716 2139 949 2206 occidentalem
967 2140 1124 2205 adunam
1134 2146 1253 2205 metam

124 2251 266 2310 terream
283 2251 316 2312 et
332 2247 408 2312 inde
427 2248 632 2331 procedendo
656 2248 747 2314 vadit
772 2248 815 2316 ad
840 2271 940 2314 unum
964 2249 1205 2332 permissorium
1222 2251 1255 2313 et

123 2353 199 2418 inde
224 2353 409 2437 ingreditur
433 2357 468 2420 in
492 2357 579 2422 latus
603 2357 705 2441 ipsius
733 2357 931 2442 permissorii
947 2377 967 2421 a
983 2362 1078 2441 parte
1106 2356 1254 2420 meridio-

123 2461 190 2525 nali
223 2467 257 2526 et
285 2462 362 2528 inde
392 2464 596 2548 procedendo
627 2464 716 2530 vadit
748 2466 783 2528 in
809 2463 972 2548 quandam
1007 2485 1126 2548 aquam
1160 2463 1254 2528 Dusa

123 2576 272 2635 vocatam
297 2576 330 2635 et
353 2571 400 2636 ibi
416 2577 466 2638 est
481 2595 580 2638 unum
605 2574 729 2658 lignum
753 2573 932 2656 vulgariter
956 2572 1064 2658 lyuzfa
1088 2593 1253 2656 ntvncupa-

123 2681 194 2742 tum
211 2697 271 2762 pro
286 2684 381 2762 meta,
391 2687 425 2745 et
440 2681 515 2746 inde
530 2681 565 2746 in
580 2681 692 2746 eadem
709 2703 795 2765 aqua
810 2681 900 2747 vadit
915 2680 999 2746 infra
1009 2702 1119 2745 versus
1128 2685 1254 2764 partem

124 2787 372 2854 meridionalem
390 2795 422 2854 et
437 2789 513 2856 inde
528 2791 734 2876 procedendo
753 2792 820 2856 exit
839 2789 992 2856 defluvio
1009 2789 1196 2874 supradicto
1213 2773 1256 2854 ad

124 2919 226 2962 unam
243 2904 362 2962 metam
378 2903 520 2965 terream
536 2905 570 2966 et
583 2899 659 2965 inde
676 2899 869 2984 egrediendo
897 2898 987 2966 vadit
1012 2920 1122 2964 versus
1146 2901 1256 2982 partes

121 3003 343 3072 occidentales
358 3007 444 3072 inter
461 3008 542 3073 duas
570 3009 665 3074 villas
690 3006 782 3074 (theb
806 3012 939 3074 vocatas
964 3012 997 3072 et
1021 3005 1069 3071 ibi
1092 3011 1168 3070 sunt
1193 3004 1255 3070 due

123 3119 212 3179 mete
228 3119 342 3198 terreo,
358 3115 481 3181 atinde
498 3116 693 3200 egrediendo
717 3116 807 3182 vadit
833 3115 876 3180 ad
898 3136 998 3180 unum
1013 3114 1131 3180 rubum
1146 3114 1256 3197 vulga·

123 3222 1325 3307 dmmmwmmmmmmmmeffimffln⁰

123 3331 233 3396 medio
249 3331 352 3415 ipsius
366 3331 467 3398 rubus
484 3330 567 3419 (igy)
583 3334 640 3399 ubi
656 3339 706 3400 est
728 3334 819 3400 lacus
845 3354 982 3417 magnus
1009 3338 1041 3398 et
1065 3352 1162 3416 super
1185 3331 1257 3415 ipsc

124 3441 201 3505 lacu
226 3439 375 3522 procedit
399 3462 498 3525 supra
523 3463 632 3507 versus
658 3447 784 3526 partem
816 3441 1120 3525 septemtrionalem,
1144 3445 1258 3524 postea

124 3550 194 3615 exit
210 3547 286 3613 inde
302 3554 336 3613 et
351 3548 441 3614 vadit
455 3569 566 3614 versus
587 3556 713 3633 partem
739 3549 930 3614 orientalem
947 3554 980 3613 et
996 3548 1084 3614 cadit
1100 3547 1142 3612 ad
1158 3569 1257 3612 unum

123 3663 272 3723 meatum
287 3657 467 3737 vulgariter
482 3655 607 3741 pothok
632 3661 782 3722 vocatum
808 3663 841 3721 et
866 3655 911 3721 ibi
938 3661 987 3720 est
1010 3677 1110 3720 unum
1133 3655 1258 3738 lignum

123 3765 228 3832 silicis
251 3785 312 3849 pro
327 3769 425 3848 meta,
444 3769 477 3830 et
492 3765 568 3830 inde
583 3787 699 3849 parum
723 3763 928 3849 procedendo
944 3764 1063 3847 inipso
1079 3767 1189 3828 meatu
1205 3783 1258 3826 va·

124 3875 175 3940 dit
192 3873 237 3938 ad
252 3895 352 3939 unvrm
375 3874 499 3959 lignum
523 3895 638 3958 pomus
664 3880 697 3939 et
721 3872 796 3938 inde
821 3871 1026 3957 procedendo
1052 3893 1110 3956 per
1134 3876 1259 3936 veteres

125 3989 232 4049 metas
249 3987 282 4046 et
298 3982 450 4065 antiquas
466 3981 588 4048 directe
604 4003 713 4048 versus
724 3985 881 4049 orientem
897 3963 1041 4046 saliendo
1057 4001 1157 4045 unum
1173 4001 1259 4044 mea-

124 4098 198 4157 tum
215 4111 300 4174 aque
314 4089 501 4174 Fyuzerher
516 4095 629 4156 vocate
645 4096 678 4155 et
694 4089 769 4155 inde
785 4088 991 4174 procedendo
1007 4089 1050 4152 ad
1064 4109 1164 4153 unam
1173 4089 1258 4153 viam

123 4223 192 4285 qna
208 4197 301 4265 vadit
316 4219 426 4264 versus
452 4197 649 4282 Nogmichal
676 4203 709 4264 et
733 4199 768 4263 in
793 4197 905 4263 eadem
929 4197 983 4262 via
1006 4217 1122 4282 parum
1147 4217 1258 4280 proce·

124 4306 236 4374 dendo
263 4307 330 4372 exit
346 4305 389 4371 ad
403 4327 502 4372 unam
526 4311 647 4372 metam
672 4311 813 4372 terr-eam
838 4311 872 4370 et
896 4303 1045 4390 procedit
1069 4303 1192 4368 directe
1217 4303 1260 4369 ad

123 4415 375 4501 Zuhapothoka
391 4419 424 4480 et
438 4415 530 4481 vadit
544 4414 630 4480 infra
644 4414 687 4480 ad
703 4416 844 4499 priorem
869 4415 976 4480 locum
992 4418 1151 4478 metarum
1167 4417 1200 4477 et
1215 4411 1260 4478 ibi

122 4532 216 4592 mete
232 4524 457 4590 terminantur.
473 4522 598 4587 Datum
614 4523 648 4586 in
663 4523 786 4588 octavis
797 4518 949 4587 Omnium
960 4519 1164 4606 Sanctorum,
1175 4539 1260 4590 anuo

123 4633 253 4701 domini
269 4629 325 4697 Μθ
340 4628 440 4700 0000
462 4631 612 4700 vicesimo
629 4635 730 4697 sexto.
