3152 5472
540 510 634 574 1332.
653 527 754 576 usar.
771 513 800 574 8.

625 911 699 973 494.

98 1069 193 1132 1332.
212 1081 306 1135 niort.
322 1073 352 1136 8.
370 1068 558 1159 Eszterpom
582 1077 679 1138 vairos
704 1075 841 1140 tarrcicso
858 1073 930 1139 elb'tt
949 1075 1084 1142 Peraia
1099 1075 1227 1164 kirrilpa'

95 1198 199 1258 orcos,
217 1179 316 1242 eauek
332 1185 399 1265 aeje
416 1183 449 1246 e's
461 1181 544 1286 sior).
562 1180 680 1246 Tomos
698 1181 849 1246 csobahb'i
865 1185 898 1247 e‘o
914 1183 1048 1268 peszteoi
1064 1187 1226 1270 corrupp-

416 1289 482 1354 παῖε
498 1312 556 1377 epy
572 1288 669 1355 arctor
685 1289 906 1355 elhriihr'teaek.

202 1443 320 1512 Comes
335 1443 493 1516 Nicolaus
517 1447 604 1514 filius
627 1447 762 1515 Baldini
786 1449 892 1533 iudex,
917 1471 1021 1517 comes
1038 1448 1225 1536 Stephanus

93 1549 180 1618 filius
198 1551 330 1638 Godini,
347 1577 454 1624 comes
471 1557 504 1623 N
506 1559 628 1624 icolaus
644 1556 730 1624 filius
746 1557 928 1644 Michaelis,
950 1561 1106 1644 magister
1121 1557 1226 1626 Geor·

93 1659 165 1741 gius
181 1659 269 1728 filius
284 1663 415 1749 Robini,
431 1665 616 1750 Stephanus
639 1664 725 1730 filius
751 1663 896 1752 Gilethy,
911 1667 1066 1750 magister
1082 1666 1224 1733 Thomas

93 1767 179 1833 tilius
187 1765 546 1859 Kunchel,Stophanus
554 1773 641 1840 filius
652 1773 989 1860 Hermany,magister
999 1772 1108 1858 Anda,
1119 1795 1225 1842 conres

93 1872 301 1962 Valentinus,
332 1878 520 1965 Stephanus
550 1881 637 1946 filius
667 1879 817 1966 Hurnicy
848 1889 880 1946 et
910 1902 1016 1948 comes
1040 1879 1225 1966 Stephanus

94 1983 179 2050 filius
195 1983 337 2070 Nigrum
360 1989 460 2056 iurati
477 1989 641 2072 ceterique
667 1989 751 2054 cives
776 1987 816 2053 de
842 1985 1008 2073 Strigonio
1026 2039 1057 2056 ..
1088 1987 1132 2055 ad
1155 1989 1226 2054 uni-

94 2113 260 2160 versorum
291 2097 492 2163 noticiam..
524 2097 669 2163 volumus
703 2097 881 2180 pervenire,
907 2096 994 2182 quod
1010 2147 1041 2164 ..
1072 2098 1226 2180 magister

94 2197 305 2268 Perettohius
331 2205 477 2270 cirolitus
503 2225 560 2271 seu
584 2203 728 2269 medicus
744 2253 776 2270 ..
807 2206 893 2288 regis
916 2204 1036 2271 Karoli
1053 2253 1084 2271 ..
1115 2211 1227 2270 noster

94 2309 200 2376 socius
219 2318 253 2377 et
277 2313 424 2396 concivis,
449 2312 580 2379 domina
607 2313 780 2378 Elisabeth
810 2334 941 2380 consors
965 2336 1031 2398 sua,
1056 2313 1227 2380 Johannes

93 2427 231 2503 uterque
248 2429 281 2486 et
296 2421 453 2488 Nicolaus
469 2420 528 2486 filii
552 2422 695 2487 eiusdem
720 2422 762 2486 ab
777 2442 843 2487 una
867 2429 970 2506 parte,
995 2427 1028 2487 et
1042 2421 1092 2486 vir
1108 2420 1226 2486 nobilis

93 2528 251 2612 magister
266 2527 409 2596 Thomas
425 2529 510 2596 filius
528 2527 621 2596 Petri
647 2532 843 2596 castellanus
868 2529 908 2596 de
933 2529 1111 2597 Ohokakeu
1128 2537 1161 2594 et
1185 2527 1226 2594 de

92 2633 241 2702 Kezthes
257 2659 296 2702 ex
320 2639 424 2704 altera
450 2659 560 2705 coram
583 2638 677 2704 nobis
702 2638 916 2722 personaliter
935 2637 1103 2704 constituti
1128 2635 1226 2700 iidem

93 2745 251 2828 magister
267 2745 476 2812 Perettoldus
493 2745 622 2812 domina
638 2766 770 2812 consors
794 2768 852 2812 sua
868 2753 902 2812 et
916 2745 976 2811 filii
991 2746 1041 2811 sui
1056 2743 1227 2810 memorati

94 2852 260 2936 quandam
277 2855 403 2920 vineam
428 2855 572 2939 ipsorum
596 2855 657 2938 ipsi
673 2847 828 2939 magistro
845 2853 1035 2920 Perettoldo
1051 2873 1108 2937 per
1125 2850 1227 2917 domi·

94 2983 171 3024 num
189 2968 336 3026 nostrum
351 2983 460 3045 regem
477 2962 585 3028 datam
603 2968 635 3026 et
651 2961 805 3027 donatam
821 2968 854 3027 et
863 2959 1067 3045 postmodum
1081 2979 1140 3044 per
1149 2979 1227 3023 eun·

95 3067 168 3132 dern
186 3069 339 3134 emcionis
356 3069 452 3136 titulo
468 3077 690 3154 comparatam
706 3069 860 3134 Burhuth
875 3075 1022 3136 vocatam
1046 3068 1082 3133 in
1099 3065 1227 3134 territo-

95 3178 146 3242 rio
163 3173 381 3259 Strigoniensi
396 3185 483 3243 retro
500 3177 669 3243 ecclesiam
686 3177 790 3242 sancti
805 3175 970 3242 Dominici
986 3173 1178 3243 confessoris
1192 3173 1228 3238 in

94 3284 178 3350 sacis
203 3291 289 3350 terre
306 3287 440 3369 capituli
457 3285 589 3350 ecclesie
605 3283 837 3368 Strigoniensis
853 3285 948 3350 sitam
964 3333 971 3349 .
987 3333 995 3350 .
1010 3284 1045 3349 in
1060 3283 1226 3348 vicinitate

93 3391 261 3458 tinearum
279 3395 404 3460 comitis
420 3393 579 3478 Stephani
594 3393 653 3458 filii
669 3391 809 3476 Nigram
826 3393 964 3458 concivis
979 3391 1082 3458 nostri
1098 3397 1227 3476 aparte

95 3501 336 3586 septemtrionis
347 3499 660 3588 etssmagistnGehan
669 3501 939 3586 pistorisaplaga
949 3500 1082 3566 orientis
1092 3498 1230 3565 existen·

94 3615 160 3674 tem
170 3657 196 3673 ..
214 3629 254 3675 ex
269 3611 478 3694 permissione
494 3611 637 3695 ipsorum
646 3610 826 3676 vicinorum
841 3629 972 3675 suorum
983 3657 1008 3674 ..
1032 3607 1227 3672 dixerunt..

94 3717 277 3784 vendidisse
293 3718 440 3802 predicto
457 3767 464 3784 .
481 3769 488 3784 .
506 3717 630 3785 Thome
645 3717 713 3784 filio
729 3717 822 3784 Petri
838 3724 967 3784 centum
975 3717 1092 3783 marcis
1102 3737 1228 3800 grosso-

94 3848 169 3892 rum
187 3823 391 3891 denan'orum
416 3827 510 3910 plene
527 3825 647 3892 habitis
672 3833 705 3891 et
730 3825 868 3908 receptis
899 3825 941 3890 ab
966 3823 1125 3890 eodem..
1156 3823 1227 3890 iure

94 3940 279 4017 perpetuo.
296 3984 303 3999 .
322 3933 570 4017 possidendam.
587 3983 594 3999 .
614 3943 763 4018 preterea
777 3933 864 3998 idem
889 3933 1042 4016 magister
1065 3931 1229 3997 Perettol·

95 4041 157 4108 dus
173 4049 207 4108 et
225 4043 274 4108 sui
289 4042 348 4108 filii
364 4093 371 4107 .
389 4095 395 4108 .
427 4050 648 4108 assumserunt
670 4050 708 4108 ut
723 4042 750 4108 si
766 4043 821 4125 qui
837 4041 905 4108 ullo
922 4062 1065 4124 unquam
1081 4047 1228 4124 tempore

94 4149 262 4234 prefatum
277 4151 469 4235 magistrum
487 4149 647 4216 Thomam
662 4150 764 4216 filium
783 4151 875 4216 Petri
895 4150 1024 4215 racione
1040 4148 1232 4232 premisse..

94 4260 189 4324 vinee
220 4259 403 4342 inquietare
442 4259 623 4324 niterentur
650 4309 681 4324 ..
712 4259 863 4342 expedire
889 4307 920 4324 ..
951 4258 1050 4342 peciit
1080 4257 1181 4322 eciam
1211 4280 1231 4322 a

94 4367 192 4432 nobis
217 4367 374 4450 magister
400 4367 542 4433 Thomas
572 4374 769 4434 memoratus
809 4373 846 4432 ut
876 4373 1021 4432 tenorem
1046 4365 1230 4430 litter-amun

96 4475 217 4559 quibus
242 4476 459 4543 mediantibus
483 4477 664 4560 predictam
690 4476 816 4542 vineam
841 4477 996 4558 magister
1020 4472 1231 4539 Perettoldus

98 4586 232 4650 emisset
266 4591 299 4650 et
333 4585 535 4666 obtinuisset,
566 4584 769 4668 presentibus
802 4583 900 4649 inseri
933 4582 1121 4664 faceremus,
1153 4602 1231 4663 qua-

97 4715 170 4759 rum
199 4701 294 4760 tenor
318 4694 395 4759 talis
431 4701 496 4760 est:
524 4691 639 4761 Oomes
664 4691 855 4778 Nicotaus.
879 4741 886 4758 .
911 4741 918 4757 .
942 4692 1004 4758 stb.
1030 4689 1066 4776 (l.
1097 4688 1230 4756 rontebb
