3172 5462
569 463 663 526 1324.
680 479 780 526 maur.
799 463 849 526 24.
1210 465 1272 527 117

137 643 273 708 lectoris
290 640 644 726 Quinqueecolesiensis
660 649 693 706 et
708 643 783 708 aule
799 641 909 707 nostre
922 643 1178 709 vicecancellarii
1195 645 1273 709 dile-

139 752 183 816 cti
200 757 235 816 et
260 751 367 820 fidelis
391 751 503 834 nostri,
528 771 613 815 anno
638 749 759 816 domini
783 748 838 814 Μ0
854 747 955 817 0000
970 752 1120 818 vicesimo
1146 760 1274 837 quarto,

138 861 265 926 decimo
282 857 440 924 kalendas
464 856 605 942 Aprilis,
629 859 720 942 regni
744 864 855 924 autem
879 861 983 924 nostri
1008 883 1093 926 anno
1120 863 1270 927 similiter

138 972 293 1038 vicesimo
319 973 445 1052 quarto.
470 966 722 1036 Venerabilibus
746 970 781 1033 in
807 965 938 1034 Christo
964 970 1111 1052 patribus
1136 972 1274 1038 dominis

138 1081 297 1148 Bolealao
315 1078 540 1162 Strigoniensi,
557 1085 590 1144 et
605 1077 708 1143 fratre
724 1076 880 1144 Ladizlao
908 1077 1100 1145 Colooheusi
1117 1079 1273 1164 archiepi-

138 1190 254 1272 scopis,
286 1185 441 1253 Johanne
471 1184 641 1268 Nitriensi,
672 1185 853 1250 Benedicto
886 1182 1113 1270 Chanadieusi,
1136 1186 1274 1254 Nicolao

138 1297 319 1378 lauriensi,
344 1295 479 1360 Iwanlra
504 1295 722 1378 Waradiensi,
746 1295 905 1360 Ladizlao
927 1292 1273 1379 Quinqueecolesiensi

140 1404 289 1489 Georgia
307 1403 493 1490 Syrmiensi,
519 1406 620 1469 fratre
646 1405 746 1470 Petro
771 1404 941 1487 Boanensi
968 1401 1103 1470 Andrea
1130 1405 1274 1471 Transil-

140 1540 232 1600 rano,
264 1517 404 1581 Herrioo
430 1514 678 1598 Wesprimiensi
710 1516 784 1580 aule
816 1516 944 1579 domine
975 1517 1085 1598 regine
1117 1517 1274 1582 consortis

138 1633 251 1692 nostre
283 1625 451 1690 karissime
483 1623 677 1689 cancellario
705 1629 738 1687 et
763 1620 954 1688 Chanadino
987 1619 1143 1707 Agrieusi
1175 1627 1274 1691 eccle-

139 1736 263 1798 siarum
281 1733 439 1816 episcopis
456 1731 608 1798 ecclesias
625 1731 677 1796 dei
696 1730 834 1796 feliciter
859 1731 1125 1816 gubernantibus
1150 1735 1275 1817 magni-

136 1839 209 1905 ficis
225 1841 303 1904 viris
319 1839 472 1921 Philippo
489 1839 635 1920 palatino
654 1839 761 1902 iudice
788 1859 998 1904 cumanorum
1024 1853 1051 1905 et
1067 1843 1273 1926 bissenorum,

138 1949 260 2014 comite
278 1945 483 2030 Scepusieusi
500 1952 533 2010 et
550 1945 589 2010 de
605 1944 747 2029 Wywar,
763 1945 934 2012 Demetrio
953 1949 1108 2031 magistro
1134 1950 1274 2016 thouar-

139 2059 288 2122 uicorum
305 2062 489 2120 nostrorum
505 2055 622 2120 comite
639 2053 814 2118 Bacliiensi
840 2059 873 2118 et
899 2053 1146 2140 Triochiuiensi,
1171 2059 1272 2142 magi-

138 2173 211 2231 stro
244 2165 424 2248 Lanrperto
448 2163 553 2228 iudice
589 2163 676 2227 curie
702 2167 811 2227 nostre
843 2165 961 2228 comite
993 2163 1213 2230 Chauadiousi
1239 2172 1272 2230 et

135 2273 312 2354 Nitrieusi,
334 2271 462 2337 Thomu
476 2269 656 2354 Woyuodu
682 2269 911 2335 Transsilrauo
938 2272 1055 2336 comite
1081 2271 1121 2336 de
1147 2272 1273 2356 Zouulr,

136 2381 281 2447 Nicolao
298 2381 383 2447 bano
401 2381 505 2445 tocius
531 2377 700 2445 Solavonie
726 2379 843 2442 comite
868 2376 1082 2461 Supruuiensi
1099 2386 1131 2444 et
1147 2381 1187 2446 (le
1203 2381 1274 2446 Ku-

137 2512 278 2573 marum‚
294 2489 399 2554 Paulo
416 2487 501 2556 bauo
518 2487 557 2551 de
577 2485 721 2552 Machou
748 2488 864 2552 comite
891 2485 1069 2572 syrmiensi
1086 2489 1125 2552 de
1142 2488 1273 2556 Volkou

135 2606 173 2664 et
186 2599 226 2663 de
237 2596 384 2680 Budrug‚
394 2595 517 2680 Mykoh
528 2597 683 2678 uragistro
695 2594 966 2660 thouarnicorum
982 2595 1126 2678 predicte
1143 2596 1271 2661 domine

134 2709 263 2790 regine,
273 2706 384 2771 Deseu
397 2705 502 2770 iudice
519 2705 606 2769 curie
624 2703 776 2787 eiusdem,
787 2703 899 2769 Blasio
915 2705 1070 2788 inagistro
1092 2727 1271 2787 agazouum

134 2824 337 2896 nostrorum,
353 2813 512 2898 Dyonisio
537 2813 694 2896 magistro
721 2811 939 2895 dapiferorum
964 2819 1149 2878 nostrorum
1166 2821 1200 2878 et
1214 2813 1273 2880 Ni-

134 2924 235 2989 colao
253 2924 369 2988 comite
384 2921 574 2987 Posoniensi
591 2943 629 2986 ao
645 2921 718 2986 aliis
735 2920 980 3004 quampluribus
995 2922 1166 2987 comitatus
1182 2925 1273 3005 regni

133 3033 248 3098 nostri
266 3029 451 3096 tenentibus
469 3033 501 3094 el
516 3029 663 3094 honores.

252 3194 293 3243 ΑΖ
306 3194 468 3258 esztergomi
482 3193 673 3256 lapmlannak
690 3195 824 3243 1343-bau
840 3195 925 3243 »feria
939 3194 1057 3244 secunda
1071 3193 1197 3256 proxima
1211 3198 1275 3242 aute

130 3288 245 3336 festum
258 3285 332 3334 beati
347 3284 460 3346 Georgii
474 3284 612 3332 auertitis«
630 3283 776 3333 »Nicolaus
794 3284 869 3334 iilius
891 3284 996 3334 Thome
1020 3285 1142 3333 servieus
1155 3285 1183 3332 et
1196 3284 1274 3333 fami·

129 3377 219 3428 liaris
243 3375 372 3440 magistri
394 3373 628 3437 Horsundorpher
650 3375 700 3424 filii
723 3375 915 3426 normanum-s«
939 3375 1090 3424 ke'relmere
1103 3375 1213 3424 kiadott
1235 3374 1275 3423 at-

129 3465 271 3524 111ῐέ110,
294 3465 423 3529 nielynck
445 3463 577 3527 erodetije
600 3465 913 3529 megvauuzorsz.ltri1·
934 3464 1034 3516 kiucst.
1058 3469 1124 3516 oszt.
1146 3465 1179 3516 N.
1194 3465 1226 3515 R.
1241 3464 1273 3516 A.

130 3562 200 3610 669.
232 3561 272 3606 14.
296 3555 354 3620 dipl
376 3556 447 3606 liar:
469 3557 546 3604 2232.
560 3555 657 3606 Kiizli:
677 3555 755 3620 Nagy
770 3555 867 3621 Gyula.

628 3733 758 3742 m.
774 3737 785 3743 .-

671 3917 743 3978 106.

128 4085 240 4151 1324.
260 4092 353 4145 errori.
372 4082 423 4143 24.
442 4079 589 4143 Szaloles
609 4083 773 4164 car-mewa
798 4081 933 4164 lapriaja
951 4083 982 4144 <fs
999 4081 1177 4144 hirritcirscc'
1201 4081 1273 4142 eluta

133 4191 277 4258 l'rirrlai
303 4189 423 4252 Heroas
441 4187 584 4270 Seurjeai
600 4187 717 4249 Laszlo'
735 4189 920 4271 arceamus
946 4212 1002 4274 cyp
1014 4189 1073 4273 pcj
1093 4189 1164 4252 lo'ra
1184 4191 1273 4250 nemra

522 4297 762 4380 παι-(11010901
781 4295 891 4360 υιὶίίαἰ.

251 4457 323 4522 Nos
348 4457 502 4540 magister
528 4453 713 4538 Stephanus
737 4453 821 4520 filius
853 4456 950 4520 Pauli
986 4454 1060 4520 baui
1097 4476 1202 4519 comes
1233 4455 1273 4519 de

120 4566 291 4640 Zobolch
317 4571 350 4629 et
376 4571 516 4648 quatuor
541 4565 663 4629 iudices
683 4563 721 4627 (le
748 4563 857 4630 eodem
884 4566 997 4629 (lamus
1023 4587 1081 4648 pro
1107 4564 1271 4642 memoria,

122 4677 228 4768 quod
258 4674 416 4740 accedens
441 4673 483 4738 ad
508 4679 652 4738 nostram
684 4675 882 4756 presenciam
915 4675 1069 4758 magister
1099 4672 1274 4738 Ladislaus
