3132 5470
692 465 881 512 anrousorn
897 453 1114 512 onulnrrirs.

867 849 941 909 270.

338 1006 433 1071 1327.
459 1007 627 1092 Viaeprm'd,
637 1009 714 1091 jun.
734 1008 783 1072 18.
801 1007 932 1072 Sdador
948 1008 1135 1092 orszdpbe‘rui
1149 1008 1254 1070 Keadz
1265 1029 1368 1071 comes
1379 1007 1456 1094 appii

336 1114 482 1198 szolpcija
523 1115 601 1178 ellan
628 1117 775 1179 Feliciaa
802 1127 914 1180 aresta·
938 1115 1099 1200 azolpdjrit
1125 1113 1275 1200 bizonyos
1302 1114 1456 1178 embercle's

336 1221 478 1306 ilgyc‘ben
490 1222 636 1308 Pozeonp
647 1228 814 1309 crr'rnreppe
823 1224 1001 1310 fdispdnjc
1012 1226 1044 1286 es
1055 1223 1233 1286 birdtc'rsca'
1243 1221 1317 1285 eldat
1332 1222 1456 1285 lateradd

767 1332 876 1395 esbatae
892 1331 1031 1396 kdtelezi.

445 1487 515 1556 Nos
531 1511 637 1556 comes
653 1489 844 1558 Alexander
859 1491 957 1557 iudex
983 1491 1071 1558 curie
1087 1541 1094 1557 .
1111 1541 1118 1556 .
1135 1490 1249 1558 damus
1274 1512 1334 1574 pro
1352 1511 1455 1556 memo

335 1597 394 1680 ria,
405 1597 493 1681 quod
504 1621 577 1664 cum
588 1599 679 1665 iuxta
691 1600 927 1666 continenciam
944 1601 1128 1666 litterarum
1145 1651 1151 1666 .
1169 1649 1176 1666 .
1192 1598 1325 1664 Nicolai
1342 1599 1455 1664 comilis

335 1705 544 1774 Posoniensis
560 1708 718 1775 Nicolaus
741 1709 846 1776 dictus
862 1709 1006 1794 Magnus
1032 1712 1174 1778 serviens
1200 1710 1327 1776 comitis
1344 1707 1457 1774 Keneri

336 1822 450 1880 contra
465 1815 569 1882 Peteu
586 1819 776 1883 servientem
787 1819 1106 1902 magistriFeliciani
1116 1839 1213 1902 super
1229 1839 1266 1884 eo
1284 1817 1374 1902 quod
1384 1817 1455 1881 idem

304 1964 305 1968 =
336 1924 441 1990 Peteu
458 1926 500 1992 ad
517 1926 647 1992 domum
673 1927 773 2012 ipsius
797 1925 929 1994 Nicolai
954 1929 1181 2012 potencialiter
1206 1925 1365 1990 veniendo
1382 1923 1456 1990 Kaz-

335 2035 471 2100 merium
486 2035 621 2101 fratrem
638 2035 779 2101 eiusdem
796 2035 926 2103 Nicolai
941 2036 1141 2101 interfecerit
1162 2037 1307 2124 pugilem
1325 2058 1455 2123 congrae

336 2169 415 2226 carn,
431 2143 517 2208 idem
534 2165 609 2210 vero
626 2142 732 2209 Pcteu
748 2143 845 2229 super
861 2167 898 2210 eo
915 2144 1002 2229 quod
1018 2145 1052 2208 iu
1076 2143 1307 2210 interemcione
1325 2141 1456 2207 eiusdem

336 2247 500 2338 Kazmerp
516 2252 723 2336 inculpabilis
733 2251 832 2317 fuerit
841 2253 984 2338 pugilem
1001 2257 1244 2339 inconpresaara
1261 2256 1379 2316 contra
1396 2267 1454 2313 sese

337 2365 456 2442 quarta
472 2359 554 2424 seria
570 2361 718 2444 proxima
743 2367 820 2427 ante
836 2361 954 2426 festum
971 2359 1165 2426 Natiuitatis
1190 2357 1277 2424 beati
1303 2355 1456 2423 Johannis

336 2465 487 2551 Baptista
512 2472 655 2533 statuere
681 2467 869 2535 debuissent
883 2470 948 2534 isto
972 2469 1024 2533 die
1051 2467 1237 2533 certaminis
1253 2471 1457 2551 pugnaturos,

336 2573 526 2640 adveniente
550 2579 661 2662 itaque
685 2578 756 2661 ipsa
782 2584 899 2662 quarta
924 2577 1006 2643 feria
1020 2575 1119 2642 iidem
1135 2575 1293 2640 Nicolaus
1311 2580 1345 2638 et
1361 2574 1456 2638 Pelen

336 2684 476 2768 propriis
506 2685 539 2748 in
556 2687 702 2769 personis
718 2685 934 2772 comparendo
950 2685 1114 2772 pugilibus
1139 2685 1205 2750 suis
1222 2684 1355 2748 statutis
1371 2703 1458 2766 super

336 2797 440 2856 morte
456 2793 556 2876 ipsius
573 2793 741 2859 Kazmerii
758 2795 800 2860 ad
816 2795 915 2861 talem
940 2795 1030 2879 pacis
1055 2815 1095 2858 ex
1118 2795 1232 2859 nostra
1257 2791 1458 2875 permissione

337 2899 536 2966 devenerunt
551 2903 702 2968 unionem
727 2903 813 2987 quod
840 2903 950 2969 eedem
975 2909 1086 2987 partes
1111 2899 1353 2985 quintodecimo
1379 2899 1459 2963 dica

337 3007 414 3074 data
430 3011 630 3093 presencium
645 3013 679 3078 in
701 3013 873 3106 ¹presencia
897 3013 1045 3095 magistri
1069 3009 1200 3077 Nicolai
1224 3008 1350 3074 comitis
1365 3007 1458 3072 Poso-

337 3117 455 3182 niensis
480 3124 513 3182 et
539 3126 679 3204 quatuor
703 3120 847 3187 iudicum
881 3121 1040 3188 nobilium
1065 3121 1105 3186 de
1136 3117 1248 3185 eodem
1280 3135 1460 3201 comparere

337 3225 536 3291 tenebuntur
552 3235 584 3292 et
601 3229 776 3295 secundum
793 3230 879 3314 qnod
894 3228 980 3294 idem
997 3249 1102 3294 comes
1119 3233 1152 3292 et
1167 3225 1291 3292 iudices
1308 3225 1461 3292 condicio·

337 3354 411 3396 nem
427 3339 460 3398 et
474 3333 661 3400 libertatem
676 3337 777 3422 ipsius
792 3336 959 3402 Kazmerii
969 3335 1150 3402 invenerint
1167 3340 1200 3400 el
1216 3335 1461 3418 investigacione

337 3441 451 3507 habita
490 3441 639 3527 diligenti
670 3444 846 3510 secundum
885 3443 1070 3510 huiusmodi
1100 3443 1251 3508 videlicet
1282 3441 1463 3508 libertatem

335 3533 435 3634 ipsius
452 3549 658 3617 medietatem
684 3553 827 3637 homagii
843 3575 900 3619 seu
925 3553 1091 3620 homicidii
1115 3552 1265 3637 premissi
1291 3550 1463 3618 secundum

336 3657 472 3736 eandem
488 3658 674 3725 libertatem
690 3661 859 3727 Karmerii
871 3663 905 3726 in
921 3684 959 3728 eo
976 3661 1127 3726 videlicet
1153 3659 1239 3743 quod
1265 3661 1298 3724 in
1314 3660 1464 3723 interem-

337 3769 429 3833 cione
445 3767 546 3852 ipsius
562 3768 728 3836 Karmerii
745 3771 831 3836 idem
847 3771 952 3836 Peteu
969 3771 1118 3836 innoxius
1142 3767 1242 3834 fuerit
1268 3773 1302 3833 et
1316 3766 1467 3832 immunis

335 3876 427 3941 iuxta
443 3899 613 3943 numerum
628 3901 839 3963 personarum
855 3887 893 3946 ut
908 3901 966 3965 per
983 3879 1111 3945 eosdem
1129 3878 1281 3943 comitem
1298 3879 1329 3940 et
1345 3873 1466 3939 iudices
1545 3925 1546 3994 l

335 3982 396 4048 sibi
411 3983 713 4071 sueritimpositum
730 3993 933 4062 sacramento
943 3987 1116 4053 iuramenti
1133 4005 1166 4050 se
1183 4005 1366 4068 expurgare
1383 3989 1468 4046 tene
1545 3995 1546 4068 p

335 4099 427 4157 retur
443 4099 476 4157 et
495 4094 610 4160 deinde
627 4098 732 4161 tocius
757 4095 836 4161 sacti
862 4097 975 4162 seriem
1002 4095 1112 4160 eedem
1137 4097 1248 4177 partes
1274 4093 1305 4155 in
1329 4091 1467 4155 termino

338 4220 397 4285 per
422 4205 681 4286 sepenominatos
698 4207 848 4270 comitem
865 4212 898 4270 et
922 4203 1046 4270 iudices
1071 4202 1113 4267 ad
1138 4201 1200 4267 boc
1225 4198 1378 4286 partibus
1395 4199 1469 4264 assi·
1545 4211 1546 4282 l

339 4316 439 4392 gnato
456 4310 548 4376 nobis
564 4312 598 4376 in
614 4313 733 4378 litteris
750 4313 895 4398 capituli,
912 4312 1050 4396 sibiipsi
1067 4310 1189 4376 solucio
1206 4308 1294 4374 facta
1308 4310 1343 4370 et
1361 4307 1467 4390 ipsum

337 4417 556 4484 iuramentum
573 4419 755 4504 depositum
771 4421 879 4506 suerit,
895 4427 1062 4506 reportare
1079 4415 1290 4493 tenebuntur;
1305 4413 1471 4479 nihilomi·

340 4543 399 4589 nus
415 4525 501 4591 idem
518 4529 674 4611 magister
689 4529 876 4595 Feliciones
892 4553 951 4615 pro
977 4528 1089 4595 eodem
1114 4527 1218 4591 Peleu
1244 4543 1347 4604 nsque
1367 4529 1472 4589 extre·

336 4653 420 4700 mam
448 4635 678 4703 diffinicionem
704 4641 804 4723 ipsius
829 4661 924 4705 cause
951 4639 1060 4704 extitit
1086 4633 1262 4700 fideiussor.
1292 4628 1424 4696 Datum
1442 4633 1473 4696 in
1545 4637 1546 4658 ¹
