3154 5474
541 469 635 531 1331.
660 482 735 530 nuc.
754 466 804 530 18.
1172 470 1234 534 547

106 646 250 714 Michael
267 647 371 714 Peteu
387 651 419 713 et
435 646 461 712 J
462 647 605 714 ohannes
621 645 681 710 filii
697 643 857 730 Stephani
881 646 941 712 filii
959 647 1142 734 Welpreth,
1159 651 1238 716 item

105 755 306 823 Benedictus
321 757 407 822 filius
433 755 536 840 Pynlr,
561 753 720 820 Nicolaus
745 753 831 821 filius
856 753 1030 823 Laurencii
1056 761 1089 824 et
1112 756 1238 824 Paulus

104 862 188 929 filius
214 864 348 931 Iwanka
378 864 503 930 nobiles
532 863 570 928 de
596 861 800 930 Ohallouhuz
817 913 848 930 ..
882 866 1061 932 extiterunt
1093 865 1237 952 confessi,

108 972 195 1055 quod
210 972 333 1046 Petrus
348 973 434 1039 filius
450 971 589 1057 Sandur‚
605 971 631 1040 J
634 973 775 1040 ohannes
791 976 825 1038 et
840 971 996 1040 Nicolaus
1011 973 1071 1039 filii
1086 973 1183 1042 Pauli
1200 975 1240 1042 de

106 1079 231 1166 Pudnu,
263 1082 340 1147 item
372 1079 557 1164 Stephanus
583 1085 616 1146 et
639 1079 797 1146 Nicolaus
828 1080 887 1147 filii
911 1081 1058 1166 Mortun,
1084 1104 1121 1150 ao
1136 1085 1240 1149 eciam

105 1187 225 1256 Petrus
239 1189 326 1256 filius
342 1191 440 1256 Pauli
456 1187 582 1256 nobiles
599 1187 638 1255 de
655 1172 768 1255 eadem
785 1186 987 1257 Ohollouhuz
1004 1241 1010 1257 .
1027 1241 1034 1257 .
1054 1191 1159 1258 Paulo
1169 1191 1237 1258 filio

104 1297 186 1364 Petz
204 1301 265 1364 ciri
280 1299 474 1366 Posoniensi
491 1320 608 1365 coram.
624 1298 704 1382 ipsis
723 1297 874 1365 videlicet
889 1299 959 1383 ipso
976 1299 1132 1384 magistro
1158 1298 1240 1368 Far·

105 1409 205 1492 kasio,
222 1407 386 1474 Michaele
402 1405 507 1473 Peteu
524 1411 556 1472 et
572 1405 598 1472 J
599 1406 724 1472 ohanne
744 1428 782 1472 ao
798 1406 869 1473 aliis
894 1407 1048 1493 predictis
1075 1409 1187 1474 ricinis
1204 1415 1237 1476 et

105 1518 334 1582 commetaneis
348 1515 441 1583 Petri
457 1516 517 1582 filii
533 1514 664 1583 Sandur
691 1520 724 1582 et
742 1516 880 1583 aliorum
896 1538 1027 1584 suorum
1044 1519 1238 1588 sociorum..

103 1627 138 1692 in
151 1627 391 1692 redemcionem
408 1649 465 1693 seu
480 1626 707 1694 liberationem
723 1631 810 1693 terre
827 1626 949 1692 scilicet
973 1628 1072 1694 trium
1090 1623 1238 1713 parcium

103 1739 192 1799 terre
222 1734 451 1820 Permusfeldy
476 1740 668 1820 nuncupate,
695 1755 777 1818 quas
802 1740 869 1801 tres
893 1736 1001 1818 partes
1026 1737 1128 1820 ipsius
1152 1742 1240 1804 terre

106 1843 271 1928 quondam
287 1842 444 1910 Nicolaus
469 1843 556 1909 filius
572 1842 723 1930 Symonis
754 1841 795 1907 dc
817 1841 1057 1928 Tarnukystaul
1081 1846 1187 1911 tenuit
1209 1853 1241 1911 et
1343 1843 1345 1847 ’

103 1952 260 2037 possedit,
285 1957 352 2018 tres
378 1974 504 2020 marcas
529 1953 735 2018 denariorum
760 1951 1006 2019 Wiennensium
1032 1975 1103 2020 cum
1130 1955 1240 2023 decem

104 2063 214 2145 pensis
247 2061 392 2145 singulas
425 2061 640 2146 computando
665 2061 808 2146 plenarie
834 2065 867 2127 et
890 2062 1095 2147 integraliter
1119 2065 1241 2148 persol-

103 2171 228 2234 vissent
254 2173 287 2234 et
311 2168 417 2236 dictus
448 2168 572 2236 Paulus
603 2169 690 2234 filius
721 2168 802 2234 Petu
833 2169 874 2234 ab
905 2167 1026 2236 eisdem
1056 2171 1239 2239 hominibus

102 2281 309 2366 integraliter
323 2283 505 2367 recepisset,
522 2283 601 2367 ipsis
619 2303 747 2366 quoque
763 2280 863 2348 Petro
881 2281 1003 2348 scilicet
1026 2282 1093 2349 filio
1110 2281 1240 2350 Sandur

102 2395 136 2456 et
152 2393 336 2475 prenotatis
352 2393 446 2458 sociis
472 2394 548 2458 suis
564 2397 631 2458 tres
656 2396 766 2476 partes
791 2395 878 2457 terre
902 2389 1127 2476 Permusfeld'y
1153 2392 1238 2459 dicte

102 2522 187 2583 quas
204 2500 362 2567 Nicolaus
377 2499 465 2566 filius
489 2487 632 2567 Simonis
656 2500 822 2584 predictus
847 2501 881 2565 in
907 2501 973 2566 suis
1000 2500 1151 2564 extremis
1177 2499 1238 2566 sibi

103 2629 180 2674 cum
197 2611 423 2675 instrumentis
449 2631 545 2693 super
563 2609 642 2694 ipsis
667 2607 774 2675 tribus
799 2613 886 2675 terre
910 2607 1059 2694 partibus
1085 2603 1238 2675 confectis

101 2717 242 2783 dederat
258 2724 291 2784 ot
306 2718 471 2803 legaverat
488 2723 525 2784 ut
541 2739 599 2784 suo
618 2719 783 2802 avunculo,
809 2741 874 2785 una
891 2740 963 2784 curn
989 2715 1108 2783 eisdem
1133 2717 1238 2782 literis

99 2825 360 2910 privilegialibus
393 2827 514 2892 nostris
546 2847 628 2911 quas
652 2825 789 2892 vidimus
815 2847 924 2892 coram
950 2824 1044 2891 nobis
1070 2824 1238 2908 exhibitas,

100 2935 165 3002 sibi
184 2939 217 2999 et
233 2935 299 2999 suis
315 2933 490 3000 heredibus
514 2932 734 3018 heredumque
751 2955 882 3000 suorum
906 2932 1145 2999 successoribus
1170 2933 1240 2998 iure

98 3047 264 3128 perpetuo
281 3049 313 3108 et
337 3042 593 3110 irrevocabiliter
608 3047 707 3127 prout
723 3042 784 3108 sihi
801 3042 909 3126 legata
925 3043 1034 3107 extitit
1048 3039 1200 3107 reddidit
1216 3091 1223 3108 .

98 3173 232 3236 semper
262 3150 519 3236 possidendas..
550 3149 675 3217 Datum
710 3150 761 3216 die
791 3149 952 3216 dominica
982 3150 1131 3235 proxima
1161 3154 1236 3234 post

97 3259 225 3326 festum
240 3257 464 3326 Assumcionis
494 3259 602 3326 Marie
627 3259 771 3345 virginis,
796 3281 881 3327 anno
907 3258 1028 3327 domini
1059 3257 1235 3325 Millesimo
1270 3267 1279 3284 ·

97 3369 334 3436 trecentesimo
350 3369 511 3434 tricesimo
527 3369 641 3454 prime.
1208 3366 1211 3370 ’

212 3533 304 3584 voror
318 3533 345 3583 ts
357 3533 419 3583 zdld
432 3531 536 3598 selyem
546 3533 676 3584 aedreton
686 3531 773 3597 itiggd
782 3531 923 3597 peostttel,
937 3529 1005 3582 ieldl
1016 3529 1236 3596 cyrographum·

95 3626 154 3676 mal
167 3642 175 3690 ;
195 3622 329 3688 credetije
341 3639 372 3674 az
385 3638 453 3674 orsz.
467 3624 523 3674 lter
535 3623 633 3674 kinost.
647 3627 715 3675 oszt.
729 3622 843 3674 Monial.
857 3623 957 3673 Poaon.
973 3625 1014 3673 50.
1029 3625 1053 3672 4.
1076 3621 1142 3686 dipl.
1156 3615 1233 3672 ltetr:

97 3719 180 3766 2678.
194 3714 280 3765 Kozli
292 3725 298 3760 τ
311 3714 419 3766 Koraos
433 3713 466 3764 N.
