3132 5470
339 491 402 556 352
698 505 887 556 auscultem
906 489 1123 554 osulurrla.

865 890 939 953 314.

343 1057 435 1119 1328.
454 1055 628 1140 Aviquoua
661 1065 755 1118 niort.
776 1056 802 1114 1.
821 1053 934 1116 XXII.
951 1053 1058 1116 Jonas
1080 1055 1173 1137 pa'pc
1199 1075 1219 1111 c
1243 1057 1451 1135 peramarunt·

343 1165 492 1226 lrcrredcla‘
517 1173 647 1226 corruent
673 1163 883 1244 etatepeaaerr
921 1161 1075 1224 tirtel-uir
1101 1184 1121 1222 a
1138 1160 1316 1246 fehta-oriri
1337 1159 1450 1242 pripcst

746 1269 829 1334 altat
846 1269 1079 1351 eisszcadctjo.

446 1433 472 1499 J
473 1432 616 1500 ohannes
632 1433 799 1515 episcopus
815 1451 926 1497 servus
945 1449 1108 1493 servorum
1119 1426 1171 1492 dei
1187 1477 1194 1491 .
1212 1477 1218 1490 .
1235 1428 1394 1512 preposito
1411 1446 1451 1489 ec

341 1542 436 1608 clesie
471 1541 511 1606 de
537 1539 627 1606 Alba
652 1539 770 1623 Regali
795 1539 1047 1624 Vesprimiensis
1072 1536 1231 1601 diocesis.
1249 1587 1256 1600 .
1274 1533 1314 1600 ad
1339 1534 1452 1599 audien·

341 1653 424 1716 ciam
439 1650 743 1734 nostrampervenit
760 1648 847 1732 quod
864 1653 932 1712 tam
949 1646 1060 1712 dilecti
1076 1645 1136 1710 filii
1152 1645 1255 1710 abbas
1281 1649 1314 1709 et
1335 1665 1451 1708 consen·

343 1765 397 1823 tus
413 1760 599 1824 monasterii
626 1757 666 1822 de
683 1763 795 1822 sancto
811 1755 991 1821 Benedicta
1009 1755 1048 1818 de
1065 1751 1157 1820 Gron
1188 1752 1312 1818 ordinis
1327 1751 1453 1816 eiusdem

339 1867 443 1931 sancti
452 1863 684 1950 Strigonieusis
696 1865 936 1948 diocesisquam
946 1863 1187 1947 predecessores
1198 1883 1309 1927 eorum
1320 1861 1451 1938 decimas,

339 1981 451 2056 terras,
469 1974 589 2059 domos,
615 1975 838 2058 possessiones,
867 1979 983 2054 castra,
1008 1973 1171 2056 grangias,
1196 1977 1302 2055 prata,
1328 1987 1451 2046 nemora,

338 2084 503 2168 piscarias,
520 2084 713 2166 molendina,
729 2086 811 2167 iura,
828 2083 1070 2148 iurisdicciones
1088 2089 1120 2145 et
1136 2079 1276 2165 quedam
1306 2079 1367 2142 alia
1381 2075 1453 2140 bona

340 2191 443 2272 ipsius
467 2193 657 2257 monasterii
691 2192 777 2256 datis
803 2213 898 2274 super
922 2191 985 2256 hoc
1015 2190 1136 2254 litteris
1169 2187 1324 2253 confectis
1353 2181 1452 2249 exinde
1552 2227 1553 2278 ;

340 2299 481 2381 publicis
497 2301 731 2382 instrumentis,
748 2301 949 2383 interpositis
974 2299 1173 2380 iuramentis,
1188 2295 1287 2362 factis
1302 2293 1452 2360 renuncia·
1552 2323 1553 2338 1

340 2407 485 2473 cionibus
502 2416 534 2472 et
551 2409 642 2492 penis
658 2409 794 2474 adiectis
804 2410 837 2472 in
849 2427 978 2492 gravem
994 2407 1094 2490 ipsius
1109 2405 1299 2470 monasterii
1314 2403 1452 2468 lesionem

338 2517 505 2582 nonnullis
523 2517 647 2581 clericis
664 2523 697 2581 et
713 2517 803 2582 laicis
820 2516 985 2601 aliquibus
1016 2537 1126 2580 eorum
1151 2513 1193 2580 ad
1219 2515 1320 2578 uitam
1338 2509 1453 2594 quibus·

339 2623 414 2690 dam
430 2645 505 2690 vero
521 2625 564 2689 ad
580 2646 642 2690 non
658 2625 819 2690 modicum
836 2631 962 2710 tempus
979 2631 1012 2690 et
1028 2625 1100 2689 aliis
1116 2629 1275 2708 perpetuo
1291 2617 1452 2685 adfirmari

341 2733 392 2796 vel
408 2733 467 2798 sub
485 2754 582 2800 censu
598 2755 707 2799 annuo
724 2740 954 2801 concesserunt
971 2755 1111 2818 quorum
1127 2732 1231 2816 aliqui
1249 2731 1396 2796 dicuntur
1410 2747 1453 2790 su·

339 2861 398 2923 per
414 2841 476 2905 hiis
493 2841 749 2908 confirmacionis
764 2844 892 2908 litteras
908 2845 942 2909 in
957 2843 1063 2909 forma
1079 2841 1240 2907 communi
1256 2861 1277 2903 a
1292 2838 1366 2903 sede
1389 2855 1454 2918 apo

341 2950 456 3015 stolica
471 2951 662 3035 impetrasse
673 2977 680 3034 ;
692 2954 768 3036 quia
778 2973 853 3017 vero
869 2953 1119 3018 nostriinterest
1129 2971 1226 3034 super
1241 2949 1304 3014 hoc
1321 2948 1358 3012 de
1372 2965 1454 3028 opor·

340 3063 422 3124 tuno
438 3059 580 3126 remedio
597 3061 765 3145 providere
782 3061 972 3127 discrecioni
1003 3068 1059 3126 tue
1075 3081 1133 3144 per
1149 3057 1330 3142 apostolica
1345 3055 1453 3137 scripta

338 3167 528 3234 mandamus
554 3171 708 3253 quatinus
733 3193 772 3236 ea
797 3192 859 3253 que
886 3169 925 3234 de
951 3169 1044 3235 bonis
1070 3169 1170 3254 ipsius
1197 3165 1384 3232 monasterii
1403 3182 1453 3246 per

340 3277 561 3342 concessiones
577 3279 761 3344 huiusmodi
776 3281 920 3344 alienata
936 3279 1095 3343 inveneris
1112 3277 1227 3342 illicite
1243 3275 1295 3340 vel
1312 3273 1455 3338 distracta
1553 3269 1554 3272 ’

339 3405 404 3449 nou
421 3385 626 3453 obstantibus
642 3388 763 3454 litteris
778 3389 1005 3454 instrumentis
1031 3386 1223 3452 iuramentis
1248 3380 1455 3449 renunciacio·

339 3491 433 3558 nibus
449 3496 540 3577 penis
557 3503 590 3561 et
607 3496 910 3564 confirmaciouibus
927 3495 1124 3580 supradictis
1151 3493 1193 3559 ad
1210 3495 1261 3558 ius
1277 3499 1310 3558 et
1326 3489 1455 3576 proprie·

340 3607 441 3668 tatem
457 3605 600 3671 eiusdem
617 3608 804 3672 monasterii
820 3609 964 3691 legitime
995 3626 1146 3671 revocare
1162 3623 1325 3688 procures,
1342 3604 1455 3666 contra·

340 3708 479 3776 dictores
496 3734 553 3795 per
569 3735 737 3779 censuram
763 3715 1015 3780 ecclesiasticam
1040 3713 1262 3797 appellacione
1287 3705 1455 3794 postposita

341 3827 593 3902 compescantur.
611 3821 725 3886 Testes
751 3828 860 3887 autem
877 3825 934 3906 qui
951 3823 1073 3888 suerint
1088 3820 1248 3886 nominati
1265 3821 1291 3884 si
1308 3841 1341 3883 se
1358 3815 1454 3901 gracia

341 3925 415 3991 odio
432 3929 483 3993 vel
499 3931 614 3996 timore
641 3929 863 3996 subtraxerint
888 3954 1025 3997 censura
1050 3931 1147 3996 simili
1164 3928 1387 4013 appellacione
1402 3943 1456 3985 us-

339 4040 433 4099 sante
449 4038 624 4122 compellas
640 4039 787 4104 veritatis
804 4041 1024 4105 testimonium
1041 4037 1219 4123 perhibere.
1247 4033 1373 4099 Datum
1389 4028 1456 4094 Avi·

338 4143 443 4227 nicae,
458 4143 605 4212 kalendis
621 4147 752 4232 Marcii,
768 4147 978 4232 pontificatus
995 4148 1098 4212 nostri
1115 4166 1199 4212 auno
1216 4141 1411 4208 duodecimo.

447 4291 489 4341 Aa
503 4291 671 4356 olompecset
696 4293 906 4344 kenderlrdczon
918 4293 1003 4358 ltigg3
1019 4291 1149 4356 credetije
1158 4306 1190 4340 az
1205 4304 1276 4338 orsz.
1291 4289 1356 4338 ltar.
1369 4286 1455 4334 kincst·

339 4385 408 4430 oszt.
421 4381 495 4432 Eccl.
516 4385 558 4432 25.
572 4387 614 4432 49.
638 4383 705 4446 dipl.
724 4385 756 4432 lt.
780 4387 858 4434 2409.
881 4384 1000 4446 Megvan
1023 4397 1049 4432 u.
1073 4397 1097 4430 o.
1117 4396 1134 4430 a
1155 4379 1260 4444 nyitrai
1275 4371 1453 4442 kaptalannak

344 4475 420 4522 1328.
433 4472 497 4536 maj.
513 4473 593 4523 12-en
606 4474 666 4523 kelt
676 4473 834 4523 sitirataban
844 4473 876 4536 is,
887 4473 960 4522 Eccl.
976 4477 1018 4523 24.
1036 4477 1076 4522 11.
1091 4471 1158 4534 dipl.
1171 4472 1202 4520 lt.
1218 4475 1296 4519 2490.
1310 4467 1351 4516 Aa
1364 4461 1457 4515 oklertl

340 4563 421 4613 riivid
434 4563 582 4614 kivonatat
594 4565 612 4612 l.
625 4563 745 4613 Faberi.
759 4579 795 4613 m.
805 4563 882 4614 VIII.
897 4567 921 4612 3.
937 4567 997 4613 308.
1011 4563 1029 4611 l.
1044 4561 1125 4611 Kozli
1138 4578 1143 4610 :
1157 4559 1238 4624 Nagy
1261 4559 1362 4622 Gyuls.

825 4743 983 4750 Μ
