3172 5462
320 459 383 518 168
681 469 868 514 aurouuonr
884 455 1100 514 osurlurrin.

315 640 367 700 cte
392 633 498 699 eundo
523 633 611 698 venit
645 631 688 696 ad
716 635 815 715 eaput
849 629 1079 713 Zarazpothok
1112 633 1218 697 vocati
1244 653 1437 716 quamquam

313 741 444 808 fluentis
477 747 510 806 et
542 739 766 807 descendendo
801 739 913 803 eodem
947 739 1069 804 directe
1110 739 1152 804 ad
1192 745 1318 823 partem
1346 741 1438 805 meri-

314 851 476 915 dionalem
500 851 619 915 iterato
644 849 751 930 iungit
776 847 917 929 priorem
932 851 1052 912 metam
1068 846 1154 912 unde
1168 848 1332 932 inceperat
1347 853 1379 913 et
1394 849 1440 913 ibi

314 959 527 1040 terminatur;
543 958 648 1042 prima
666 955 799 1038 quidam
815 961 903 1020 meta
927 957 1137 1038 possessionis
1162 955 1363 1039 Kapruucha
1388 978 1442 1022 ro-

313 1071 386 1130 cate
402 1065 517 1148 incipit
535 1085 631 1148 super
656 1061 782 1127 duabus
807 1063 901 1128 metis
927 1064 1041 1128 terreis
1065 1065 1100 1127 in
1125 1063 1266 1147 quodam
1291 1065 1358 1128 loco
1386 1064 1442 1130 ubi

313 1173 429 1238 fluvius
445 1169 777 1256 Magyarlrapruncha
794 1171 954 1253 excipitur
969 1171 1012 1234 ad
1029 1170 1191 1254 quoddam
1207 1171 1360 1236 fossatum
1374 1194 1444 1236 mo·

314 1282 437 1347 landini
454 1279 493 1344 de
511 1279 629 1364 quibus
646 1277 813 1361 egreditur
829 1279 863 1343 iu
879 1284 990 1344 meatu
1006 1278 1148 1344 eiusdem
1175 1285 1208 1344 et
1233 1280 1322 1345 cadit
1345 1301 1443 1362 supra

314 1389 497 1454 clausuram
512 1387 614 1472 ipsius
629 1385 807 1450 molendini
823 1385 856 1448 iu
875 1407 1027 1469 magnum
1043 1385 1176 1452 fluvium
1191 1386 1393 1471 Kapruneha
1411 1393 1443 1452 et

313 1499 358 1562 ibi
385 1496 564 1562 reflectitur
595 1516 706 1559 versus
737 1493 936 1558 occidentem
968 1501 1001 1559 et
1033 1495 1136 1560 eundo
1163 1501 1278 1562 contra
1302 1501 1443 1561 meatum

311 1606 411 1688 ipsius
427 1603 515 1668 fluvii
531 1601 635 1684 iungit
646 1600 807 1684 quendam
824 1600 1031 1686 Zarazpatak
1048 1609 1081 1667 et
1090 1603 1123 1666 in
1140 1601 1253 1668 eodem
1265 1603 1442 1670 reflectitur

313 1735 423 1778 versus
439 1712 634 1796 aquilonem,
652 1715 684 1774 et
701 1709 806 1774 eundo
823 1709 945 1774 directe
973 1711 1170 1775 transeundo
1187 1718 1287 1796 caput
1303 1712 1443 1778 eiusdem

313 1818 521 1904 Zarazpatak
545 1819 634 1884 venit
658 1817 700 1882 ad
718 1817 798 1882 duas
818 1823 920 1884 metas
937 1825 1060 1884 terreas
1076 1819 1115 1883 de
1133 1819 1250 1902 quibus
1267 1823 1387 1886 transit
1402 1821 1444 1886 ad

312 1929 502 2012 imarginem
528 1925 770 2008 Thululrmezey
796 1931 829 1988 et
854 1926 960 2009 iungit
985 1926 1045 1991 sub
1071 1927 1211 2010 quodam
1228 1928 1346 1993 arbore
1362 1929 1444 1994 ilicis

312 2043 434 2101 metam
451 2041 592 2100 terream
608 2055 704 2116 super
722 2055 786 2116 qua
801 2031 980 2098 reflectitur
996 2057 1098 2118 usque
1116 2037 1273 2101 orientem
1290 2041 1324 2100 et
1340 2036 1445 2102 eundo

312 2147 419 2226 iungit
452 2143 615 2227 quandam
641 2142 789 2206 semitam
815 2164 877 2225 que
894 2141 983 2206 ducit
1009 2142 1048 2206 de
1073 2142 1273 2208 Razlouiclre
1289 2144 1332 2208 ad
1356 2143 1446 2208 Mar·

312 2273 419 2335 gonya
443 2273 502 2335 per
528 2272 625 2334 quam
651 2249 755 2314 eundo
782 2248 825 2313 ad
850 2249 985 2314 eandem
1010 2250 1140 2334 plagam
1158 2250 1247 2315 cadit
1263 2252 1296 2315 iu
1314 2250 1446 2316 flurium

313 2360 444 2444 Thopul
459 2381 517 2444 per
528 2365 670 2423 ursatum
681 2358 771 2423 ouius
781 2357 1003 2422 descendendo
1014 2359 1081 2423 exit
1097 2358 1137 2423 de
1154 2359 1268 2424 eodem
1285 2359 1328 2424 ad
1343 2383 1447 2444 quan-

312 2469 387 2535 dam
413 2469 561 2532 semitam
586 2466 757 2531 ducentem
774 2487 876 2550 usquo
892 2465 1054 2532 Komlous
1070 2489 1127 2550 per
1144 2489 1241 2550 quam
1259 2468 1365 2534 eundo
1376 2471 1448 2532 iun·

312 2579 361 2661 git
386 2577 526 2640 rivulum
552 2574 714 2659 quendam
732 2574 847 2656 inquo
868 2575 972 2656 vergit
988 2573 1031 2638 ad
1047 2574 1307 2642 Chormoznafeu
1324 2575 1364 2640 de
1382 2599 1448 2659 quo

312 2683 479 2751 descendit
495 2683 536 2749 ad
554 2682 716 2766 quoddam
732 2681 851 2765 Beroh,
863 2681 902 2747 de
914 2703 977 2766 quo
988 2682 1210 2748 descendendo
1221 2684 1310 2748 venit
1324 2685 1448 2750 iterato

311 2793 354 2859 ad
369 2793 507 2876 priorem
531 2797 651 2856 metam
667 2790 752 2854 unde
767 2791 933 2874 inceperat
950 2797 981 2856 et
998 2789 1044 2856 ibi
1060 2793 1287 2858 terminantur.
1303 2791 1375 2858 Nos
1385 2794 1449 2859 ita-

312 2924 374 2986 quo
400 2924 440 2966 ex
464 2899 649 2965 huiusmodi
674 2899 837 2965 relacione
854 2949 861 2964 .
878 2949 885 2964 .
902 2900 1103 2966 vendiciones
1129 2906 1162 2965 et
1188 2902 1371 2984 empciones
1398 2901 1448 2966 di-

312 3017 437 3078 ctarum
454 3010 690 3093 possessionum
702 3008 846 3090 legitime
859 3013 891 3074 et
906 3011 970 3074 rite
987 3009 1092 3074 fractas
1118 3010 1359 3075 considerantes
1377 3033 1449 3076 eas-

313 3120 385 3184 dem
403 3170 410 3184 .
428 3169 435 3184 .
451 3116 651 3184 ratificamus
667 3165 674 3180 .
693 3167 700 3182 .
718 3123 750 3180 et
777 3116 817 3180 de
843 3118 976 3182 consilio
1004 3119 1204 3202 prelatorum
1229 3123 1262 3184 et
1286 3119 1448 3184 baronum

310 3228 403 3309 regni
418 3211 523 3292 ndstri
539 3226 626 3308 ipsas
651 3225 868 3308 possessiones
895 3225 997 3290 eidem
1013 3224 1039 3290 J
1041 3226 1161 3290 ohanni
1181 3227 1252 3309 ipso
1269 3228 1449 3310 empcionis

311 3337 408 3401 titulo
424 3339 580 3418 perpetuo
597 3383 604 3398 .
621 3383 628 3398 .
647 3333 811 3416 possidere
837 3341 869 3398 et
899 3334 1021 3399 habere
1038 3384 1069 3400 ..
1093 3335 1252 3418 presentis
1283 3335 1448 3418 privilegii

312 3445 415 3510 nostri
440 3441 621 3526 patrocinio
646 3440 872 3506 confirmamus
889 3493 919 3506 ..
945 3442 1071 3508 Datum
1095 3465 1153 3524 per
1179 3465 1292 3507 manus
1313 3443 1450 3508 discreti

310 3553 370 3617 viri
387 3551 534 3632 magistri
545 3548 676 3613 Endrec
692 3551 849 3633 prepositi
866 3551 998 3615 ecclesie
1014 3551 1175 3617 Budensis
1185 3551 1323 3633 auleque
1332 3557 1448 3616 nostre

309 3657 566 3724 vicecancellarii
578 3656 689 3720 dilecti
700 3663 732 3720 et
742 3655 846 3722 fidelis
856 3659 967 3740 nostri,
978 3677 1062 3722 anno
1076 3659 1197 3724 domini
1208 3659 1293 3724 Μ1110
1310 3655 1447 3724 00οΰιο

308 3769 463 3850 vigesimo
490 3771 616 3848 quarto,
643 3765 756 3848 quinto
781 3765 855 3830 idus
879 3765 1082 3849 Novembris
1106 3769 1198 3850 regni
1214 3773 1323 3832 autem
1340 3769 1448 3850 nostri

309 3897 394 3940 auno
412 3873 561 3939 similiter
576 3873 730 3954 vigesimo
750 3879 876 3958 quarto.
896 3871 1149 3942 Venerabilibus
1160 3926 1166 3941 .
1177 3925 1184 3940 .
1196 3925 1202 3940 .
1213 3875 1274 3942 stb.
1287 3873 1318 3960 *)

417 4020 442 4069 A
460 4017 562 4082 szepesi
576 4017 765 4080 krtptalannak
780 4021 915 4069 mvl-ben
930 4019 1061 4070 »infesto
1075 4021 1165 4070 saneti
1179 4021 1288 4070 Andree
1300 4023 1443 4084 apostoli«

310 4110 458 4174 »nagia-er·
480 4108 634 4171 Stephanus
649 4107 720 4156 lilius
735 4109 871 4158 Jolrannia
891 4109 941 4160 filii
964 4111 1089 4174 magistri
1110 4111 1252 4176 Rykolphi
1266 4111 1299 4160 ‹lc
1311 4111 1441 4161 'forkes‘

308 4201 416 4250 kertere
438 4199 571 4249 kiallitou
594 4196 752 4260 ritiratalrdl,
774 4199 902 4262 melynek
915 4199 1016 4248 eredeti
1017 4199 1046 4262 je
1065 4215 1097 4249 az
1108 4215 1177 4251 orsz.
1188 4201 1243 4251 ltar
1256 4199 1356 4251 kincst.
1370 4211 1442 4252 oszt.

308 4291 419 4341 ΜΛ.
429 4294 534 4340 1535.1.
547 4287 613 4352 dipl.
628 4286 779 4339 ltarmaaa.
795 4289 876 4338 Kozli
890 4305 896 4340 :
910 4289 990 4355 Nagy
1004 4286 1103 4356 Gyula.

311 4415 521 4424 -——-——.--

418 4468 486 4529 *)11.
500 4469 615 4520 lontobb
641 4473 700 4520 105.
714 4485 749 4519 sn.
770 4483 803 4532 a,
816 4471 942 4520 azonban
963 4471 1060 4522 Iutszld
1073 4473 1195 4523 kaloesai
1208 4471 1287 4522 ersek
1301 4473 1445 4524 czlruehez

309 4557 457 4606 hoazdteve
472 4559 550 4609 »aule
571 4565 664 4609 nostre
678 4559 869 4622 cancellario«,
896 4561 1016 4612 tovabbrt
1033 4561 1169 4612 elolordul
1186 4563 1356 4612 »laurencio
1378 4565 1447 4614 Wa-

310 4645 417 4702 chiensi
431 4648 588 4719 episcopo«,
603 4649 659 4720 mig
672 4649 777 4701 Hearik
792 4651 943 4720 veszpre'ml
954 4653 1108 4722 p'uspolrnel
1119 4668 1135 4704 a
1148 4653 1288 4720 kiralynlti
1302 4655 1448 4708 cancellar
