3240 5460
564 473 657 534 1322.
674 487 744 534 ocu.
763 473 812 534 18.
1211 472 1251 533 53

231 651 256 701 Δ
279 653 378 716 szoveg
402 651 473 702 alctt
490 653 619 702 metszett
640 648 782 710 betssklrel,
807 665 819 700 s
841 649 894 700 kek
916 648 1145 700 czemaszitlekon
1168 649 1253 714 fdggo

126 743 302 809 magrongilt
313 743 460 808 peccettc13
483 741 614 808 eredetije
636 757 668 794 sc
689 758 757 796 orez.
770 743 827 793 lter
848 742 947 793 kinost.
971 746 1036 794 oszt.
1050 743 1084 792 N.
1096 743 1131 793 u.
1144 742 1178 795 A.
1193 747 1255 795 689.

126 839 167 886 21.
179 835 247 900 dipl.
261 837 293 886 lt.
308 839 386 888 2127.
399 835 495 886 Kozli:
509 835 612 886 Vincze
626 835 727 888 Gdbor.

611 979 770 993 ——-—'—-

663 1107 717 1171 43.

131 1255 221 1318 1322.
235 1253 376 1340 Zcipra'b,
388 1264 446 1317 oct.
465 1255 515 1317 16.
532 1254 658 1339 Keirolp
674 1253 786 1339 tiruty
802 1251 1078 1339 Epyedfic'nakl.
1100 1249 1253 1316 ledonok

124 1361 431 1450 Horua'torszcipbcn
456 1362 600 1428 Guohkee
615 1362 845 1448 odrmopydb‘en
852 1361 955 1448 felcvd
972 1360 1127 1425 bimokait
1143 1359 1251 1424 Jcnos

411 1471 474 1534 ὂάη
491 1471 574 1536 ultal
598 1469 822 1535 eisszcadctni
840 1469 972 1534 rendeli.

230 1607 301 1675 Nos
317 1609 464 1676 Karolns
480 1660 487 1676 .
504 1660 511 1676 .
527 1631 582 1676 rex
599 1660 606 1676 .
622 1661 629 1677 .
646 1611 858 1677 consideratis
881 1609 1094 1676 fidelitatibus
1118 1613 1152 1675 et
1176 1607 1253 1674 tide·

123 1717 203 1784 lium
236 1719 443 1786 serviciorum
477 1719 601 1786 meritis
624 1721 772 1804 magistri
796 1719 887 1785 Iwan
910 1718 970 1786 fllii
1000 1717 1112 1802 Egidii
1143 1715 1249 1783 fidelis

124 1827 225 1892 nostri
257 1833 290 1892 et
314 1825 425 1893 fratris
455 1849 494 1894 ac
524 1827 583 1893 filii
599 1828 749 1912 eiusdem,
782 1827 939 1912 quasdem
964 1828 1180 1912 possessiones
1197 1847 1249 1892 eo-

122 1957 194 2000 rum
224 1937 260 2000 in
291 1932 430 2002 Orosoie
460 1937 633 2001 existentes
666 1933 847 2021 Kutynan,
881 1934 997 2020 Tupel,
1028 1937 1063 2001 in
1094 1935 1252 2002 comitutu

123 2041 162 2108 de
186 2041 346 2111 Guchkee
371 2050 404 2110 et
427 2041 544 2128 Kunig
561 2049 692 2110 vocatas
716 2045 811 2110 simul
837 2065 990 2114 cumnno
1006 2043 1191 2109 molendino
1207 2041 1251 2107 cd

123 2151 259 2217 eundem
275 2150 382 2236 Tupal
397 2153 579 2237 pertinente
595 2151 793 2218 reddidimus
809 2157 843 2218 et
857 2173 915 2236 per
931 2150 956 2217 J
957 2151 1117 2216 ohannem
1132 2150 1254 2215 benum

122 2258 227 2326 tocius
243 2258 414 2326 Sclavenie
440 2257 574 2326 Oroaoie
589 2259 802 2326 etDalmaoie
817 2258 946 2325 fidelem
962 2265 1109 2326 nostrum
1123 2259 1254 2326 restitui

122 2369 325 2452 precepimus
349 2369 476 2453 eisdem,
491 2369 717 2454 hominemque
732 2371 877 2454 ipsorum
892 2371 926 2434 in
942 2369 1072 2435 easdem
1087 2368 1251 2434 introduci

123 2477 190 2540 rice
214 2481 325 2542 nostre
340 2497 485 2561 persone,
500 2478 699 2561 proteecioni
717 2477 860 2543 eiusdem
875 2476 900 2543 J
902 2478 1015 2543 oannis
1030 2477 1107 2542 bani
1124 2474 1252 2541 easdem

123 2584 331 2650 comittendo.
353 2584 480 2652 Datum
504 2583 675 2669 Zagrcbie,
691 2585 823 2651 infesto
839 2586 930 2651 beati
945 2581 1037 2651 Galli
1054 2582 1254 2668 confessoris,

123 2714 207 2758 nnnc
223 2691 348 2760 domini
363 2691 541 2760 Millesimo
558 2689 659 2760 0000
673 2691 766 2759 XX⁰
782 2691 931 2759 secundo.

229 2835 384 2901 Hittcpjdn
393 2836 484 2901 pecstt
492 2837 739 2901 merodva'nycival
750 2854 756 2904 ;
769 2837 898 2903 credetije
908 2851 941 2888 az
951 2852 1018 2888 orez.
1029 2838 1060 2888 it.
1070 2836 1171 2888 kinost.
1186 2840 1253 2887 oszt.

121 2925 153 2975 N.
166 2926 201 2976 R.
215 2927 250 2976 A.
265 2929 325 2977 932.
342 2931 382 2975 17.
398 2927 464 2991 dipl.
477 2927 533 2978 ltdr
547 2943 553 2976 :
569 2931 647 2977 2128.
660 2927 758 2978 Kozli:
772 2928 875 2980 Vineze
892 2928 992 2979 Giton

611 3071 769 3081 -———-—-

662 3202 714 3264 44.

123 3326 217 3389 1322.
229 3335 289 3389 oct.
302 3323 352 3388 18.
362 3317 410 3388 Az
421 3325 491 3410 cyri
501 3325 659 3410 kdptclcn
671 3327 699 3390 I.
710 3326 837 3413 Kdroly
849 3327 1027 3414 kirdlynck
1035 3328 1163 3414 jetenti,
1173 3327 1256 3412 kopp

122 3430 310 3498 ceduntur&
319 3432 471 3518 Zernpltn
496 3433 784 3520 ocii-meppeiPapa
799 3444 880 3500 nevit
897 3434 1066 3500 birtokddc
1083 3435 1154 3520 Itefl
1171 3434 1257 3500 Ῑυάη

350 3544 474 3629 repe'ozi
489 3544 522 3607 ts
538 3541 649 3607 dedesi
663 3545 846 3630 cornapyot
863 3543 1025 3608 beiktcttu.

226 3718 235 3734 .
253 3719 260 3733 .
278 3667 407 3736 Karolo
424 3665 541 3754 ..regi
563 3667 736 3752 Hungarie
762 3669 941 3754 capitulum
966 3670 1099 3737 ecclesie
1115 3667 1257 3755 Agrien·

119 3777 183 3842 sis.
201 3777 358 3842 ‚litteras
382 3781 488 3843 vestre
513 3777 697 3842 serenitatis
726 3779 906 3864 recepimus
932 3779 1142 3860 continentes,
1168 3777 1257 3862 quod

119 3885 325 3952 mitteremus
357 3885 519 3951 hominem
552 3889 700 3952 nostrum
733 3909 792 3971 pro
832 3889 1016 3953 testimonio
1056 3885 1257 3970 fidedignum

120 4015 229 4060 coram
256 4014 323 4078 qno
345 3991 514 4060 Emericus
537 3991 624 4060 filius
657 3993 791 4061 Alberti
816 3995 912 4062 homo
937 4001 1043 4061 vester
1075 3995 1258 4062 convocetis

118 4104 231 4169 ricinis
258 4107 292 4168 et
318 4103 546 4168 commetaneis
569 4108 770 4188 perveteres
794 4109 900 4170 metas
925 4109 958 4169 et
983 4104 1136 4189 antiques
1154 4123 1258 4168 resm-

117 4210 248 4278 bularet
276 4210 441 4295 quandam
464 4212 696 4295 possessionem
724 4210 854 4278 Mathei
883 4211 940 4298 fily
970 4211 1063 4277 Petri
1094 4211 1134 4277 de
1165 4210 1259 4277 Trin-
1326 4215 1330 4221 '

118 4319 234 4406 chinyo
260 4317 357 4403 Paga
390 4325 540 4386 vocatam
573 4320 608 4385 in
643 4320 800 4387 comitutu
826 4320 867 4385 de
892 4318 1026 4385 Zemlen
1057 4321 1258 4402 existentem,

118 4451 217 4512 quem
240 4428 339 4494 utin
362 4428 482 4494 eisdem
504 4429 623 4494 litteris
638 4429 753 4494 vestris
782 4429 919 4494 vidimus
944 4429 1104 4494 contineri
1128 4451 1187 4513 pro
1212 4431 1259 4494 in·

118 4537 279 4604 fidelitate
304 4537 447 4604 eiusdem
471 4538 513 4603 ab
539 4537 651 4604 eodem
682 4538 858 4604 auferendo
886 4539 1044 4622 magistro
1068 4537 1166 4604 Ihoni
1191 4536 1259 4604 filio

117 4645 192 4712 Ithe
219 4644 401 4714 castellano
418 4646 458 4712 de
474 4645 607 4734 Regech
623 4649 656 4712 et
673 4644 713 4714 de
729 4644 844 4716 Dedus
863 4645 983 4716 dilecto
1000 4648 1033 4711 et
1047 4643 1134 4714 fideli
1151 4650 1258 4713 restro
