3112 5466
336 471 399 533 3212
688 485 874 531 auuoamom
892 470 1108 529 camarata.

335 652 433 733 conis,
451 647 551 715 Gallo
568 647 709 731 custode,
734 646 896 710 Michaele
914 644 1045 727 decano,
1063 645 1244 726 ceterisque
1260 643 1400 708 fratribus
1413 643 1435 705 iu

337 761 450 825 eadem
468 760 601 824 ecclesia
632 758 692 822 deo
718 755 957 822 famulantibus
976 755 1095 838 iugiter
1111 759 1145 818 et
1159 753 1283 819 devote.

440 924 465 973 Α
478 923 553 973 baasi
567 921 755 987 kaptalannak
772 924 846 970 1336.
859 920 946 984 julius
962 919 1047 968 25-iki
1060 918 1216 980 stiratabol
1230 917 1355 981 melynek
1367 915 1439 964 crede·

332 1012 512 1076 tijemegvan
526 1028 558 1062 az
581 1027 650 1062 orsz.
673 1013 704 1062 lt.
729 1011 826 1060 kincst.
850 1015 916 1060 oszt.
936 1009 969 1058 N.
983 1009 1016 1059 R.
1033 1009 1063 1057 Α.
1088 1013 1165 1058 1507.
1187 1013 1227 1058 13.
1242 1008 1308 1071 dipl.
1329 1009 1358 1058 lt.
1378 1010 1439 1056 2320.

332 1103 412 1152 Kozli
424 1119 429 1152 :
442 1104 545 1153 Vincze
559 1103 660 1152 Gabor.

864 1573 936 1633 193.

335 1735 429 1797 1325.
453 1735 551 1803 Vrto's,
562 1745 638 1817 arpi.
654 1736 701 1796 12.
713 1732 863 1796 Saotmdr
873 1737 1043 1817 oca'rraepye
1059 1736 1140 1818 πόρῃ
1157 1733 1372 1818 saolpabirttju
1383 1731 1441 1792 elsllt

573 1842 830 1926 Now-Seruje'ai
847 1840 963 1904 Lasaia
978 1843 1130 1926 iiyyuc'clet
1145 1842 1221 1904 call.

438 2000 509 2066 Nos
527 2007 668 2084 quatuor
684 2001 806 2066 iudices
822 2000 979 2066 nobilium
1006 2002 1170 2084 provincie
1189 2001 1229 2066 de
1247 2000 1378 2067 Zotmar
1391 2017 1443 2061 ms·

330 2109 431 2172 morie
448 2109 709 2174 commendamus
725 2159 732 2174 .
749 2159 756 2174 .
773 2108 859 2192 quod
875 2110 908 2172 in
925 2108 977 2172 die
1004 2109 1153 2173 datarum
1179 2113 1376 2192 presencium
1391 2107 1444 2170 La-

330 2216 452 2282 ‹lislaus
468 2219 554 2284 filius
571 2219 743 2283 Michaelis
760 2218 800 2281 cle
816 2217 940 2299 Magna
957 2216 1089 2299 Symian
1118 2241 1226 2283 coram
1244 2218 1336 2282 nobis
1351 2236 1445 2300 perso-

330 2325 450 2390 naliter
476 2327 692 2412 comparando
716 2328 749 2390 iu
775 2327 880 2391 causis
903 2327 969 2391 suis
995 2348 1075 2409 quas
1102 2336 1217 2392 contra
1241 2327 1395 2391 Thomam
1419 2329 1444 2383 et

328 2432 513 2499 Fabianum
536 2434 620 2500 filios
645 2435 670 2500 J
671 2435 807 2500 ohannis
824 2434 863 2497 de
880 2434 960 2518 Byri
986 2440 1019 2499 et
1034 2434 1171 2499 Pet-rum
1188 2456 1226 2500 ac
1242 2433 1395 2501 Oliomam
1409 2433 1447 2494 io·

328 2542 483 2624 bagiones
508 2544 653 2627 ipsorum
679 2542 718 2606 de
744 2541 875 2625 Symian
909 2543 995 2606 circa
1020 2541 1141 2608 Zomus
1167 2565 1295 2607 movere
1312 2539 1447 2614 intendit

329 2648 503 2715 Nicolaum
519 2650 619 2716 filium
637 2649 771 2715 Alberti
787 2651 1007 2716 vicecomitem
1023 2652 1172 2733 magistri
1189 2651 1295 2716 Peteu
1313 2657 1343 2714 et
1359 2645 1448 2712 Mark

328 2757 451 2823 (lictum
469 2759 576 2842 Zulga
593 2759 769 2843 quemlibet
785 2760 927 2842 ipsorum
943 2760 976 2823 in
992 2759 1131 2823 solidum
1147 2758 1225 2824 fecit
1241 2766 1274 2824 et
1291 2755 1449 2824 constituit

330 2888 404 2929 suos
421 2874 656 2950 procuratores,
682 2867 791 2932 dando
817 2867 937 2931 eisdem
963 2873 1158 2950 potestatem
1184 2869 1325 2950 augendi
1350 2863 1449 2929 desen·

328 2975 424 3039 deurli
441 2983 474 3041 et
490 2984 607 3042 cuncta
633 2998 740 3041 coram
765 2976 858 3040 nobis
885 2998 985 3059 usque
1012 2976 1054 3041 ad
1080 2976 1276 3041 decisionem
1301 2970 1450 3060 presentis

329 3105 424 3148 cause
441 3085 580 3150 faciendi
597 3106 659 3168 que
676 3091 713 3149 ut
728 3086 794 3148 veri
810 3091 1037 3167 procuratores
1048 3083 1087 3148 ds
1104 3085 1173 3148 iure
1189 3083 1297 3164 facere
1313 3093 1451 3148 teneren-

328 3198 390 3273 tur,
422 3192 593 3257 habiturus
625 3191 782 3274 quidquid
807 3215 864 3275 per
888 3193 1016 3256 eosdem
1042 3192 1185 3274 legitime
1210 3191 1334 3256 factum
1360 3188 1452 3253 suerit

328 3307 426 3381 atque
443 3300 630 3365 ordinatum
647 3299 875 3363 committendo
902 3321 1010 3364 coram
1027 3299 1128 3364 nobis,
1140 3298 1266 3363 Datum
1283 3299 1316 3363 iu
1331 3297 1450 3377 Veleia,

328 3409 443 3489 (plinta
474 3409 556 3472 seria
581 3409 728 3492 proxima
753 3415 829 3473 ante
856 3414 986 3473 octavas
1011 3408 1206 3473 Natiuitatis
1232 3408 1348 3490 Mario,
1374 3425 1453 3469 anno

328 3515 448 3580 ‹loiuini
465 3516 519 3580 M⁰
535 3513 637 3580 000⁰
653 3515 744 3579 XX⁰
761 3516 881 3598 quinto.

436 3661 586 3725 Haitlapjain
599 3662 697 3710 lutrom
720 3662 848 3724 pensettsl
862 3678 868 3725 ;
888 3662 1020 3725 erodetije
1042 3677 1058 3710 a
1072 3661 1104 3710 N.
1118 3663 1341 3719 illuminabaris
1356 3659 1453 3719 Krtllay

328 3765 364 3798 os.
379 3751 451 3798 lban.
465 3751 563 3800 Kozli:
584 3751 708 3814 Tagrinyi
722 3752 755 3799 K.
