3132 5470
327 441 390 500 312
678 449 865 496 rrurooxonr
883 439 1100 497 oxulxxrtn.

325 623 436 700 partes
453 619 705 697 comparuerunt
715 613 854 696 propriis
870 613 903 678 in
914 615 1070 698 personis,
1081 636 1141 680 nos
1156 617 1286 682 iusticia
1302 615 1453 682 suadente

326 724 464 790 Nicolao
480 723 636 805 magistro
653 727 779 788 nostros
789 719 936 786 dedimus
946 721 1092 787 homines
1102 725 1227 790 scilicet
1243 725 1453 792 Benedictun

325 835 427 900 filium
438 833 557 916 Hegen
572 831 710 897 iudicem
721 830 877 895 nobilium
887 835 920 894 et
929 827 954 894 J
956 829 1117 896 ohannem
1127 831 1250 898 dictum
1265 833 1383 900 Fodur
1400 837 1449 918 qui

327 944 386 1008 sub
403 941 588 1007 testimonio
604 939 741 1004 hominis
751 938 887 1022 capituli
897 937 1106 1005 Posoniensis
1123 942 1227 1006 sciant
1243 947 1276 1008 et
1293 943 1452 1028 inquirant

327 1053 367 1118 de
385 1051 572 1118 condicione
597 1050 647 1113 vel
663 1048 817 1113 libertate
834 1047 935 1132 ipsius
960 1047 1129 1114 Kazmerii
1154 1053 1328 1116 veritatem
1345 1053 1453 1117 seriem

327 1161 405 1228 facti
430 1181 468 1224 ac
493 1157 729 1242 reportacionis
764 1157 849 1221 diem
883 1159 1008 1221 sextam
1033 1155 1149 1223 feriam
1173 1160 1357 1243 proximam
1388 1165 1454 1244 post

328 1269 507 1354 ‹prindenas
521 1265 609 1332 beati
626 1264 652 1332 J
653 1265 788 1330 ohannis
804 1264 954 1348 Baptiste
982 1263 1101 1330 eisdem
1126 1267 1333 1352 assignando,
1352 1269 1453 1351 itaque

328 1385 439 1443 tamen
456 1377 594 1440 termino
611 1374 802 1439 adveniente
818 1379 929 1458 partes
946 1374 1096 1439 similiter
1121 1377 1336 1459 personaliter
1354 1399 1452 1442 coram

329 1486 421 1552 nobis
439 1489 688 1568 comparuerunt
704 1489 738 1548 et
753 1482 911 1548 Nicotaus
927 1480 1071 1565 Magnus
1097 1483 1245 1550 exhibuit
1268 1486 1363 1551 nobis
1379 1487 1454 1550 litte

329 1617 382 1661 ras
407 1591 542 1678 predicti
569 1591 702 1674 capituli
729 1591 763 1655 in
790 1591 907 1675 quibus
933 1591 1070 1657 vidimus
1100 1593 1258 1658 contineri
1276 1597 1313 1658 ut
1330 1594 1452 1676 quidam

328 1705 425 1770 homo
442 1701 576 1785 capituli
592 1699 791 1765 Benedictus
809 1704 842 1764 et
858 1698 883 1764 J
885 1698 1029 1764 ohannes
1054 1699 1168 1766 Fodur
1195 1701 1396 1766 concorditer
1409 1724 1451 1766 re

330 1812 476 1878 tulerunt
487 1809 573 1893 quod
589 1809 784 1874 Kazmerius
794 1808 961 1892 predictus
977 1808 1091 1874 fuisset
1101 1831 1140 1874 ex
1151 1809 1315 1874 nobilibus
1331 1810 1451 1875 ecclesie

332 1919 564 2004 strigoniensis
575 1917 725 1982 abolinus
742 1913 835 2002 (535),
855 1939 913 1981 nos
924 1938 1000 1981 vero
1011 1917 1168 1982 audiiset
1180 1919 1311 2000 cognita
1327 1919 1450 1984 veritate

329 2029 430 2112 ipsius
447 2027 634 2093 condicione
660 2031 692 2090 et
717 2024 869 2090 libertate
886 2047 1027 2092 urnacum
1041 2025 1204 2092 nobilibus
1230 2025 1393 2092 nobiscum
1408 2049 1449 2090 as·

334 2135 520 2202 sedentibus
553 2134 775 2200 adiudicantes
792 2134 991 2198 decrevimus
1022 2133 1108 2217 quod
1150 2134 1236 2199 idem
1266 2134 1395 2200 Pethew
1421 2135 1448 2198 in
1540 2139 1541 2166 ³

332 2244 503 2328 quindenis
530 2242 667 2327 predicti
692 2243 823 2307 termini
857 2263 966 2307 coram
992 2243 1136 2325 capitulo
1168 2242 1358 2308 Posoniensi
1388 2263 1449 2306 cunr

330 2353 484 2418 tredecim
493 2329 654 2416 dobilibus
679 2348 775 2414 debet
791 2355 935 2433 prestare
951 2356 1188 2415 sacramentum
1213 2373 1311 2435 super
1322 2373 1357 2416 eo
1374 2349 1448 2433 quod

332 2461 374 2526 ud
390 2459 525 2525 domum
549 2457 679 2522 Nicolai
704 2456 820 2540 Magni
850 2457 955 2524 eundo
972 2459 1109 2524 fratrem
1135 2481 1228 2524 suum
1253 2459 1448 2525 Kazmerium
1541 2511 1542 2524 ³

332 2591 397 2633 non
422 2567 637 2632 interfecisset
669 2573 701 2630 et
717 2567 947 2632 interemcione
972 2568 1073 2650 ipsius
1098 2573 1183 2632 esset
1207 2566 1408 2651 inculpabilis
1422 2573 1448 2629 et

333 2676 501 2754 immunis3
517 2674 596 2739 item
621 2675 655 2738 in
672 2673 841 2757 quindenis
869 2673 948 2739 dicti
975 2675 1105 2740 termini
1130 2674 1228 2740 debet
1253 2675 1374 2740 solvere
1402 2695 1448 2738 sex

334 2805 459 2849 marcas
476 2787 509 2848 et
525 2782 692 2848 dimidiam
708 2783 769 2866 ipsi
801 2781 949 2866 Nicolao,
975 2784 1053 2848 item
1079 2783 1112 2848 in
1138 2783 1311 2866 quindenis
1336 2781 1448 2848 termini

333 2895 399 2958 iam
416 2891 494 2956 dicti
511 2893 660 2957 similiter
685 2912 740 2955 sex
765 2913 890 2956 marcas
908 2897 941 2956 et
957 2891 1123 2956 dimidiam
1139 2911 1198 2974 pro
1214 2890 1361 2974 homagio
1376 2888 1451 2954 Kaz-
1542 2909 1543 2926 ¹

332 3002 425 3066 merii
443 3021 500 3065 seu
516 3000 667 3066 omicidio
683 3001 730 3065 ita
747 3005 856 3065 tumen
873 2999 959 3083 quod
991 3001 1018 3064 si
1033 2999 1173 3084 primum
1191 2999 1336 3064 omiserit
1351 2999 1381 3062 in
1396 2996 1446 3060 sol·

332 3110 436 3175 vendo
452 3110 625 3174 terminum
642 3131 712 3174 curn
738 3109 881 3192 birsagio
908 3109 1031 3174 solvere
1056 3107 1223 3173 tenebitur
1248 3109 1274 3172 si
1291 3105 1448 3173 secundum

333 3219 456 3284 solvere
473 3239 536 3282 non
569 3223 697 3282 curaret
728 3238 811 3300 pene
842 3217 932 3300 dupli
963 3219 990 3282 si
1022 3239 1096 3282 vero
1128 3218 1268 3301 primum
1301 3223 1332 3282 et
1348 3236 1447 3282 secun·

335 3327 412 3393 dum
429 3326 595 3391 obmiserit
610 3327 645 3390 in
670 3325 821 3391 solvendo
848 3332 966 3391 extunc
981 3333 1138 3410 tanquam
1162 3327 1197 3392 in
1228 3327 1336 3393 duello
1360 3323 1449 3390 conri-

336 3443 406 3500 ctus
423 3435 603 3499 remanebit
620 3441 734 3500 contra
749 3432 924 3500 Nicolaum
941 3435 1169 3519 supradictum.
1181 3435 1306 3500 Datum
1322 3431 1447 3509 Posonii

337 3542 474 3608 sabbato
491 3543 637 3626 proximo
653 3548 729 3608 ante
745 3541 865 3609 festum
880 3543 976 3608 beate
1007 3542 1196 3628 Margarete
1211 3543 1352 3627 virginis
1374 3559 1446 3605 anno

336 3651 458 3717 domini
474 3649 527 3714 Μο
543 3647 645 3716 ΟΟΟ0
659 3649 752 3714 XX⁰
768 3653 912 3734 septimo.

444 3813 577 3864 Zdrlatan
599 3815 692 3878 peesdt
713 3815 889 3879 nyomarva1;
912 3814 1043 3879 eredetije
1056 3829 1088 3864 uz
1107 3829 1176 3864 orez.
1202 3814 1257 3862 lteir
1282 3813 1445 3863 kinostoszt.

336 3903 370 3956 N.
383 3905 417 3955 R.
432 3903 465 3956 A.
482 3909 558 3956 1671.
573 3909 616 3958 27.
629 3905 695 3970 dipl.
710 3906 780 3956 lter:
802 3908 880 3956 2443.
895 3906 975 3956 szli
987 3922 992 3955 :
1006 3905 1109 3956 Vinoze
1123 3903 1225 3956 Gdbor.
