3132 5470
353 521 416 581 330
546 527 548 532 '
706 535 893 580 unuouuoui
908 523 1126 580 ouutnurtn.

348 705 531 764 nostrarum
548 699 581 762 in
599 698 768 779 quindenis
778 697 852 761 festi
878 696 965 761 beati
982 695 1154 762 Michaelis
1170 697 1356 780 archangeli
1365 705 1456 764 eontra

349 807 546 872 Michaelenr
577 807 616 871 de
634 805 754 873 Sancto
770 805 934 870 Michaele
951 828 1010 890 pro
1037 828 1100 888 quo
1116 807 1316 890 Lampertus
1341 811 1457 872 seruiens

348 939 424 980 suus
451 936 522 980 curn
549 915 782 998 procuratoriis
807 915 925 980 litteris
951 916 1087 999 capituli
1119 915 1311 982 Baohiensis
1342 917 1453 981 ecclesie

349 1025 528 1108 comparuit
545 1045 652 1088 coram
668 1021 761 1087 nobis
777 1045 903 1088 mouere
929 1023 1081 1106 habebat,
1099 1025 1176 1106 quia
1202 1024 1289 1089 idem
1305 1023 1330 1089 J
1331 1026 1451 1090 ohannes

347 1138 540 1216 procurator
565 1130 684 1216 prefati
700 1131 876 1196 Laurenoii
894 1133 1058 1197 accionem
1074 1132 1219 1198 eiusdem
1245 1133 1408 1200 Laurentii
1428 1135 1453 1198 in

348 1241 433 1306 facto
450 1241 703 1324 possessionario
719 1240 788 1305 fore
804 1239 995 1304 declarabat
1005 1240 1171 1324 predictus
1187 1263 1264 1307 vero
1281 1241 1455 1326 Lampertus

347 1351 452 1432 ipsum
478 1347 674 1414 Michaelem
700 1349 865 1414 dominum
885 1371 979 1412 suum
991 1347 1113 1430 absque
1139 1350 1273 1414 consilio
1300 1357 1331 1415 et
1346 1373 1455 1415 assensu

348 1481 477 1524 suorum
503 1460 724 1542 proximorum
749 1479 815 1522 non
839 1479 933 1541 posse
943 1463 1077 1542 propter
1093 1457 1294 1524 arduitatem
1305 1481 1394 1524 cause
1416 1481 1454 1522 rr-

347 1567 504 1651 spondere
520 1565 685 1632 asserebat
709 1589 769 1651 pro
787 1588 824 1631 eo
841 1567 883 1632 ad
900 1566 1081 1650 quindenas
1097 1567 1185 1632 beati
1201 1568 1339 1633 Martini
1355 1567 1457 1634 conses-

346 1677 427 1741 soris
442 1677 634 1760 peremtorie
650 1675 800 1741 duximus
815 1675 1064 1760 prorogandam.
1074 1675 1199 1742 Datum
1214 1679 1249 1742 in
1259 1673 1340 1743 Alto
1351 1677 1457 1756 Castro,

349 1807 434 1850 nono
467 1784 518 1850 die
545 1785 674 1850 termini
699 1784 888 1868 supradicti,
913 1806 998 1851 anno
1025 1769 1146 1850 domini
1171 1784 1225 1848 Μο
1252 1784 1353 1852 000ο
1380 1782 1455 1848 XX⁰

346 1891 443 1958 VII⁰.

455 2055 587 2106 Ztrlatan
608 2055 880 2120 peesdttdredbkke13
894 2055 1024 2120 eredetu'je
1038 2057 1233 2120 Keszthelyen,
1257 2073 1273 2106 a
1284 2071 1324 2122 gr.
1346 2055 1457 2106 Festetic

355 2162 390 2195 cs.
404 2148 475 2196 lban.
488 2146 603 2198 Miscell.
619 2151 661 2197 30.

832 2345 991 2356 ———=

875 2547 949 2609 293.

331 2757 332 2762 η
349 2710 441 2772 1327.
459 2721 515 2772 oct.
533 2710 583 2773 28.
602 2713 628 2774 Ι.
646 2711 771 2794 Kciroly
786 2711 899 2796 leirdlp
915 2709 1077 2775 Goradaa
1089 2709 1226 2772 tir-rotor
1238 2707 1350 2793 Apro'd
1361 2709 1454 2771 [storin

724 2818 861 2900 fiaioak
877 2818 1110 2900 visezoadulju.

453 2975 599 3041 Karolus
616 3027 622 3040 .
639 3027 645 3040 .
663 2999 719 3041 rex
735 3028 741 3041 .
758 3027 765 3042 .
783 2977 824 3042 ad
841 2978 1064 3041 universorum
1089 2977 1243 3041 noticiam
1260 2977 1373 3041 harum
1389 2973 1457 3038 serie

346 3083 492 3148 volumus
508 3085 675 3168 pervenire
692 3085 870 3168 quodlicet
887 3085 972 3149 inter
988 3091 1112 3150 ceteras
1137 3085 1354 3167 possessiones
1383 3101 1455 3146 ara-

345 3193 421 3256 stris
438 3193 557 3257 uostris
574 3213 636 3275 que
653 3195 806 3276 magister
821 3192 1022 3275 Wyllermus
1034 3213 1140 3257 comes
1156 3191 1368 3275 Scipusiensis
1383 3185 1456 3252 etde

347 3299 474 3385 Wyuar
489 3299 594 3366 fidelis
610 3306 719 3366 noster
735 3307 903 3366 conservat
918 3321 976 3384 per
993 3301 1099 3366 varias
1125 3301 1357 3384 occupaoiones
1372 3295 1455 3383 plun'·

350 3431 476 3474 morum
492 3411 650 3474 alienatas
668 3417 701 3474 et
718 3409 758 3474 de
775 3415 886 3474 nostro
901 3415 1056 3494 precepto
1066 3429 1125 3494 per
1142 3409 1280 3474 eundem
1298 3405 1456 3488 recaptiva-

348 3527 398 3584 tas
415 3541 453 3584 eo
468 3520 541 3584 usui
557 3519 741 3584 eorumdem
752 3525 932 3585 castrorum
942 3526 1127 3585 nostrorum
1137 3520 1319 3603 applicatas
1336 3514 1455 3600 quedam

345 3628 502 3712 possessio
520 3625 678 3692 Garadna
694 3633 809 3693 vocata
819 3628 853 3692 in
870 3629 1027 3693 comitatu
1037 3627 1076 3692 de
1086 3626 1215 3710 Wyuar
1225 3626 1364 3690 existens
1374 3642 1455 3706 quan

346 3735 509 3818 quondam
525 3733 710 3820 Stephanus
727 3737 832 3801 dictus
849 3733 962 3821 Oprod
972 3737 1054 3802 bone
1065 3737 1217 3802 memorie
1234 3757 1275 3800 ex
1285 3740 1455 3815 nostraper-

345 3851 443 3926 petua
468 3845 645 3912 donacione
662 3898 668 3911 .
685 3898 692 3912 .
709 3847 887 3914 dinoscitur
903 3847 1037 3932 pacifice
1062 3847 1243 3932 possedisse
1268 3869 1327 3931 per
1351 3845 1454 3910 dictum

345 3954 537 4036 magistrum
553 3954 772 4039 Wyllermum
788 3957 830 4021 ab
846 3955 983 4022 Andrea
1010 3965 1043 4022 et
1058 3955 1158 4021 Petro
1183 3955 1262 4020 filiis
1286 3977 1342 4020 seu
1358 3951 1454 4036 orpha·

346 4061 396 4125 nis
412 4061 555 4126 eiusdem
580 4061 738 4146 Stephani
765 4063 878 4130 ablata
902 4065 1018 4130 fuisset
1044 4072 1077 4129 et
1102 4070 1210 4130 castro
1227 4071 1338 4130 nostro
1355 4057 1454 4129 Gunoh

345 4175 459 4235 vocato
475 4171 567 4236 iuxta
583 4177 730 4237 nostrum
746 4172 936 4238 mandatum
953 4175 1120 4257 applicata
1149 4179 1259 4237 tamen
1286 4174 1361 4256 quia
1375 4169 1455 4234 iidem

346 4274 498 4343 Andreas
514 4284 546 4343 et
561 4279 680 4344 Petrus
697 4330 704 4345 .
721 4331 727 4345 .
744 4280 837 4345 nobis
853 4281 1080 4365 supplicarunt
1096 4287 1134 4346 ut
1150 4281 1286 4346 eandem
1303 4277 1455 4366 possessio·

346 4407 419 4449 nem
436 4385 497 4450 sibi
513 4387 646 4452 reddere
664 4437 670 4452 .
687 4437 694 4452 .
711 4388 927 4472 dignaremur,
937 4411 996 4456 nos
1013 4391 1066 4474 pio
1084 4391 1316 4472 compassionis
1332 4389 1454 4454 animo..

347 4493 639 4575 supplicacionibus
654 4496 797 4578 ipsorum
823 4498 1043 4582 orphanorum
1060 4499 1236 4563 clementer
1253 4496 1398 4562 inclinati
1412 4513 1453 4555 ro-

346 4599 449 4662 lentes
466 4601 594 4666 eosdem
626 4603 834 4668 consideratis
859 4603 1071 4670 fidelitatibus
1088 4655 1095 4670 .
1112 4655 1118 4670 .
1135 4605 1238 4689 patris
1265 4601 1455 4670 eor·un1..i11

347 4705 490 4788 predicte
507 4711 714 4790 possessionis
730 4709 866 4776 Gradua
881 4713 951 4776 iure
968 4763 974 4778 .
992 4763 998 4777 .
1014 4713 1104 4778 illese
1124 4733 1323 4795 conseruare,
1340 4707 1453 4774 eunden
