3172 5462
284 429 347 489 150
634 428 1055 488 1invenimurorrrrsivv'c'irr.

281 603 428 670 curribus
453 605 525 669 aliis
549 604 645 670 rebus
664 609 874 688 preterquam
899 603 1019 668 salibus
1036 607 1178 670 oneratis
1203 607 1322 689 singuli
1349 605 1415 670 duo

281 711 414 796 denarii,
439 715 518 778 item
543 713 583 778 de
608 735 673 778 una
698 713 790 795 pecie
809 713 908 794 panni
924 712 963 776 de
979 714 1049 798 ipry
1067 736 1123 780 seu
1149 715 1188 780 de
1204 715 1332 799 ghancy
1349 715 1415 779 duo

281 819 414 903 denarii,
441 821 480 886 de
497 820 591 887 dorni
608 843 682 886 vero
700 843 782 884 unus
799 821 966 904 denarius,
992 822 1071 887 item
1095 822 1134 887 de
1160 824 1298 906 singulis
1313 823 1416 887 maio-

280 929 369 994 ribus
386 928 587 1011 animalibus,
603 928 746 992 vidilicet
762 928 861 1010 equis,
883 927 994 1010 bobus,
1010 931 1122 1013 vaccis,
1140 931 1243 995 tauris
1254 937 1288 995 et
1304 929 1417 995 vitulis

280 1036 398 1119 singuli
415 1036 549 1118 denarii,
575 1036 615 1100 de
634 1033 812 1100 minoribus
839 1039 948 1100 autem
974 1035 1085 1101 decem
1108 1039 1305 1104 animalibus
1330 1058 1416 1103 unus

282 1144 443 1226 denarius,
476 1145 556 1209 item
581 1144 621 1209 de
646 1143 830 1208 hominibus
854 1144 988 1227 singulis
1013 1145 1216 1228 pedestribus
1240 1168 1302 1232 per
1318 1146 1417 1212 dorsa

281 1272 393 1316 eorum
424 1273 523 1317 onera
553 1273 609 1318 seu
643 1252 851 1318 mercimonia
889 1251 1107 1319 deferentibus
1138 1255 1257 1338 singuli
1288 1255 1417 1320 denarii

282 1360 454 1444 exigentur
470 1366 504 1425 et
518 1383 577 1444 pro
594 1361 717 1425 tributo
729 1361 937 1444 recipiantur.
954 1359 1080 1426 Datum
1090 1384 1147 1445 per
1157 1384 1271 1428 manus
1281 1361 1417 1428 discreti

281 1469 341 1534 viri
366 1469 514 1550 magistri
538 1466 650 1533 Endre
675 1469 804 1534 lectoris
830 1465 1183 1552 Quinqueecclesiensis
1208 1471 1283 1536 aule
1304 1477 1418 1538 nostre

281 1576 539 1642 vicecancellarii
565 1576 675 1641 dilecti
692 1581 724 1640 et
740 1575 844 1641 fidelis
861 1578 971 1662 nostri,
989 1599 1074 1643 anno
1100 1578 1221 1643 domini
1236 1577 1416 1644 Millesimo

283 1680 383 1750 0000
399 1684 550 1766 vigesimo
567 1690 694 1768 quarte,
712 1685 881 1750 undecimo
898 1685 1054 1752 kalendas
1069 1684 1225 1770 Augusti,
1250 1688 1343 1772 regni
1359 1707 1417 1751 au-

281 1798 348 1857 tem
364 1792 467 1857 nostri
482 1813 567 1858 anno
584 1793 733 1858 similiter
748 1791 839 1857 XX⁰
856 1799 982 1878 quarto,
999 1793 1251 1864 Venerabilibus
1262 1846 1269 1861 .
1280 1845 1287 1861 .
1300 1846 1307 1860 .
1318 1794 1417 1881 stb.*)

390 1953 486 2019 saggo
499 1955 619 2020 pecsetje
632 1956 777 2020 hidnyzik3
801 1956 933 2021 eredetije
955 1973 987 2006 az
1009 1972 1078 2009 enez.
1100 1959 1156 2010 ltdr
1173 1961 1272 2011 lineet.
1292 1963 1360 2010 osec
1381 1961 1417 2010 N.

282 2044 315 2094 It.
330 2043 364 2094 A.
380 2047 456 2094 1535.
471 2049 494 2096 3.
509 2045 576 2110 dipl.
588 2047 659 2098 lter:
674 2050 751 2096 2246.
766 2047 862 2098 Kdzli:
877 2047 981 2098 Vincze
994 2048 1096 2100 thorz

767 2207 926 2218 -fl-——u—-n

813 2391 884 2456 136.

285 2551 379 2614 1324.
388 2551 455 2634 jol.
473 2553 524 2614 26.
542 2553 569 2616 I.
587 2554 712 2640 Ku'roly
728 2555 839 2639 lcirdlp
864 2558 959 2621 raddai
975 2557 1128 2642 Lampert
1144 2558 1330 2642 orszdpbc'ro
1345 2583 1421 2622 ven-

282 2656 436 2721 dclkeze‘sc
460 2661 580 2723 saeviat
604 2661 741 2747 Bopdrfi
758 2665 911 2745 illdatonl,
929 2665 1026 2728 eteocle
1033 2665 1186 2751 felcorolt
1202 2665 1423 2732 tdbbrendheli

282 2765 603 2832 dedemeittelciotetde
620 2773 700 2852 vdeo,
717 2771 843 2837 Dcwav·
859 2777 890 2837 c'c
907 2773 1080 2836 Peliotclele
1093 2773 1215 2858 Nyitra
1230 2777 1423 2862 acirmcpyei

636 2877 843 2944 dirtoleolobau
863 2882 1051 2967 mepen'isc'li.

389 3035 536 3102 Karolus
552 3087 559 3102 .
576 3088 583 3103 .
598 3059 656 3103 rex
673 3089 679 3104 .
697 3089 703 3104 .
720 3040 763 3104 ad
788 3042 1009 3106 universorum
1026 3043 1180 3107 noticiam
1199 3043 1315 3107 harum
1332 3046 1424 3108 serie

281 3144 429 3209 volumus
449 3147 622 3230 pervenire,
649 3147 736 3231 quod
760 3149 914 3232 magister
939 3147 1105 3214 Martinus
1130 3149 1217 3216 filius
1232 3150 1349 3234 Bugar
1364 3173 1424 3216 co-

281 3253 405 3318 meede
422 3251 542 3338 Scylag
558 3255 696 3320 dilectus
713 3262 745 3320 et
760 3255 864 3322 fidelis
889 3263 999 3322 noster
1023 3257 1065 3322 ad
1091 3265 1235 3324 nostram
1259 3260 1425 3324 accedens

281 3363 480 3443 presenciam
505 3385 562 3427 sue
586 3363 755 3428 fidelitatis
771 3367 916 3430 seruiciis
940 3371 1049 3430 nostre
1074 3369 1237 3432 maiestati
1262 3368 1426 3450 impensis

282 3471 457 3552 propositis
482 3477 515 3534 et
540 3471 715 3536 declaratis
744 3472 836 3537 nobis
860 3472 1027 3539 humiliter
1052 3475 1255 3558 supplicavit,
1280 3480 1317 3540 ut
1343 3497 1426 3541 oum

282 3579 436 3660 magister
460 3578 657 3662 Lampertus
673 3579 758 3646 bone
783 3584 936 3647 memorie
962 3583 1125 3667 qnondam
1141 3585 1238 3650 iudex
1254 3587 1343 3650 curie
1360 3607 1426 3650 no-

281 3692 348 3750 stre
372 3687 526 3752 heredum
562 3689 738 3754 destitutus
764 3691 883 3756 solacio
909 3693 1031 3774 positus
1057 3694 1090 3756 in
1116 3694 1268 3758 extremis
1293 3714 1425 3776 posses-

282 3795 403 3860 sionem
419 3795 519 3878 ipsius
544 3797 692 3880 magistri
716 3797 855 3862 Martini
881 3799 1001 3863 Dauar
1025 3803 1174 3865 vocatam
1199 3801 1233 3864 in
1258 3801 1425 3866 comitatu

280 3902 443 3969 Nitriensi
468 3905 659 3969 existentem
691 3926 764 3970 cum
794 3911 884 3971 terra
908 3905 1107 3992 Polynteluk
1131 3909 1298 3973 nominata
1321 3909 1425 3973 iuxta

285 4050 472 4059 -————-—-

391 4104 416 4166 *)
430 4104 462 4153 Ir.
476 4105 591 4154 fdntebb
607 4107 665 4155 105.
680 4120 715 4154 sz.
730 4120 753 4156 a.
767 4109 843 4156 azzcl
855 4121 872 4156 a
884 4105 1092 4172 ktildnbedggel,
1106 4109 1182 4171 hogy
1194 4108 1275 4158 Peter
1287 4108 1420 4160 hoszniai

280 4197 396 4258 piispdk,
419 4195 551 4260 Lampcrt
576 4195 742 4260 orsztgbird,
761 4196 858 4249 Mikeh
868 4197 1007 4261 kirtlyndi
1021 4197 1121 4247 tirnok
1134 4199 1162 4248 ee
1174 4201 1263 4250 Denso
1276 4199 1422 4263 kirtlynoi

281 4285 438 4349 orszdgblrd
451 4301 514 4337 nem
527 4287 710 4336 neveztetnek
724 4301 795 4352 meg,
818 4287 925 4337 Homul<
936 4287 1090 4352 veszpremi
1113 4288 1266 4352 p'dspdknel
1287 4304 1320 4338 az
1335 4291 1423 4344 »aule

283 4375 393 4426 domine
415 4375 512 4441 regine
534 4377 715 4426 cancellario«
739 4377 827 4440 scrop
860 4378 995 4428 na'dorm'vl
1017 4393 1034 4428 a
1058 4377 1163 4428 »iudico
1185 4393 1365 4428 comanorum
1388 4387 1423 4433 et

280 4465 469 4516 bissenorum«
491 4468 623 4516 Demeter
636 4465 784 4516 tarnokndl
808 4483 825 4516 a
848 4469 965 4519 »comite
977 4467 1126 4518 Bachiensi
1140 4472 1168 4518 et
1181 4467 1419 4533 Trinchiniensi,‹

282 4553 380 4604 Tamts
401 4553 533 4620 vajddndl
556 4570 573 4605 a
596 4557 714 4607 »comite
737 4559 769 4608 de
788 4557 902 4607 Zonnln
917 4557 1019 4608 Mimos
1033 4557 1136 4611 banael
1151 4572 1168 4608 c
1182 4557 1299 4610 »comite
1311 4558 1347 4610 de
1361 4559 1424 4610 Ko-

280 4659 405 4707 tuarum«
428 4645 533 4696 czlmelr
554 4660 617 4696 nem
632 4646 785 4704 forddlnak
798 4648 849 4704 elo,
