3172 5462
332 413 397 478 174
690 433 878 482 isiconem
895 419 1111 482 orrsctsrrtn.

330 594 382 656 nie
408 592 537 674 doniini,
563 613 647 660 anno
673 597 816 662 eiusdem
842 594 1127 662 Μ1000οΧΧο
1152 593 1276 676 quinto.
1300 589 1436 656 Prctcrea

330 700 415 764 dicte
431 707 541 783 partes
557 703 619 766 hcc
635 725 699 767 non
715 706 992 788 pretermiserunt,
1009 702 1096 787 qnod
1113 703 1298 785 quicunque
1311 701 1437 782 ipsorum

330 829 388 892 per
404 809 537 872 servicia
554 831 613 874 sua
628 811 678 875 vel
696 813 807 894 quovis
825 813 921 877 titulo
938 812 978 876 de
994 817 1101 876 cetero
1128 809 1337 892 possessiones
1359 807 1438 888 aqui·

331 923 419 981 reret
435 917 516 982 nihil
532 919 616 984 alter
630 920 775 1004 ipsorum
791 921 852 986 sibi
867 921 1037 986 vendicare
1054 919 1093 984 de
1113 920 1191 1003 ipsis
1207 916 1337 982 haberet
1351 913 1440 980 facul·

332 1030 442 1090 tatem.

437 1188 568 1240 Zarlatan
580 1190 663 1241 kerek
677 1191 767 1255 pecset
776 1191 1023 1257 maradvtnyaival
1033 1209 1038 1256 3
1052 1190 1182 1255 credetiJe
1192 1205 1225 1240 az
1235 1203 1301 1238 orsa.
1310 1190 1338 1238 lt.
1348 1187 1437 1236 kincst

280 1273 290 1292 '
332 1282 398 1328 oszt.
412 1277 444 1328 N.
458 1280 492 1328 R.
505 1279 538 1328 A.
553 1283 612 1330 801.
628 1285 650 1332 5.
665 1281 732 1346 dipl.
745 1282 818 1332 ltar:
835 1286 913 1332 2280.
929 1281 1026 1332 Kozli:
1041 1282 1120 1344 Nagy
1134 1281 1233 1344 Gynla.

815 1515 974 1526 --

863 1754 935 1815 157.

334 1913 430 1976 1325.
453 1912 587 1997 Vizcolp,
604 1917 678 1998 joa.
697 1915 747 1978 14,
773 1915 880 2000 Fialop
905 1916 1012 1978 reddor
1036 1913 1109 1978 elon
1135 1914 1251 1979 Kallas·
1266 1913 1372 2000 &aad
1385 1913 1444 1994 fini

333 2020 416 2084 tobei
438 2021 712 2086 corrohonoikitct
736 2047 774 2087 oz
799 2023 893 2087 aloto
914 2025 1060 2089 elo'aorolt
1084 2023 1134 2088 h'si
1149 2023 1300 2108 jac-aleon
1325 2046 1443 2107 crispose·

834 2133 957 2196 ioannis.

439 2303 473 2371 N
475 2327 510 2372 os
520 2305 692 2393 Philippus
701 2310 867 2394 palatinus
882 2310 980 2376 iudex
995 2332 1203 2378 comanorum
1220 2331 1326 2378 comcs
1336 2309 1372 2374 de
1381 2305 1444 2375 See

331 2432 393 2495 pns
409 2419 442 2477 et
458 2413 498 2478 de
514 2414 641 2501 Wyuar
657 2417 770 2483 damus
786 2441 846 2504 pro
870 2422 1034 2504 memoria,
1060 2419 1147 2504 quod
1172 2442 1244 2485 cnm
1270 2418 1404 2484 Thomas
1418 2420 1444 2478 et

331 2518 499 2586 Fabianus
515 2521 574 2587 filii
590 2523 752 2590 Johannis
769 2525 808 2590 de
833 2525 910 2612 Byr,
935 2527 1017 2592 [van
1042 2533 1075 2593 et
1100 2526 1265 2594 Simonem
1291 2527 1445 2610 magistros

332 2624 415 2692 filios
439 2627 550 2713 Egidii
583 2631 662 2696 item
687 2631 879 2700 Ladislaum
904 2639 937 2700 et
961 2633 1157 2701 Michaelcm
1181 2635 1265 2700 filios
1289 2629 1445 2698 Michaelis

332 2731 392 2797 filii
407 2732 513 2800 Wbul
529 2742 561 2801 et
585 2737 610 2802 J
611 2737 771 2806 ohannem
787 2740 890 2808 filium
907 2742 1066 2826 Stephani
1081 2743 1141 2808 filii
1157 2741 1301 2808 eiusdem
1316 2737 1445 2804 Michae-

332 2839 373 2904 lis
388 2839 423 2903 in
440 2847 691 2927 congregacione
707 2855 819 2914 nostra
835 2853 978 2934 generali
993 2853 1028 2917 in
1047 2853 1204 2918 comitatu
1214 2845 1447 2916 Zobouchferia

333 2947 474 3012 secunda
489 2952 637 3032 proxima
652 2960 729 3019 ante
745 2954 978 3025 Ascensionem
995 2959 1116 3025 domini
1131 2960 1166 3024 in
1189 2957 1254 3024 fine
1278 2956 1354 3022 ville
1376 2953 1447 3020 Kal·

331 3052 393 3118 low
409 3057 573 3124 celebrata
589 3082 685 3144 snper
706 3062 792 3130 facto
818 3065 984 3134 divisionis
999 3068 1034 3134 in
1049 3088 1181 3133 eausam
1208 3065 1400 3132 atraxissent
1421 3065 1448 3123 et

333 3160 446 3226 eadem
463 3184 560 3230 causa
577 3169 771 3251 quibusdam
799 3173 1013 3241 dilacionibus
1037 3174 1080 3239 ad
1105 3180 1237 3240 octavas
1261 3169 1448 3255 Epiphania·

332 3288 405 3332 rum
422 3270 543 3338 donnni
559 3277 706 3343 extiterit
720 3288 897 3366 prorogata
914 3304 1022 3348 coram
1032 3281 1134 3364 nobis,
1146 3280 1279 3346 tandem
1296 3302 1335 3345 ex
1350 3281 1448 3343 nostra

332 3379 541 3460 permissione
565 3405 623 3466 per
647 3391 914 3472 composicionem
944 3391 1120 3475 proborum
1150 3391 1293 3455 virorum
1325 3387 1448 3452 termino

333 3481 523 3552 adveniente
539 3498 672 3574 propter
688 3495 809 3563 bonum
824 3500 913 3582 pacis
930 3507 963 3565 et
988 3499 1204 3582 proximitatis
1221 3498 1371 3562 unionem
1386 3491 1448 3558 tali·

332 3599 384 3657 ter
406 3615 439 3658 se
456 3603 563 3678 partes
578 3605 791 3682 personaliter
807 3629 915 3673 coram
935 3608 1028 3673 nohis
1052 3613 1196 3672 astantes
1220 3605 1362 3670 retulere
1386 3622 1449 3668 con·

334 3699 490 3786 cordasse,
518 3707 605 3787 qnod
622 3709 661 3774 de
676 3714 832 3779 universis
857 3715 1110 3798 possessionibus
1136 3736 1247 3779 eorum
1273 3713 1371 3778 talem
1389 3729 1450 3794 per·

333 3810 495 3891 petualcm
527 3813 714 3883 divisionem
746 3821 897 3890 iecissent
930 3827 1015 3890 inter
1046 3845 1079 3888 se
1114 3845 1170 3888 scu
1195 3821 1398 3886 ordinassent
1424 3819 1451 3878 ot

335 3937 442 3981 coram
459 3918 563 3988 nobis.
577 3921 723 3993 fecerunt
739 3935 772 3994 et
787 3931 988 4014 ordinarunt,
1014 3931 1102 4016 quod
1118 3931 1160 3995 ad
1175 3931 1362 4014 porcionem
1377 3925 1451 3992 Tho·

333 4045 384 4089 me
401 4034 433 4092 et
449 4027 589 4096 Fabiani
599 4036 819 4116 predictorum
836 4043 1006 4107 cessissent
1020 4042 1237 4126 possessiones
1247 4039 1451 4122 infrascripto,

333 4132 482 4200 videlicet
498 4139 576 4203 villa
591 4139 659 4226 Byr
674 4145 750 4212 item
778 4149 910 4214 dimidia
935 4172 1011 4235 pars
1035 4151 1109 4214 ville
1134 4148 1246 4231 Bogus
1271 4149 1350 4212 item
1374 4153 1452 4210 terra

333 4238 463 4305 Perked
479 4265 580 4328 prope
604 4246 672 4333 Byr
687 4253 765 4319 item
790 4261 877 4322 terra
901 4256 1069 4323 Pcchloka
1093 4258 1127 4321 in
1153 4256 1311 4320 comitatu
1336 4253 1375 4318 dc
1399 4249 1452 4318 Zo-

333 4348 448 4432 bouoh,
464 4352 541 4416 item
558 4355 634 4420 villa
650 4356 788 4446 Semyen
806 4365 891 4431 circa
917 4364 1034 4431 Somne
1059 4366 1137 4429 item
1162 4364 1241 4428 villa
1266 4360 1412 4428 Belthuh
1425 4358 1452 4422 in

335 4458 491 4523 comitatu
522 4459 762 4536 Zothmariensi
794 4476 977 4560 existentes,
1008 4473 1083 4538 filiis
1115 4493 1193 4536 uero
1217 4470 1329 4554 Egidii
1359 4469 1453 4535 maior

334 4561 465 4629 Kaliow
483 4573 515 4632 et
532 4569 597 4635 alio
614 4577 742 4642 nomine
759 4579 959 4648 Boznudada
976 4589 1008 4647 et
1024 4582 1089 4646 alia
1115 4579 1235 4644 Kalon
1251 4600 1315 4662 que
1331 4579 1395 4644 alio
1409 4597 1453 4656 so
