3132 5470
573 529 667 589 1327.
685 545 772 590 sarr.
791 530 841 590 29.
1215 535 1279 595 325

135 706 278 789 ponitur
293 728 353 790 pro
369 709 456 770 meta
473 726 536 787 que
553 707 651 770 estin
668 712 758 770 terra
774 705 882 772 Kaisa
908 713 941 773 et
967 707 1096 774 erarus
1121 715 1154 774 et
1170 711 1214 775 ibi
1231 733 1278 776 so·
1363 791 1365 794 Ι

134 821 239 896 parat
255 837 277 880 a
292 816 548 900 possessionibus
558 817 706 899 magistri
716 815 882 882 Dominici
899 816 959 882 filii
975 817 1092 883 Lachk
1108 819 1163 883 ubi
1174 820 1279 902 vergit

134 923 179 987 ad
197 925 466 1007 septemtrionem
482 945 592 989 versus
618 923 765 989 Zalanoh
781 925 815 988 in
847 926 958 990 eadem
989 947 1109 1008 magna
1139 927 1221 990 silva
1237 927 1279 991 ad

135 1037 247 1095 metas
289 1031 368 1096 dicti
407 1032 555 1098 Zalanch
594 1039 627 1098 et
665 1032 710 1098 ibi
749 1033 788 1098 de
836 1033 923 1099 silvis
963 1039 996 1098 et
1037 1034 1077 1098 de
1115 1035 1278 1101 montibus

134 1139 298 1206 torrendo
338 1140 505 1207 descendit
543 1143 585 1207 ad
623 1149 754 1226 pratum
778 1141 866 1225 quod
897 1142 1018 1207 dicitur
1050 1142 1278 1228 thooarethy

135 1270 252 1314 versus
286 1251 444 1314 orientem
475 1255 508 1314 ct
538 1251 583 1316 ibi
615 1251 720 1316 eundo
752 1250 874 1316 directe
905 1251 994 1316 cadit
1018 1253 1052 1316 in
1082 1253 1187 1336 ipsum
1219 1252 1278 1318 flu-

134 1361 226 1423 vium
243 1357 490 1442 Megepothoka
507 1365 540 1424 et
554 1361 588 1424 in
605 1358 737 1424 fluvium
752 1359 880 1425 Ramva
895 1359 1062 1425 antedicto
1079 1358 1163 1446 (igy)
1181 1368 1214 1426 et
1229 1361 1275 1426 ibi

134 1467 240 1551 ipsius
257 1474 346 1533 terro
361 1469 469 1534 Kaisa
484 1475 568 1534 mete
585 1470 820 1552 terminantur;
845 1469 965 1535 abhinc
978 1471 1097 1535 transit
1113 1471 1155 1536 ad
1171 1473 1276 1556 ipsam

137 1583 265 1642 terram
282 1577 395 1660 Ingow
420 1583 453 1642 et
478 1578 565 1643 venit
590 1577 631 1643 ad
658 1576 819 1660 quendam
844 1577 951 1642 locum
976 1575 1277 1644 Keeheresthaluke

133 1691 294 1752 vocatum
311 1685 429 1752 abhinc
444 1688 564 1752 transit
579 1687 620 1752 ad
637 1693 704 1752 tres
721 1685 854 1751 arbores
871 1688 998 1752 siliceas
1024 1688 1058 1751 in
1076 1708 1140 1753 uno
1157 1693 1272 1754 tronco

135 1815 195 1858 seu
211 1794 326 1859 radice
343 1797 540 1862 constitutas
556 1796 612 1861 ubi
630 1801 678 1861 est
694 1801 784 1861 meta
800 1801 909 1862 terrea
925 1801 958 1861 et
973 1796 1049 1861 inde
1068 1798 1217 1863 ascendit
1234 1798 1278 1864 ad

134 1924 242 1967 unum
257 1909 402 1968 montem
419 1910 451 1968 et
467 1905 614 1986 procedit
629 1905 663 1968 in
680 1905 799 1970 vertice
816 1903 959 1969 eiusdem
976 1903 1015 1969 de
1033 1924 1097 1986 quo
1108 1905 1276 1970 descendit

133 2010 178 2074 ad
195 2032 299 2076 unam
315 2013 432 2077 vallem
450 2033 513 2096 que
529 2011 758 2096 Zaraspathak
783 2012 823 2076 de
837 2034 901 2096 quo
919 2012 1042 2078 directe
1068 2013 1273 2080 ascendendo

133 2141 253 2184 versus
270 2120 426 2186 orientem
444 2120 486 2185 ad
502 2121 602 2186 alium
618 2125 759 2187 montem
776 2121 943 2186 descendit
968 2121 1011 2187 ad
1028 2120 1192 2204 quandam
1207 2123 1273 2188 ral-

136 2230 202 2293 lem
221 2249 288 2311 que
305 2227 425 2294 dicitur
437 2228 723 2314 Thyburehkafew,
736 2230 853 2296 atinde
870 2229 974 2295 eundo
990 2230 1110 2294 iterum
1127 2231 1274 2296 ascendit

133 2339 169 2402 in
180 2335 356 2421 superficie
372 2339 491 2403 montis
503 2339 639 2422 girando
651 2339 693 2406 ad
704 2340 879 2422 meridiem,
890 2341 998 2424 iungit
1007 2342 1146 2424 primam
1156 2347 1276 2405 metam

136 2447 229 2511 unde
246 2446 416 2530 inceperet
433 2451 466 2512 et
481 2447 525 2513 ibi
543 2451 745 2514 terminatur.
762 2449 887 2514 Datum
902 2450 936 2513 in
952 2449 1034 2515 festo
1051 2449 1276 2514 Exaltacionis
1387 2473 1390 2480 ·

134 2559 254 2619 sancte
272 2555 384 2637 crucis,
401 2575 485 2620 anno
502 2555 623 2622 domini
639 2555 814 2622 Millesimo
832 2555 932 2623 0000
956 2557 1110 2641 vigesimo
1127 2558 1273 2643 septimo.

251 2717 273 2767 I.
288 2717 393 2780 Karoly
406 2717 498 2783 kirtly
515 2721 591 2769 1327.
603 2723 655 2770 oct.
671 2721 753 2770 wan
766 2721 826 2771 kelt·
848 2721 1014 2786 megertlsitb
1037 2719 1229 2784 oklevelebtll;
1257 2722 1274 2769 l.
1319 2699 1320 2702 Ἴ

134 2807 233 2856 alabb.

633 2954 718 2961 --.-.
741 2955 789 2962 ..-—-

673 3137 748 3214 aas.

142 3279 241 3342 1327.
260 3289 338 3362 sept.
356 3282 407 3344 29.
426 3279 455 3344 A
472 3284 655 3367 saepszdrdi
671 3293 802 3348 convent
820 3283 893 3347 elea
916 3281 1049 3347 Tractat
1085 3281 1205 3347 allatos
1218 3303 1274 3364 po-

134 3390 256 3470 zsonpt
277 3387 417 3476 fllirpcto
448 3391 556 3455 Danas
577 3391 686 3473 fio'vct
717 3391 877 3457 Jclzossal
902 3394 933 3456 c‘s
959 3392 1057 3455 crerrelc
1080 3389 1203 3473 flotvol
1219 3411 1276 3472 epp

291 3496 391 3560 Toteo
408 3501 591 3584 odrorepyee'
605 3501 691 3564 vitris
709 3498 884 3562 birtokrc‘sz
900 3499 991 3562 intas
1007 3499 1144 3584 kiepyoz.

251 3639 323 3704 Nos
340 3645 514 3707 conventus
538 3643 729 3706 monasterii
756 3638 982 3707 Saxardiensis
1007 3638 1275 3723 significamus..

133 3746 232 3830 quod
246 3746 420 3830 magnifico
436 3749 504 3814 viro
521 3749 677 3831 magistro
695 3747 835 3815 Nicolao
852 3749 940 3815 dicto
967 3748 1107 3814 Treutul
1132 3746 1199 3811 filio
1217 3746 1275 3811 Jo-

131 3857 260 3921 hannis
276 3858 394 3922 comite
410 3857 600 3924 Posoniensi
624 3859 666 3922 ab
693 3880 758 3922 una
774 3862 869 3942 parte
895 3863 928 3922 et
944 3856 970 3923 J
971 3857 1097 3922 ohanne
1113 3855 1180 3920 tilio
1197 3853 1276 3919 Dio-

132 3967 216 4031 nisii
233 3986 272 4030 ac
287 3965 451 4031 Michaele
468 3971 501 4032 et
516 3966 626 4031 Deseu
636 3965 711 4030 filiis
722 3966 863 4032 eiusdem
881 3965 923 4032 ab
940 3966 1046 4031 altera
1062 3987 1172 4031 coram
1183 3963 1275 4028 nobis

131 4076 359 4162 personaliter
383 4075 568 4140 constitutis
594 4093 651 4160 per
677 4073 806 4140 eosdem
831 4075 1033 4159 propositum
1068 4074 1178 4141 extitit
1203 4072 1275 4137 viva

133 4205 222 4250 voce
238 4190 271 4247 et
287 4184 436 4267 relatum,
454 4183 542 4268 quod
558 4205 630 4248 cum
646 4183 732 4248 idem
748 4185 905 4267 magister
930 4182 1087 4248 Nicolaus
1103 4183 1189 4247 inter
1204 4201 1276 4264 pos-

132 4293 318 4359 sessionem
334 4313 426 4358 suam
442 4291 534 4357 Hillo
550 4299 698 4358 vocatam
725 4299 757 4358 et
772 4294 859 4358 inter
874 4293 1107 4376 possessionem
1133 4288 1277 4354 eiusdem

131 4401 159 4468 J
161 4402 309 4469 ohannis
326 4406 359 4466 et
374 4399 515 4468 filiorum
531 4423 663 4468 suorum
679 4401 776 4468 Pauli
794 4406 943 4467 vocatam
968 4401 1002 4465 in
1028 4397 1146 4465 Selinio
1172 4399 1207 4462 in
1223 4417 1276 4462 ee-

131 4513 265 4578 mitatu
290 4509 444 4575 Tolnensi
469 4513 643 4576 existentes
668 4511 711 4576 ad
736 4509 901 4575 faciendas
927 4516 960 4575 et
986 4507 1155 4592 erigendas
1171 4510 1275 4571 metas

131 4619 291 4704 legitime
308 4619 494 4684 accessisset
521 4626 554 4684 et
569 4619 656 4684 idem
672 4617 697 4684 J
700 4618 844 4684 ohannes
861 4639 900 4683 ac
916 4616 1054 4701 predicti
1071 4614 1131 4679 filii
1149 4614 1199 4679 sui
1224 4635 1276 4678 su-

130 4749 199 4816 per
218 4745 285 4790 una
300 4725 461 4810 particula
477 4731 562 4792 terre
587 4749 683 4810 quam
710 4727 749 4791 de
774 4731 869 4813 parte
894 4723 1040 4811 predicte
1065 4722 1276 4808 possessionis
