3112 5466
696 466 881 512 crrcoormom
899 455 1114 512 orinlurrlu.

871 813 942 873 177.

339 972 433 1035 1325.
448 977 518 1057 juo.
540 975 587 1036 11.
614 973 661 1036 Az
687 974 809 1057 erde'lpi
830 975 960 1058 pilspdlc
976 974 1210 1038 (lezsmoezeddi
1226 999 1246 1038 a
1267 976 1337 1038 lce'ri
1360 975 1449 1037 birtol·

339 1086 417 1144 utria
428 1083 510 1164 jdro'
525 1082 652 1145 de'zsnro
673 1082 992 1167 lciszolpdltotdscirdl
1008 1083 1135 1179 illiluilp
1142 1083 1208 1165 fi‘ll
1227 1083 1352 1146 Ln'ezlo't
1370 1107 1450 1168 reprop-

848 1191 962 1275 totjdk.

447 1347 517 1415 Nos
533 1347 694 1434 Georgius
711 1350 870 1433 presbiter
886 1351 1073 1434 capellanus
1089 1351 1224 1416 ecclesie
1243 1352 1331 1416 beati
1351 1350 1374 1416 J
1376 1352 1453 1415 acohi

342 1454 483 1540 apostoli
500 1466 532 1522 et
549 1458 862 1524 vicearchidiaconus
890 1459 929 1524 de
945 1459 1083 1542 Vgacha
1098 1481 1137 1523 ac
1152 1459 1278 1525 Paulus
1302 1459 1384 1524 filius
1405 1459 1453 1523 Ni-

343 1565 424 1628 colai
451 1564 664 1632 decimatores
684 1566 806 1631 domini
832 1567 973 1650 episcopi
1000 1565 1228 1631 Transiluanie
1245 1566 1285 1630 de
1301 1568 1453 1650 provinciis

342 1671 478 1736 Zotmar
494 1680 526 1737 et
542 1673 582 1737 de
598 1673 737 1757 Vgacha
752 1675 900 1757 predicta
916 1674 1030 1738 damus
1046 1695 1105 1757 pro
1121 1676 1287 1756 memoria,
1313 1675 1394 1759 quod
1411 1674 1452 1737 de-

344 1781 442 1845 cimas
457 1781 550 1846 istius
566 1783 643 1846 anni
668 1804 689 1846 a
714 1782 766 1847 die
782 1781 931 1847 datariun
957 1783 1158 1865 presencium
1182 1785 1279 1849 unius
1295 1785 1368 1848 ville
1382 1783 1450 1848 Keri

343 1895 456 1954 vocate
480 1891 514 1955 in
539 1889 686 1974 frugibus
721 1891 922 1955 examinibus
947 1899 980 1955 et
1004 1892 1037 1955 in
1062 1892 1135 1957 aliis
1159 1895 1381 1975 provenientes
1403 1914 1451 1976 pro

343 1997 447 2061 altera
463 1998 596 2063 dimidia
611 2021 721 2064 marca
737 1999 792 2063 fini
809 2000 935 2082 argenti
952 1999 1046 2082 plene
1072 2005 1203 2083 recepta
1230 1999 1383 2065 Ladislao
1398 1999 1451 2063 lilio

343 2104 514 2170 Michaelis
530 2106 658 2172 domino
675 2108 882 2191 possessionis
899 2106 1042 2189 predicte
1062 2107 1233 2172 annuimus
1243 2107 1452 2172 condonandas

343 2221 377 2279 et
392 2217 423 2279 in
440 2236 578 2297 persona
603 2217 705 2280 nostri
725 2214 934 2298 recipiendas,
961 2237 1058 2299 quem
1084 2215 1175 2298 suple
1192 2214 1275 2299 (igy)
1301 2216 1452 2299 pecuniam

343 2324 473 2388 Blasius
489 2322 574 2387 lilius
589 2323 702 2388 Benke
718 2325 752 2388 in
768 2346 905 2406 persona
917 2323 1060 2387 eiusdem
1070 2322 1215 2387 Ladislai
1228 2325 1361 2389 exsolvit
1377 2324 1452 2387 nobis

344 2457 383 2496 cx
402 2433 547 2515 integr03
566 2432 700 2497 dicimus
717 2438 825 2497 tamen
842 2433 929 2515 quod
945 2439 1020 2516 post
1036 2432 1256 2513 recopcionem
1274 2431 1452 2496 decimarum

344 2540 503 2625 presentis
528 2541 605 2605 anni
630 2547 792 2623 presentes
819 2540 918 2604 nichil
942 2540 1082 2604 valituri.
1113 2539 1239 2603 Datum
1265 2541 1365 2604 tercia
1387 2539 1453 2602 seria

344 2649 490 2733 proxima
506 2653 583 2712 ante
600 2655 730 2713 octavas
746 2646 898 2732 Corporis
915 2646 1046 2730 Christi,
1062 2669 1146 2712 enno
1164 2647 1287 2713 domini
1302 2648 1354 2712 Μ0
1370 2646 1454 2713 0000

345 2755 436 2820 XX⁰
453 2757 575 2839 quintu.

307 3012 309 3018 Ι
452 2939 582 2989 Zeirlatiin
596 2939 864 3003 pecsettbredeklse13
884 2939 1013 3003 eredetije
1035 2955 1052 2988 a
1074 2941 1107 2988 N.
1126 2940 1320 2999 Muzeuruban,
1334 2953 1350 2986 a
1371 2937 1454 2996 Kallas

344 3045 380 3078 cs.
394 3031 467 3079 lban.
481 3029 578 3080 Kozli:
593 3029 716 3094 Taganyi
729 3030 760 3078 K.

830 3194 987 3201 —.-——

876 3432 949 3490 178.

351 3592 441 3654 1325.
466 3591 634 3675 Visepra'd,
649 3595 718 3675 jura
739 3592 787 3654 18.
815 3591 985 3675 LKdrolp
1001 3591 1112 3676 hircily
1146 3593 1211 3655 Wst
1239 3600 1317 3653 nerii
1338 3585 1456 3649 birtolot

429 3701 664 3763 Percbtoldnob
680 3699 801 3761 viduari
817 3721 932 3761 ormosc
948 3699 1133 3783 sepe'dje'nek
1149 3699 1392 3781 orlonrdnpozzo.

453 3860 522 3925 Nos
538 3860 685 3925 Karolus
701 3909 707 3923 .
725 3908 731 3923 .
749 3881 827 3924 rex.
845 3909 852 3924 .
870 3855 1087 3939 significamus
1102 3858 1269 3939 universis,
1295 3855 1378 3939 quod
1394 3875 1455 3918 cum

344 3993 403 4036 uos
417 3969 650 4052 possessionem
661 3966 739 4031 Wst
755 3972 902 4031 vocatam
919 3965 1006 4030 circa
1020 3962 1154 4028 fluvium
1169 3963 1319 4048 Dudwag
1336 3965 1456 4037 existen·

345 4086 410 4143 tem
435 4099 493 4160 pro
518 4076 667 4142 fidelibus
694 4081 726 4139 et
751 4075 923 4139 meritoriis
955 4073 1096 4136 serviciis
1128 4073 1276 4157 magistri
1302 4067 1455 4138 Prehtolrh

345 4186 449 4250 fidelis
465 4191 498 4249 et
513 4187 706 4273 fnrniliaris
724 4186 854 4249 tirodici
879 4183 995 4246 prodici
1020 4185 1126 4246 nostri
1151 4181 1268 4264 quibus
1294 4182 1382 4246 nobis
1404 4178 1456 4241 ler-

345 4296 431 4359 venti
448 4293 608 4359 ‹lesiderio
632 4292 756 4357 studuit
773 4291 972 4374 complacere
992 4294 1025 4352 et
1041 4311 1073 4352 se
1089 4289 1202 4373 utique
1218 4290 1352 4354 reddere
1367 4285 1455 4370 graci-

345 4425 436 4467 osum
453 4409 485 4466 et
502 4408 670 4486 acceptum
687 4422 759 4464 cum
784 4400 932 4465 omnibus
954 4396 1153 4463 utilitatibus
1179 4398 1245 4462 suis
1263 4405 1295 4462 et
1311 4396 1455 4481 pertinen-

346 4511 402 4574 ciis
419 4511 573 4575 univcrsis
590 4511 741 4575 eidemin
758 4509 842 4573 filios
867 4508 1007 4572 filiorum
1023 4528 1154 4571 suorum
1171 4512 1328 4589 perpetuo
1344 4501 1455 4568 duxeri·

346 4640 415 4682 mus
447 4619 682 4702 conferendam,
714 4619 859 4684 volumus
887 4624 920 4683 et
945 4617 1110 4685 universos
1141 4615 1243 4680 libere
1276 4606 1455 4679 condicionis
