3132 5470
514 453 609 514 1327.
626 466 701 514 aue.
719 451 770 513 23.
974 471 976 476 ·
1151 455 1215 516 317

89 631 148 696 sibi
164 631 352 698 contulerat
369 629 410 694 ad
426 636 553 696 nostras
569 631 675 711 regias
700 650 815 695 marrus
831 627 1002 695 rediissent
1019 635 1052 695 ct
1068 631 1217 698 deuolute

91 739 229 806 fuissent
254 761 314 804 nos
339 739 396 822 qui
421 743 516 821 grata
541 743 574 802 et
590 743 725 822 accepta
750 736 893 802 eiusdem
908 737 1055 823 Philippi
1080 740 1218 824 palatini

90 847 227 912 servicia
242 847 278 911 in
302 851 413 912 nostre
429 866 555 929 semper
581 845 867 930 contemplacionis
893 846 1024 930 speculo
1050 849 1222 934 intuemur,

89 951 243 1020 affectum
260 976 357 1037 quem
373 953 415 1020 ad
430 955 537 1038 ipsum
553 952 725 1019 habuimus
740 959 814 1036 post
831 953 956 1018 obitum
972 976 1066 1020 suurn
1082 956 1125 1020 ad
1141 979 1216 1024 suos

88 1067 236 1146 posteros
262 1062 471 1128 extendentes
486 1063 677 1144 magistrum
708 1061 898 1146 Vylermum
923 1059 1026 1128 filium
1057 1063 1083 1130 J
1084 1064 1221 1132 ohannis

89 1169 200 1236 fratris
219 1171 286 1236 suis
312 1170 452 1236 carnalis
479 1171 628 1235 comitem
645 1167 889 1252 Scepusiensem
914 1176 947 1236 et
973 1171 1012 1235 de
1028 1171 1156 1256 Wyuar
1172 1175 1220 1239 di-

88 1280 210 1346 lectum
228 1285 260 1344 et
276 1277 404 1344 fidelem
421 1284 568 1345 nostrum
586 1278 688 1342 eidem
704 1277 859 1364 Philippo
876 1281 1022 1363 palatino
1039 1281 1073 1346 in
1088 1285 1222 1366 premis·

88 1409 200 1452 sorum
218 1393 400 1452 castrorum
416 1385 652 1471 possessionum
670 1392 702 1450 et
712 1385 871 1452 bonorum
882 1385 1061 1453 dominium
1078 1391 1220 1454 auctori-

90 1501 157 1562 tate
173 1497 271 1579 regia
286 1502 318 1560 et
334 1495 374 1560 de
390 1491 634 1578 magnificencia
650 1493 823 1577 principali
839 1516 879 1560 ac
905 1495 1007 1560 eciam
1024 1495 1064 1560 de
1080 1496 1221 1580 plenitu-

90 1606 163 1670 dine
203 1605 376 1689 potestatis
416 1603 641 1669 constituimus
680 1601 849 1686 heredem,
875 1603 1003 1669 demum
1028 1605 1115 1670 idem
1153 1627 1220 1670 ma·

89 1716 192 1799 gister
224 1712 399 1797 Vylermus
437 1711 481 1776 ad
520 1716 664 1776 nostram
699 1711 854 1777 accedens
896 1713 1096 1796 presenciam
1135 1713 1219 1778 exhi-

88 1821 159 1887 buit
174 1820 272 1886 nobis
287 1820 504 1886 instrumenta
520 1840 578 1884 seu
594 1819 721 1884 litteras
737 1824 866 1885 nostras
882 1820 1104 1904 privilegiales
1120 1842 1218 1906 super

89 1931 271 1997 donacione
287 1935 321 1994 et
336 1929 514 1994 collacione
529 1927 749 2012 predictorum
779 1935 960 1994 castrorum
985 1931 1223 2012 possessionum

89 2039 299 2104 othonorum
315 2036 479 2103 confectas
506 2037 692 2122 supplicans
717 2043 828 2103 nostro
854 2037 985 2102 culmini
1009 2037 1221 2104 humiliter..

89 2149 301 2232 dignaremur
328 2146 362 2210 in
377 2146 484 2229 ipsum
500 2151 533 2210 ct
549 2167 624 2212 suas
639 2147 848 2229 posteritates
865 2146 1041 2212 transferre
1058 2153 1091 2212 et
1107 2152 1218 2212 nostro

88 2254 259 2339 privilegio
276 2253 413 2336 novique
429 2261 462 2318 et
478 2254 634 2319 autentici
650 2254 748 2337 sigilli
762 2255 867 2319 nostri
892 2256 1088 2338 appensione
1114 2253 1154 2318 de
1170 2253 1223 2319 be·

87 2365 251 2447 nignitate
262 2360 352 2446 regia
363 2359 720 2446 confirmar·e;quorum
730 2365 973 2447 privilegiorum
983 2369 1016 2427 et
1031 2363 1223 2427 instruman·
1310 2343 1312 2350 ¹

87 2479 197 2538 torum
215 2472 312 2538 unius
327 2473 428 2555 priori
445 2477 477 2536 et
494 2473 659 2538 autentico
677 2473 784 2557 sigillo
800 2481 912 2540 nostro
929 2474 1109 2557 consignati
1126 2495 1222 2557 super

88 2577 466 2663 possessionePoloucha
476 2585 592 2644 vocata
602 2586 635 2645 et
646 2586 752 2646 castro
762 2581 1045 2665 lapideosimiliter
1054 2579 1222 2647 Poloucha

87 2691 258 2754 nominato
275 2687 413 2754 confecti
423 2695 517 2753 tenor
533 2688 608 2753 talis
624 2693 689 2753 est:
708 2685 844 2754 Carolus
856 2741 863 2756 .
874 2740 881 2755 .
892 2695 951 2756 sat.
966 2689 1000 2774 (l.
1018 2689 1045 2754 I.
1061 2689 1127 2755 ket.
1145 2693 1220 2754 401.

87 2821 126 2862 sz.
142 2795 187 2882 a)
201 2796 312 2863 Porro
328 2818 387 2862 nos
401 2803 588 2862 revocantes
604 2797 638 2862 in
656 2799 842 2863 memoriam
859 2799 1016 2882 premissa
1029 2805 1061 2862 et
1077 2803 1172 2882 grata
1188 2805 1222 2864 et

87 2911 227 2988 accepta
242 2903 524 2988 serviciapredicti
539 2903 685 2988 Philippi
696 2905 833 2988 palatini
850 2927 912 2989 que
921 2906 1006 2971 idem
1023 2929 1043 2971 a
1058 2907 1221 2990 primoevo

86 3019 194 3078 suaet
211 3018 322 3077 nostre
338 3011 558 3077 adolescentie
583 3018 729 3096 tempore
750 3035 809 3097 pro
836 3014 1038 3079 exaltacione
1054 3014 1157 3079 nostri
1173 3035 1221 3078 re·

84 3121 219 3202 giminis
236 3127 270 3185 et
285 3120 416 3186 honoris
431 3141 490 3204 pro
515 3121 770 3204 reintegracione
797 3128 830 3187 et
846 3128 1019 3206 augmento
1043 3121 1221 3206 reipublice

86 3251 125 3294 ac
139 3251 203 3313 pro
231 3226 464 3295 reformacione
488 3229 576 3311 pacis
600 3228 634 3293 in
660 3250 759 3312 regno
774 3231 807 3295 in
824 3230 1019 3296 conterendo
1035 3236 1219 3296 nostrorum

87 3336 272 3402 infidelium
288 3343 320 3400 et
352 3335 521 3401 rebellium
537 3338 734 3420 proterviam
749 3338 783 3402 in
799 3339 910 3402 multis
934 3340 1106 3403 sumtuosis
1131 3338 1221 3403 labo-

87 3446 179 3510 ribus
207 3451 242 3510 et
266 3465 477 3528 personarum
508 3444 661 3527 periculis
687 3467 760 3510 cum
786 3443 941 3512 effusione
972 3446 1021 3510 sui
1053 3446 1219 3529 sauguinis

85 3553 301 3620 laudabiliter·
316 3551 464 3619 exhibuit
479 3558 511 3616 et
526 3553 693 3638 impendit,
717 3553 921 3619 attendentes
938 3574 1065 3637 quoque
1081 3551 1220 3618 fidelita-

86 3673 135 3728 tes
163 3669 199 3727 et
225 3661 371 3727 fidelium
396 3661 624 3745 obsequiorum
641 3663 784 3745 gratuita
802 3663 921 3728 merita
936 3661 1054 3748 prefati
1071 3662 1219 3744 magistri

85 3771 238 3855 Vylernri
255 3771 383 3835 dulcem
408 3771 551 3835 natalem
585 3771 725 3854 patriam
752 3793 907 3856 suamque
933 3772 1160 3854 cognationem
1184 3789 1222 3834 ac

85 3889 260 3962 paternam
276 3879 493 3943 hereditatem
509 3899 569 3962 pro
580 3878 673 3944 nobis
690 3879 865 3944 deserentis
886 3901 949 3962 que
959 3880 1063 3963 ipsum
1082 3879 1174 3944 nobis
1191 3882 1222 3942 et

85 3985 611 4074 regnopredictolaudabiliteret
636 3988 723 4051 omni
742 3987 849 4052 studio
858 3986 1027 4052 fidelitatis
1039 3986 1221 4052 exhibuisse

86 4099 236 4162 rrorirrrus
247 4094 399 4160 exhibere
409 4096 564 4159 sentimus
574 4095 607 4158 irr
618 4095 758 4178 presenti
776 4101 809 4160 et
825 4095 1044 4160 exhibiturum
1059 4116 1119 4179 pro
1129 4092 1221 4158 firmo

85 4206 250 4271 credimus
266 4205 299 4268 in
310 4203 464 4286 futurum,
474 4225 533 4288 pro
544 4203 661 4287 quibus
672 4203 808 4272 eundem
824 4205 1016 4288 magistrum
1031 4203 1223 4290 Vylermum

86 4316 192 4380 nostri
227 4313 348 4378 satoris
365 4316 398 4376 et
413 4312 521 4395 gracie
536 4311 738 4394 plenitudine
763 4313 929 4396 cupientes
938 4313 1091 4398 prosequi
1109 4319 1141 4376 et
1158 4333 1223 4376 am·

84 4423 185 4505 plecti
204 4419 346 4504 predicti
363 4419 522 4502 privilegii
548 4420 649 4484 nostri
666 4469 673 4485 .
690 4470 696 4485 .
713 4418 917 4504 presentibus
941 4421 1054 4486 inserti
1079 4421 1221 4504 vigorem

85 4537 116 4596 et
130 4531 316 4597 efficaciam
333 4529 398 4594 siv'e
415 4527 642 4596 donacionem,
656 4531 820 4614 ,inipsum
831 4533 1023 4614 magistrum
1032 4531 1223 4615 Vylermum

84 4640 205 4705 eteius
222 4637 435 4722 posteritates
453 4637 640 4721 perenniter·
651 4637 882 4706 transferentes
899 4647 931 4704 et
948 4691 954 4704 .
971 4689 977 4704 .
995 4637 1225 4706 confirmantes
