3240 5460
334 493 374 559 66
688 512 875 559 inuenerem
892 498 1108 560 orruitsrrtn.

330 681 407 759 tam,
433 675 529 740 iidem
554 673 771 740 Leustaclrius
796 677 829 739 et
855 674 1086 740 Jalrwuexilla
1102 675 1246 758 ipsorum
1261 671 1471 738 infidelitatis

333 782 486 867 erigendo
503 781 672 848 manifeste
690 782 856 848 nobiscum
874 782 1079 866 dimicarunt,
1089 789 1157 846 tam
1167 781 1208 846 ab
1219 782 1297 865 ipsis
1308 803 1407 865 qnam
1425 781 1470 846 ab

332 892 444 956 eodem
460 891 597 958 Matheo
620 893 654 956 in
669 891 864 956 infidelitate
881 897 1009 956 mortuo
1026 889 1212 956 infidelibus
1228 891 1349 955 nostris
1364 890 1470 954 mani-

330 1000 421 1065 festis
438 1022 474 1066 eo
491 1000 586 1065 modo
603 999 644 1064 ad
661 1023 776 1064 manus
794 1007 921 1064 nostras
938 1000 1135 1082 devolutum,
1146 997 1378 1064 cumonmibus
1394 1020 1469 1081 per-

331 1109 483 1174 tinenciis
499 1129 555 1172 seu
571 1109 757 1173 attinenciis
773 1108 839 1173 suis
855 1108 1012 1172 universis
1023 1107 1223 1172 nihildemtis
1240 1105 1279 1170 de
1296 1105 1417 1172 eisdem
1433 1112 1469 1170 et

331 1218 475 1302 exceptis
492 1216 596 1280 eidem
614 1215 737 1281 Thome
755 1215 908 1300 woyvoda
934 1215 1081 1280 dedimus
1097 1215 1286 1279 donavimus
1303 1219 1336 1278 et
1352 1217 1468 1278 cont-u-

328 1326 425 1390 limus
441 1323 511 1388 iure
527 1328 684 1406 perpetuo
701 1373 732 1388 ..
757 1321 886 1388 Datum
908 1323 941 1387 in
968 1323 1210 1403 Thumusuaar‚
1241 1321 1276 1385 in
1302 1319 1468 1385 dominica

327 1431 449 1497 Letare
464 1429 659 1515 Jerusalem,
676 1452 761 1496 anno
779 1431 900 1496 domini
925 1430 1102 1497 Millesimo
1127 1429 1354 1494 trecentesimo
1380 1429 1469 1510 uige-

331 1543 412 1606 simo
429 1539 538 1605 tercio.

437 1703 586 1768 Hdtlepjrin
598 1719 671 1767 nagy
686 1704 770 1754 kerek
792 1703 885 1766 pecsdt
906 1702 1167 1768 maradvanyaiva13
1189 1700 1318 1765 ercdetije
1340 1715 1373 1750 az
1394 1713 1468 1750 orsa.

328 1787 382 1843 ltar
395 1794 494 1844 kinost.
508 1797 573 1842 oszt.
587 1793 620 1842 N.
632 1793 663 1842 R.
675 1791 707 1842 Α.
723 1797 783 1842 669.
798 1797 839 1842 21.
853 1793 919 1856 dipl.
933 1793 1005 1842 ltetr:
1021 1795 1098 1842 2147.
1111 1791 1191 1841 Kozli
1203 1809 1208 1842 :
1222 1793 1303 1856 Nagy
1317 1792 1418 1855 Gyula.

817 1992 975 2001 ——-·-·-—-

870 2191 920 2250 59.

328 2354 423 2418 1323.
441 2364 533 2418 mort.
553 2353 602 2417 17.
620 2350 650 2415 Α
664 2353 756 2438 pc‘csi
766 2351 926 2436 kdptolan
938 2351 964 2414 I.
977 2349 1102 2435 Kciroly
1112 2350 1291 2436 lrirdlynalc
1302 2349 1465 2436 aforrtedb

325 2464 376 2528 56.
395 2487 436 2528 sz.
448 2487 477 2526 α.
488 2461 590 2526 tozott
607 2460 773 2524 readeletc't
790 2463 933 2538 citirotiu,
951 2459 1015 2522 Pol
1025 2457 1144 2540 fislack
1161 2458 1357 2543 Gyb'rpynclc
1374 2457 1464 2520 Har-

323 2571 411 2654 kciay
427 2569 570 2634 dirtolcda
590 2569 663 2632 eald
679 2568 910 2631 ballotata'su'rdl
921 2569 953 2631 c's
965 2591 985 2630 a
996 2565 1239 2649 liutdrjdrdsrdl
1254 2589 1275 2628 a
1291 2566 1464 2648 kr'rrilylioz

607 2677 734 2738 iatdzott
742 2675 911 2758 jelcutc‘sc‘t
929 2679 983 2759 1793]
990 2674 1175 2760 folytutjc:

431 2855 552 2899 ..cum
576 2855 635 2899 nos
660 2834 822 2899 mandatis
839 2884 869 2899 ..
896 2832 1096 2898 celsitudinis
1120 2838 1225 2896 vestre
1250 2833 1283 2895 in
1309 2831 1464 2896 omnibus

325 2940 456 3007 obedire
472 2947 648 3025 teneamur,
665 2965 803 3007 unacum
821 2941 957 3008 Andrea
972 2941 1118 3025 predicto
1134 2940 1265 3006 homine
1287 2945 1396 3004 vestro
1415 2940 1464 3003 di·

323 3054 467 3114 scretum
483 3049 586 3113 virum
603 3051 797 3132 magistrum
812 3048 837 3113 J
839 3049 1000 3114 ohannem
1017 3049 1139 3113 socium
1157 3053 1190 3112 et
1206 3047 1464 3112 concanonicum

322 3163 468 3222 nostrum
487 3156 529 3222 ad
546 3157 712 3222 sciendum
729 3156 768 3222 de
785 3157 946 3241 qualitate
966 3162 999 3221 et
1016 3157 1202 3240 quantitate
1218 3156 1318 3240 ipsius
1334 3176 1465 3238 posses·

323 3267 422 3330 sionis
439 3273 472 3330 et
487 3265 529 3331 ad
546 3266 812 3332 reambulandam
829 3274 861 3333 et
878 3267 974 3333 certis
990 3267 1085 3332 metis
1102 3266 1236 3331 eandem
1252 3264 1465 3330 limitandam

322 3395 360 3438 ac
376 3373 583 3439 statuendam
600 3375 692 3439 iuxta
707 3375 898 3439 mandatum
914 3375 1099 3440 serenitatis
1113 3380 1216 3438 vestre
1227 3371 1374 3457 predicto
1390 3395 1463 3438 ma-

320 3483 420 3564 gistro
437 3481 581 3568 Georgio
597 3491 754 3570 perpetuo
770 3485 999 3571 possidendam
1009 3487 1214 3568 misissemus
1225 3483 1322 3548 iidem
1340 3483 1381 3548 ad
1398 3505 1463 3548 nos

320 3593 440 3656 reversi
450 3592 544 3658 nobis
554 3595 758 3662 concorditer
774 3596 965 3678 retulerunt,
976 3595 1064 3678 quod
1080 3594 1228 3680 predicta
1238 3593 1395 3677 possessio
1415 3592 1461 3656 ab

320 3702 456 3785 antiquo
472 3704 619 3770 extiterit
635 3710 723 3770 terra
740 3705 994 3770 vduarnioorum
1005 3709 1186 3770 uestrorum
1202 3709 1373 3788 vestreque
1390 3703 1462 3767 col-

318 3809 437 3876 lacioni
453 3812 617 3894 pertinens
634 3813 673 3878 de
690 3815 760 3879 iure
777 3819 810 3878 et
827 3813 866 3878 de
881 3813 977 3898 lacto,
994 3835 1091 3897 quam
1114 3813 1348 3898 possessionem
1375 3809 1462 3877 dicti

320 3913 416 3984 homo
426 3925 532 3984 vester
543 3925 575 3984 et
585 3927 695 3986 noster
711 3923 954 3988 reambulantes
970 3923 1160 3986 statuissent
1177 3920 1281 3985 eidem
1296 3920 1460 4002 magistro

320 4021 465 4109 Georgio
482 4077 488 4091 .
506 4077 512 4091 .
528 4028 618 4093 nullo
636 4029 873 4114 contradictore
889 4031 922 4094 in
938 4030 1000 4094 hac
1017 4035 1111 4114 parte
1128 4029 1258 4112 penitus
1275 4028 1460 4106 existente;

320 4121 556 4216 cuiusquidem
576 4137 787 4221 possessionis
811 4142 898 4202 mete
923 4137 1187 4203 etlimitaciones
1205 4135 1312 4201 ..tali
1338 4133 1459 4200 ordine

316 4247 391 4306 sunt
408 4241 577 4309 distincte:
593 4246 709 4331 incipit
724 4247 829 4330 prima
844 4251 932 4312 meta
948 4247 1039 4311 iuxta
1055 4245 1290 4331 possessionem
1305 4249 1458 4310 nostram

318 4347 414 4416 Geud
429 4357 576 4417 vocatam
592 4355 626 4418 in
642 4353 745 4419 latere
762 4352 930 4420 cuiusdam
946 4355 1063 4419 montis
1080 4355 1167 4419 circa
1187 4352 1335 4419 arborem
1360 4355 1459 4420 nucis

317 4457 376 4523 sub
393 4481 458 4542 qua
474 4465 524 4525 est
539 4468 627 4526 meta
643 4468 759 4546 terrea,
770 4463 887 4528 deinde
907 4461 1041 4527 tendens
1058 4461 1100 4526 ad
1118 4467 1184 4526 tres
1200 4460 1332 4526 arbores
1360 4464 1460 4528 nucis

315 4564 430 4632 deinde
454 4569 542 4633 venit
567 4569 653 4635 infra
677 4591 787 4636 versus
814 4571 981 4636 meridiem
1001 4571 1042 4636 ad
1057 4591 1208 4652 magnam
1224 4570 1309 4635 viam
1326 4567 1383 4634 ubi
1399 4577 1457 4637 est

312 4679 400 4746 meta
415 4679 531 4762 terrea,
548 4677 662 4743 deinde
678 4701 788 4745 versus
808 4679 943 4745 eandem
967 4679 1097 4762 plagam
1122 4678 1211 4744 venit
1231 4677 1272 4742 ad
1290 4675 1456 4762 quosdam
