3152 5472
553 509 649 574 1332.
666 525 740 572 arn.
757 513 786 572 8.

638 907 714 972 499.

107 1071 205 1136 1332.
231 1093 302 1158 apr.
326 1073 355 1138 7.
372 1073 461 1138 Horat
485 1075 654 1158 odroaeppe
678 1071 848 1159 olispcinja
865 1073 898 1138 e's
917 1071 1094 1138 beroea-sat
1109 1097 1130 1136 n
1152 1071 1243 1137 Bori

105 1177 187 1246 Pero·
203 1181 236 1245 e's
247 1178 457 1268 Stoyssofioi
466 1178 777 1270 kliaittfh'atfhrpott
797 1180 919 1268 r'lpylren
929 1179 1236 1248 holosztcistoolack.

215 1338 287 1407 Nos
302 1341 456 1425 magister
471 1339 630 1410 Nicolans
646 1361 751 1421 comes
765 1339 947 1409 Hontensis
969 1347 1003 1408 ct
1027 1348 1168 1426 quatuor
1192 1343 1239 1408 iu·

108 1447 198 1515 dicos
214 1447 372 1530 nobilium
388 1447 428 1515 de
444 1447 556 1518 eodem
572 1449 687 1516 damus
701 1471 761 1534 pro
777 1451 940 1534 memoria,
956 1448 1045 1536 quod
1061 1470 1133 1516 oum
1158 1447 1240 1517 soria

106 1556 212 1623 tercia
229 1559 378 1642 proxima
395 1563 468 1643 post
489 1559 684 1626 dominicam
699 1558 816 1626 Indica
832 1579 962 1626 oausam
987 1579 1085 1644 qnam
1112 1557 1239 1624 Pethen

108 1664 149 1730 de
165 1663 247 1732 Bori
258 1665 433 1732 secundum
448 1665 585 1734 sormam
600 1667 769 1734 literarum
784 1671 959 1734 conventus
975 1667 1015 1732 de
1029 1663 1117 1751 Saag
1126 1672 1240 1734 contra

107 1771 246 1839 Petrum
263 1772 345 1841 Soos
360 1781 393 1842 et
417 1773 593 1842 Nicolaum
619 1775 741 1842 dictum
764 1774 901 1842 Helmes
926 1775 966 1841 (lc
991 1773 1071 1842 Bori
1096 1771 1239 1841 habebat

107 1880 232 1948 scilicet
248 1875 344 1967 super
369 1904 406 1952 eo
422 1883 552 1967 quodsi
568 1883 739 1951 arbitrium
755 1905 821 1950 non
837 1888 1045 1970 acceptarent
1060 1883 1128 1949 sine
1145 1889 1239 1968 parte

106 1989 223 2055 indicis
239 1997 358 2058 extunc
374 1992 408 2057 in
433 2011 608 2074 gravamen
634 1991 745 2058 decem
770 2012 954 2059 marcarum
979 1991 1182 2058 subiacerent
1207 1995 1240 2057 et

107 2105 218 2162 tamen
235 2120 294 2165 nos
311 2100 468 2185 inspicere
478 2100 518 2165 do
528 2099 599 2184 ipsa
615 2121 715 2166 cansa
729 2099 926 2185 volebamus,
942 2107 1021 2166 tunc
1033 2099 1093 2166 filii
1105 2097 1239 2184 Stoyssa

107 2205 261 2273 dixerunt
277 2208 365 2292 quod
381 2215 496 2274 contra
511 2209 599 2294 ipsas
614 2209 726 2275 literas
746 2214 921 2274 conventus
945 2209 1058 2274 literas
1082 2207 1240 2274 haberent

106 2319 140 2378 et
169 2315 345 2382 terminum
376 2315 437 2382 sibi
461 2317 669 2400 postularunt
697 2323 893 2401 presentare,
918 2316 1095 2400 sigillando
1125 2315 1238 2382 literas

105 2421 235 2490 Potheu
253 2424 468 2491 commisimus
483 2429 521 2490 ut
536 2423 619 2491 leria
639 2425 741 2491 tercia
755 2425 904 2510 proxima
918 2429 993 2508 post
1008 2422 1125 2490 festum
1149 2420 1237 2488 beati

106 2529 245 2615 Georgii
256 2532 398 2597 martiris
408 2537 633 2617 presentarent
651 2554 760 2599 coram
775 2529 867 2598 nobis
886 2537 919 2598 et
937 2527 1237 2617 dehabet(igy)in-

105 2639 310 2724 spiceremus,
326 2639 405 2706 item
420 2641 491 2725 ipso
507 2639 558 2706 dic
572 2640 613 2706 ele
629 2639 754 2706 duabus
770 2639 887 2706 marcis
903 2639 942 2705 de
953 2645 1047 2724 parto
1062 2637 1237 2723 byrsagyo·

105 2769 177 2812 rum
197 2749 310 2832 lingue
336 2749 439 2815 solvet
464 2749 593 2815 Pethen
619 2749 715 2816 etde
741 2748 812 2815 aliis
838 2754 936 2833 prout
961 2747 1083 2812 scilieet
1109 2745 1149 2811 dc
1180 2769 1236 2812 sex

105 2855 225 2922 marcis
242 2877 301 2921 nos
317 2863 349 2923 et
364 2857 469 2940 ipsum
495 2858 682 2941 placabunt.
708 2857 832 2924 Datum
857 2858 892 2923 in
916 2856 1055 2924 tcrmino
1081 2853 1236 2940 predicta

104 2985 191 3030 anno
208 2963 331 3030 domini
346 2963 401 3030 111ο
417 2963 517 3032 0000
531 2963 663 3036 XXX⁰
679 2966 826 3034 secundo

215 3127 346 3179 Zairlatrtn
367 3128 459 3193 pecstt
471 3129 648 3196 nyonraiva13
668 3128 798 3195 eredetijs
820 3147 836 3180 a
848 3132 924 3197 Bory
937 3144 974 3180 os.
987 3130 1062 3180 lban.

591 3361 750 3372 -ρ--ῌ

636 3622 709 3685 500.

104 3783 204 3846 1332.
221 3779 403 3866 Avipaoao,
420 3804 492 3864 apr.
508 3783 538 3844 8.
556 3781 669 3850 XXII.
685 3783 792 3849 Jonos
805 3787 898 3868 palpo
914 3805 936 3846 a
952 3777 1237 3863 sactes-fehdroa'ri

101 3895 254 3976 pe'postot
272 3892 420 3975 ntosc'tp'a,
436 3893 519 3977 lwpy
536 3890 728 3957 aBadaocir
739 3889 925 3978 kapujcnal
940 3889 1054 3954 saedett
1078 3892 1154 3952 *crim
1169 3890 1237 3954 dol·

99 3998 212 4084 pa'boa
235 3997 336 4063 Barla
362 4002 459 4064 odrca
484 3999 656 4085 kozoresa'pc
672 4003 704 4066 o'o
729 4023 751 4065 o
776 3997 970 4085 aprilszipeti
995 3998 1141 4083 apdczcilc
1165 3997 1236 4063 kozt

369 4107 573 4195 filatforqott
591 4108 678 4174 vilda
694 4117 791 4195 lippet
807 4107 924 4172 ἑπτάκι(
939 4106 976 4172 el.

212 4265 381 4334 Johannes
411 4267 580 4353 episcopus
611 4289 723 4335 servus
753 4287 917 4334 servorum
944 4265 995 4333 dei
1021 4263 1141 4332 dilecto
1165 4264 1234 4333 filio

98 4376 267 4464 preposito
284 4377 414 4442 ecclesie
430 4374 585 4445 Albensis
602 4378 739 4443 salutem
756 4384 789 4443 et
804 4375 1016 4460 apostolicam
1036 4373 1234 4441 benediccio-

98 4505 185 4550 nem.
202 4481 435 4567 Significarunt
455 4485 547 4551 nobis
572 4485 689 4550 dilecte
714 4485 748 4550 in
773 4482 905 4550 Christo
930 4482 996 4548 filie
1020 4482 1176 4567 priorissa
1202 4490 1235 4549 et

100 4597 282 4658 conventus
297 4593 487 4660 monasterii
502 4593 621 4678 regalis
637 4593 826 4660 monasterii
845 4596 956 4659 sancte
980 4589 1087 4657 Maria
1113 4590 1152 4654 de
1177 4589 1232 4656 In-

99 4701 177 4768 sula
192 4698 337 4768 Danubii
353 4701 436 4769 alias
460 4699 627 4787 Leporum
652 4719 711 4787 per
737 4699 924 4786 priorissam
943 4699 1031 4766 soliti
1056 4698 1231 4784 gubernari
