3240 5460
586 487 798 552 13111111.
816 488 867 554 20.
1246 489 1287 554 67

154 663 272 732 dumos
303 672 336 731 et
368 667 460 731 iuxta
492 665 621 732 eosdem
646 667 757 733 domos
783 664 866 753 (igy)
892 667 935 734 ad
961 667 1108 735 arborem
1135 668 1208 734 thul
1233 691 1292 753 pro

151 781 244 838 meta
276 774 509 858 consignatam,
541 774 658 840 deinde
683 797 742 860 per
767 776 904 841 eandem
933 778 1019 842 viam
1049 779 1141 843 iuxta
1171 783 1292 844 terram

154 881 241 948 Sene
257 883 346 946 venit
369 881 518 947 similiter
544 881 586 947 ad
602 881 751 947 arborem
767 884 839 949 thul
854 885 947 950 iuxta
963 907 1061 969 qnam
1078 885 1225 952 arborem
1243 892 1293 952 est

152 997 244 1056 meta
269 997 386 1074 terrea,
412 989 526 1054 deinde
550 991 699 1073 pervenit
724 990 766 1056 ad
786 991 934 1059 arborem
961 995 1068 1059 salicis
1084 995 1177 1060 iuxta
1193 1017 1291 1078 quam

154 1106 205 1164 est
223 1104 309 1164 meta
324 1105 442 1180 terrea,
465 1103 538 1182 post
562 1098 623 1163 hec
647 1099 826 1182 procedens
851 1100 941 1165 vadit
965 1103 1058 1167 iuxta
1074 1124 1193 1186 aquam
1209 1101 1292 1170 Sene

153 1208 198 1274 ad
209 1208 359 1274 arborem
372 1209 499 1293 jegune,
508 1207 584 1272 inde
593 1207 793 1274 transeundo
810 1189 929 1292 aquam
945 1208 1029 1276 Sene
1046 1211 1132 1276 cirea
1141 1232 1293 1294 magnam

153 1318 242 1382 viam
258 1318 345 1381 venit
361 1316 403 1382 ad
419 1323 539 1380 metam
565 1322 713 1398 terream,
743 1315 819 1380 inde
836 1316 969 1382 divertit
984 1338 1018 1382 se
1035 1317 1076 1383 ad
1093 1317 1293 1384 occidentem

154 1447 216 1510 per
240 1447 338 1490 unam
364 1426 533 1508 antiquam
558 1425 642 1490 viam
668 1424 710 1489 ad
726 1447 824 1490 unam
839 1425 981 1508 pelidem
998 1421 1081 1511 (igy)
1097 1425 1140 1491 ad
1156 1431 1293 1510 septem·

74 1519 80 1529 ’
156 1533 274 1598 trionis
291 1528 384 1618 (lgy),
400 1553 458 1615 per
473 1553 626 1615 magnam
651 1532 737 1596 viam
761 1532 849 1596 venit
865 1530 907 1597 ad
923 1532 1072 1598 arborem
1089 1532 1162 1598 thul
1178 1533 1211 1596 in
1228 1554 1294 1617 qua

156 1647 208 1705 est
223 1647 311 1704 meta
328 1647 444 1722 terrea,
460 1639 535 1704 inde
550 1639 720 1723 paululum
736 1639 884 1722 procedit
899 1661 957 1723 per
973 1638 1106 1706 eandem
1122 1641 1207 1706 viam
1223 1661 1294 1724 per-

155 1749 288 1813 veniens
305 1747 348 1812 ad
364 1747 512 1813 arborem
528 1747 602 1812 thul
619 1749 676 1813 ubi
702 1754 751 1812 est
775 1753 864 1812 meta
888 1754 1005 1832 terrea,
1030 1747 1104 1812 inde
1129 1747 1236 1812 tendit
1252 1747 1295 1813 ad

155 1855 270 1920 villam
285 1853 408 1938 Vylolu
424 1853 480 1919 ubi
496 1861 544 1920 est
560 1855 657 1922 arbor
673 1856 764 1919 nucis
785 1876 912 1938 magna,
937 1855 1052 1920 deinde
1076 1877 1135 1940 per
1159 1855 1295 1920 eandem

155 1961 292 2047 plagam
307 1963 401 2028 iuxta
416 1983 515 2028 unum
531 1969 662 2048 pratum
679 1963 721 2028 ad
732 1963 896 2047 quandam
906 1963 1054 2028 arborem
1065 1963 1293 2048 gumulobenfa

157 2069 293 2154 dictam,
318 2071 394 2136 inde
417 2093 476 2156 per
492 2071 627 2136 eandem
652 2078 780 2156 partem
805 2072 891 2136 inter
916 2072 1024 2136 vineas
1056 2070 1294 2138 inaccendendo

155 2180 247 2244 venit
262 2179 305 2243 ad
322 2179 471 2244 arborem
487 2180 585 2262 nucis,
602 2179 677 2246 inde
694 2179 736 2245 ad
752 2186 896 2245 montem
913 2181 996 2244 etin
1012 2180 1132 2245 vertice
1153 2178 1295 2244 eiusdem

154 2289 277 2352 montis
303 2288 464 2353 tendendo
494 2289 588 2352 iuxta
612 2290 721 2352 vineas
746 2289 920 2352 existentes
946 2289 980 2352 in
1011 2290 1177 2354 territorio
1209 2294 1295 2352 terre

155 2394 253 2460 Zana
268 2402 391 2480 vocate,
407 2395 521 2460 deinde
537 2417 595 2480 per
611 2395 747 2460 eundern
770 2403 913 2461 montem
938 2396 1044 2461 tendit
1069 2397 1112 2462 ad
1137 2398 1295 2462 orientem

156 2511 194 2567 et
209 2505 357 2587 pervenit
372 2503 414 2567 ad
430 2525 528 2568 unam
552 2505 639 2569 viam
654 2503 833 2587 lapidosam
851 2504 906 2568 ubi
932 2511 980 2568 eet
1005 2511 1093 2568 meta
1118 2509 1234 2586 terrea,
1250 2502 1296 2567 ibi

156 2611 350 2694 distingitur
374 2632 394 2675 a
419 2612 512 2677 metis
528 2618 615 2676 terre
631 2617 741 2676 nostre
765 2611 892 2677 Thurul
919 2619 1041 2696 vocate,
1056 2611 1131 2676 inde
1147 2611 1296 2676 similiter

155 2719 203 2785 ad
219 2721 377 2784 orientem
392 2721 426 2784 in
441 2721 543 2784 latere
560 2719 702 2785 ciusdem
719 2721 838 2785 montis
862 2719 995 2784 divertit
1020 2719 1062 2784 ad
1086 2742 1186 2785 unam
1202 2718 1296 2786 arbo·

155 2849 228 2892 rem
244 2826 412 2910 magalfou
428 2826 549 2891 dictam
565 2827 675 2910 ibique
691 2827 894 2892 terminatur.
920 2826 1047 2892 Datum
1071 2826 1153 2892 feria
1179 2827 1292 2911 quinto

155 2937 308 3020 proxima
324 2939 399 3020 post
415 2934 610 3001 dominicam
626 2933 650 2999 J
652 2934 757 3017 udica,
782 2957 867 3000 anno
890 2933 1010 3000 domini
1027 2933 1081 2999 Μ0
1098 2931 1296 3003 00001111-

155 3046 239 3110 simo
256 3045 369 3110 tercio.

268 3207 427 3273 Hatlapjan
445 3207 595 3258 hosszdkas
614 3207 708 3272 pecstt
726 3209 903 3272 nyomaival;
928 3207 1062 3271 eredetiJ'e
1090 3221 1123 3257 az
1152 3221 1221 3256 orez.
1241 3206 1296 3256 11111·

154 3301 259 3352 kinost.
282 3304 352 3350 oszt
372 3301 405 3350 N.
425 3301 458 3350 R.
478 3300 511 3350 Α.
533 3303 610 3350 1507.
631 3305 655 3351 5.
675 3300 740 3363 dipl.
760 3299 831 3349 ltar:
847 3301 925 3347 2145.
944 3297 1042 3348 szli:
1062 3297 1142 3362 Nagy
1162 3297 1260 3362 Gyula.

677 3500 703 3507 ο-
713 3499 808 3507 -.-..-—

643 3741 647 3756 2
705 3699 756 3761 60.

160 3868 263 3931 1323.
281 3864 391 3942 Bada,
417 3875 509 3927 mart.
528 3864 579 3926 20.
605 3863 752 3925 Demeter·
776 3859 838 3922 tir.
863 3859 1093 3922 lctrnolcmestcr
1118 3856 1299 3942 11111111-

158 3975 387 4062 davtfb'lktri,
403 3976 486 4059 boqy
503 3971 625 4057 Kollay
644 3969 771 4034 Ldazlo't
787 3970 820 4032 cs
834 3969 960 4032 [11111111
977 3966 1104 4052 Semjc'n
1115 3964 1298 4052 belysc'qbca

227 4080 727 4170 991111111111111111111191111
743 4077 1000 4164 pynlcorlctdban
1017 4079 1138 4162 bopyjo
1157 4099 1233 4160 neap.

275 4241 455 4328 Magnifice
471 4241 613 4327 principi
629 4239 783 4324 Philippo
809 4238 957 4324 palatino
983 4237 1093 4302 comiti
1118 4235 1158 4299 de
1178 4234 1300 4322 Scepus

158 4363 196 4422 et
215 4353 255 4418 de
272 4352 397 4438 Wyvar
413 4351 601 4417 Demetrius
627 4351 782 4432 magister
807 4348 1047 4412 tavernicorum
1071 4344 1193 4409 domini
1217 4345 1302 4427 regis

160 4485 277 4530 comes
301 4461 470 4527 Baciensis
486 4467 519 4526 et
535 4455 799 4543 Trinchyniensis
809 4455 1028 4540 proximitatis
1039 4453 1183 4518 debitum
1199 4452 1302 4517 incre-

157 4577 324 4655 mentum,
340 4570 522 4636 nobilitatis
538 4574 643 4634 vestre
659 4566 851 4650 proximitas
863 4565 1015 4648 dignetur
1032 4571 1064 4628 et
1079 4562 1158 4627 velit
1173 4561 1302 4626 remini-

154 4681 220 4765 sci,
239 4679 328 4766 quod
345 4680 387 4746 ob
414 4680 630 4745 reverenciam
655 4676 826 4761 specialem
853 4682 885 4740 et
911 4673 1132 4740 erninencioris
1158 4673 1302 4736 amicicie

1156 4779 1195 4842 5*
