3152 5472
651 493 840 546 nnrounoru
856 481 1073 546 orsrlurrln.

829 880 903 945 516.

299 1044 395 1110 1332.
404 1045 481 1130 juo.
497 1045 550 1110 20.
566 1040 598 1109 A
616 1041 716 1109 dedat
731 1042 895 1130 kdptoloo
912 1041 1060 1108 11666έό61
1075 1041 1297 1131 lcirdlyndnut·
1304 1043 1439 1128 jeten-ti,

295 1153 378 1238 kopp
394 1175 415 1217 6
431 1151 591 1238 teijesc‘tolt
615 1151 778 1238 uizapctlat
802 1155 884 1216 etde
908 1151 1146 1236 mepppczudoo
1170 1153 1275 1232 arrdl,
1301 1154 1387 1238 leoqy
1414 1175 1439 1215 6

296 1259 544 1346 marqituzipcti
575 1259 721 1346 apdcza‘lc
751 1257 1002 1346 dvcdcfeihc'oc'zi
1027 1259 1183 1345 patotdjo
1205 1259 1323 1324 meliert
1328 1259 1438 1346 fetuel

450 1367 529 1434 telelc
545 1391 566 1433 o
582 1367 737 1452 kirdlyot
753 1367 873 1433 azabud
888 1365 1105 1432 readclkoze'ae
1121 1367 1205 1433 alatt
1220 1367 1277 1433 cll.

406 1524 1435 1613 SerenissimedomineElisabeth..regine..oapitulumeccle·

298 1637 344 1702 sie
354 1634 514 1703 Budensis
525 1687 531 1702 .
543 1687 550 1704 .
561 1637 686 1703 litteras
696 1641 802 1702 vestre
812 1635 998 1704 serenitatis
1013 1635 1192 1721 recepimus
1202 1636 1235 1701 in
1247 1635 1309 1702 hec
1318 1635 1435 1702 verba:

296 1744 490 1812 Elisabeth.
507 1795 514 1811 .
530 1745 643 1830 regina
661 1743 804 1830 capitulo
821 1744 954 1812 ecclesie
973 1743 1134 1811 Budeusis
1150 1795 1157 1810 .
1174 1795 1181 1810 .
1201 1744 1299 1811 datur
1330 1744 1431 1810 nobis

298 1853 436 1936 intelligi
464 1852 551 1938 quod
567 1851 708 1938 quedam
730 1853 828 1920 sessio
853 1873 955 1920 vacua
980 1859 1013 1920 ct
1039 1853 1080 1920 ab
1111 1853 1248 1939 antiquo
1280 1853 1435 1919 desolata

298 1963 391 2028 iuxta
405 1961 566 2046 palacium
585 1961 810 2045 religiosarum
827 1983 975 2029 sororum
991 1961 1032 2028 (16
1046 1961 1155 2028 166616
1178 1961 1275 2030 beate
1294 1962 1432 2048 virginis

297 2071 444 2155 leporum
459 2073 572 2136 vocata
587 2069 621 2134 iu
636 2069 714 2134 villa
729 2068 962 2136 cruciferorum
978 2069 1018 2136 de
1035 2067 1158 2138 Calidis
1173 2067 1284 2155 Aquis
1305 2077 1432 2156 aparte

299 2177 462 2262 aquilonis
478 2177 665 2244 immediate
681 2177 823 2244 existens
838 2177 880 2244 ad
895 2183 1041 2245 nostram
1067 2179 1245 2262 reginalem
1272 2179 1436 2245 excellen-

301 2285 383 2352 ciam
400 2285 586 2370 pertineret,
614 2305 678 2370 quo
695 2286 780 2352 circa
795 2285 947 2354 fidelitati
962 2292 1065 2354 vestre
1082 2287 1299 2373 precipientes
1316 2287 1436 2354 demvm

299 2391 437 2460 firmiter
451 2393 485 2458 in
501 2392 672 2476 mandatis,
698 2401 858 2479 quatenus
874 2401 1017 2462 vestrum
1032 2395 1171 2463 mittatis
1186 2396 1353 2463 hominem
1369 2417 1433 2481 pro

299 2501 482 2568 testimonio
494 2499 558 2567 fide
575 2501 708 2586 dignum
734 2525 798 2588 quo
824 2509 973 2588 presente
988 2503 1121 2572 Blasius
1145 2504 1186 2572 de
1210 2505 1319 2592 Ny'elr'
1333 2506 1433 2571 homo

299 2615 408 2676 noster
424 2609 605 2676 accedendo
622 2609 783 2696 adipeam
807 2611 916 2677 villam
941 2611 981 2678 de
998 2611 1122 2680 Calidis
1138 2613 1247 2700 Aquis
1264 2613 1434 2700 prefatam

299 2719 471 2785 sessionem
486 2719 577 2784 iuxta
592 2719 755 2804 palacium
770 2726 1025 2786 memoratarum
1049 2720 1254 2789 dominarum
1279 2722 1432 2788 habitam

299 2825 491 2913 reimpediat
512 2827 639 2893 nomine
663 2831 777 2893 nostro
803 2833 836 2893 et
859 2829 940 2894 sciat
965 2847 1004 2896 ac
1033 2829 1181 2914 inquirat
1212 2829 1433 2921 omnimodam

300 2936 470 3002 veritatem
497 2940 607 3002 utrum
632 2935 702 3020 ipse
726 2936 825 3003 sessio
861 2935 904 3004 ad
929 2942 1075 3004 nostram
1100 2939 1141 3006 de
1166 2941 1237 3005 iure
1268 2940 1435 3023 pertineat

300 3043 521 3112 celsitudinem
535 3065 594 3110 nec
610 3065 660 3129 nc,
676 3047 798 3131 etpost
822 3043 882 3110 hec
896 3051 995 3130 prout
1010 3045 1100 3114 vobis
1115 3048 1235 3114 veritas
1248 3047 1443 3113 constiterit·

300 3150 340 3218 de
367 3151 480 3220 eedem
505 3151 598 3219 nobis
622 3150 764 3218 fideliter
788 3153 981 3220 rescribatis.
1012 3153 1138 3222 Datum
1168 3157 1203 3222 in
1234 3155 1433 3242 wysegrad,

300 3260 434 3329 sabbato
450 3261 684 3346 proximoante
700 3266 828 3330 octavas
844 3261 1086 3352 Penthecostes,
1112 3286 1197 3332 anno
1223 3265 1347 3332 domini
1371 3263 1432 3330 Μ0

301 3367 402 3437 0000
417 3365 548 3434 XXX⁰
563 3367 714 3436 secundo.
729 3367 801 3438 Nos
816 3371 918 3454 igitur
933 3379 1039 3439 vestre
1054 3373 1238 3440 screnitatis
1265 3373 1432 3440 mandatis

301 3477 486 3545 obedientes
502 3482 541 3544 ut
556 3483 704 3544 tenemur
730 3499 801 3544 cum
817 3481 965 3564 predicto
980 3481 1092 3549 Blasio
1109 3482 1150 3549 de
1174 3481 1208 3550 N
1208 3483 1273 3568 yclr
1296 3483 1429 3550 homine

299 3591 406 3656 vestro
425 3587 618 3673 magistrum
642 3587 668 3654 J
669 3587 827 3656 ohannem
853 3589 1069 3658 sublectorem
1092 3599 1239 3659 nostrum
1275 3591 1316 3658 ad
1342 3611 1430 3658 exse

299 3695 462 3779 quendum
479 3694 518 3761 de
532 3695 698 3781 premissis
712 3697 882 3764 veritatem
897 3721 956 3785 pro
977 3701 1164 3768 testimonio
1188 3701 1431 3782 destinavimus,

300 3803 357 3888 qui
373 3803 503 3869 demum
519 3802 562 3868 ad
574 3825 633 3871 uos
647 3805 767 3872 reversi
784 3804 876 3872 nobis
903 3808 1108 3875 concorditer
1131 3809 1317 3876 retulerunt
1342 3805 1430 3894 quod

298 3914 398 3996 prout
422 3910 465 3976 ab
489 3909 673 3978 hominibus
689 3912 871 3998 hospitvlrus
894 3916 1044 3984 videlicet
1068 3917 1107 3984 de
1132 3918 1299 3986 suburbia
1331 3919 1430 3984 castri

298 4015 461 4084 Budensis
485 4018 572 4085 etde
598 4017 717 4086 eisdem
735 4019 858 4088 Calidis
874 4021 982 4109 Aquis
1006 4027 1088 4093 scire
1112 4029 1295 4112 potuissent
1325 4027 1429 4112 ipsam

299 4148 435 4193 vacuam
460 4127 634 4194 sessionem
659 4129 749 4198 iuxta
773 4131 936 4216 palacium
959 4135 1178 4219 predictarum
1204 4138 1430 4223 religiosarum

300 4231 504 4302 dominarum
521 4256 541 4300 a
556 4241 650 4322 parte
660 4238 823 4322 aquilonis
832 4240 1019 4309 immediate
1029 4245 1219 4311 existentem
1230 4246 1274 4312 ad
1287 4251 1429 4312 vestram

299 4345 478 4427 reginalem
511 4343 734 4412 celsitudinem
765 4350 927 4433 pertinere
957 4353 1154 4421 invenissent
1185 4359 1218 4421 et
1252 4357 1430 4424 scivissent.

299 4449 427 4519 Datum
442 4451 579 4520 sabbato
595 4455 741 4539 proximo
759 4463 832 4541 post
848 4457 966 4526 festum
992 4459 1147 4548 Corporis
1173 4464 1317 4551 Domini,
1341 4485 1429 4532 anno

300 4559 442 4626 eiusdem
458 4559 512 4625 Μ0
528 4559 629 4629 000ο
644 4560 775 4630 XXX⁰
790 4566 940 4634 secundo.
