3112 5466
556 443 649 506 1325.
665 461 752 505 surr.
770 445 821 506 22.

651 840 723 902 194.

123 1003 217 1067 1325.
234 1013 311 1089 sept.
331 1005 380 1066 15.
406 1003 453 1068 rlz
480 1005 550 1090 apri
574 1003 733 1089 lrriplalon
750 1003 822 1067 elau
842 1001 980 1068 Gercrca
1006 1026 1106 1066 courcs
1131 1002 1250 1086 leriupu

122 1112 235 1196 Irippo,
256 1111 362 1196 Ululyi
377 1113 503 1198 Miluilp
518 1112 639 1194 ficiculo·
656 1111 810 1175 Pc‘lcrnch
830 1119 972 1196 &arcppa
990 1134 1010 1172 o
1037 1109 1157 1192 Kcillop
1183 1132 1249 1172 rsa-

121 1219 274 1284 lrirlbclr'elo
291 1220 373 1284 chal
389 1220 559 1284 hithartbol
583 1221 615 1284 e's
641 1219 890 1304 hozomu'upriho'l
915 1217 988 1282 colii
1014 1218 1249 1301 lrieliqitirtcacii

581 1328 794 1413 rapilvciuiija.

226 1486 295 1552 Nos
312 1487 489 1570 capitulum
515 1489 649 1552 ecclesie
674 1484 845 1570 Agriensis
871 1485 984 1550 damus
1007 1508 1066 1569 pro
1083 1487 1246 1568 memoria,

121 1595 206 1679 quod
222 1595 377 1677 magistro
403 1595 586 1660 Laurencio
611 1594 678 1660 filio
703 1597 830 1660 comitis
856 1593 1009 1660 Gereuen
1035 1601 1245 1679 procuratore

120 1703 236 1769 nobilis
252 1703 379 1769 donnus
395 1702 460 1768 filie
476 1704 619 1769 eiusdem
637 1705 763 1769 comitis
783 1702 936 1769 Ger-suen
962 1705 1081 1769 sororis
1098 1725 1155 1768 suc
1171 1705 1245 1768 reli-

121 1819 168 1876 cte
186 1811 280 1877 Petri
296 1811 355 1876 filii
378 1811 551 1878 Michaelis
577 1811 635 1876 filii
660 1812 763 1877 Wbul
789 1835 861 1876 cunr
885 1813 1118 1896 procuratoriis
1145 1811 1247 1878 literis

120 1920 308 1984 venerabilis
323 1921 357 1983 in
374 1918 506 1985 Christo
522 1921 626 2004 patris
643 1920 762 1984 domini
780 1921 882 1984 nostri
903 1919 1088 1985 Chanadini
1104 1920 1155 1984 clei
1173 1941 1244 2002 gra-

121 2029 168 2092 cia
184 2029 323 2112 episcopi
341 2028 483 2092 eiusdem
510 2029 644 2094 ecclesie
672 2050 729 2112 pro
756 2027 867 2093 eadem
894 2027 1024 2094 domina
1049 2051 1160 2094 sorore
1185 2050 1245 2093 sua

120 2157 156 2200 ex
171 2159 236 2201 una
251 2145 354 2222 parte,
371 2137 412 2202 ab
428 2137 534 2202 altera
549 2157 624 2201 vero
643 2134 667 2199 J
670 2136 797 2201 ohanne
823 2135 889 2202 filio
916 2135 1075 2220 Stephani
1104 2135 1161 2200 filii
1180 2134 1242 2200 Mi-

120 2245 236 2310 chaelis
253 2245 313 2310 filii
328 2245 432 2310 Wbul
449 2245 489 2310 de
506 2244 711 2328 Nogsemyen
736 2267 796 2328 pro
823 2266 855 2309 se
873 2251 906 2308 et
931 2267 989 2328 pro
1014 2244 1115 2309 Petro
1141 2266 1244 2309 sacer-

120 2353 198 2436 dote,
214 2351 381 2437 Stephano
398 2359 430 2438 et
445 2353 584 2418 Nicolao
601 2351 756 2417 iratribus
773 2353 849 2435 suis,
868 2353 947 2416 item
964 2374 1022 2436 pro
1038 2351 1195 2416 Ladislao
1212 2357 1246 2416 et

119 2459 276 2526 Michaele
292 2459 368 2525 filiis
385 2462 527 2526 eiusdem
543 2461 716 2525 Michaelis
740 2459 800 2524 filii
826 2459 930 2524 Wbul
946 2460 1104 2544 patruelis
1120 2461 1186 2524 suis
1204 2459 1243 2524 de

120 2569 224 2634 eadem
243 2591 352 2635 coram
368 2570 460 2634 nobis
476 2569 690 2653 personaliter
706 2569 900 2650 constitutis,
926 2589 983 2650 per
1008 2568 1113 2650 ipsum
1138 2569 1239 2650 magi-

120 2686 217 2743 strum
241 2677 461 2743 Laurcncium
487 2679 688 2762 propositum
715 2678 832 2760 extitit,
858 2677 946 2761 quod
971 2697 1068 2760 super
1093 2677 1242 2742 omnibus

120 2788 218 2851 causis
235 2785 377 2852 eiusdem
394 2785 521 2852 domine
547 2787 666 2852 sororis
682 2807 738 2852 sue
754 2786 873 2870 Kynge
890 2787 1053 2852 nominate
1075 2807 1156 2868 quas
1171 2786 1241 2870 ipse

117 2895 184 2958 rice
199 2901 231 2959 ct
245 2895 372 2960 nomine
389 2895 491 2978 ipsius
507 2893 635 2960 domine
652 2896 782 2960 racione
805 2895 889 2960 dotis
907 2903 939 2959 et
963 2917 1073 2960 rerum
1098 2893 1240 2978 parafer-
1263 2949 1264 2952 ,

118 3003 234 3068 nulium
264 3003 408 3068 eiusdem
441 3004 592 3068 movisset
626 3003 825 3086 usquemodo
859 3004 908 3068 vel
935 3003 1101 3068 habuisset
1127 3008 1240 3067 contra

117 3112 200 3194 ipsos
214 3110 296 3177 filios
312 3110 472 3195 Stephani
488 3117 520 3176 et
536 3110 620 3176 filios
636 3111 808 3177 Michaelis
819 3118 1009 3195 prenotatos
1020 3112 1081 3176 sibi
1092 3117 1124 3175 st
1135 3109 1239 3175 eidem

117 3217 239 3284 domiuo
255 3240 312 3303 per
328 3217 456 3284 eosdem
472 3217 558 3285 filios
574 3219 733 3303 Stephani
750 3227 782 3286 et
805 3221 887 3286 filios
912 3219 1083 3285 Michaelis
1111 3218 1239 3283 omuino

116 3325 269 3391 extitisset
285 3325 488 3392 satisfactum
505 3377 535 3392 ..
561 3327 686 3394 Datum
711 3329 746 3394 in
778 3330 899 3394 octavis
924 3327 1118 3394 Nativitatis
1145 3325 1240 3391 beate

115 3433 249 3516 virginis,
274 3455 360 3501 anno
377 3435 498 3500 domiui
513 3435 568 3500 M⁰
584 3433 686 3503 0000
701 3436 793 3503 XX⁰
809 3437 931 3521 quinte.

215 3581 344 3630 Zrtrlatan
358 3581 452 3644 penset
464 3582 641 3646 nyomaival;
662 3583 793 3649 eredetije
816 3599 832 3633 a
854 3583 886 3632 N.
901 3583 1093 3641 Muzeumbau,
1107 3595 1124 3629 a
1137 3579 1238 3642 Kalloy

115 3680 148 3715 cs.
162 3669 229 3720 lban.
248 3670 347 3721 Kozli:
369 3671 494 3736 Taganyi
506 3669 540 3721 K.

114 4159 204 4222 1325.
220 4170 293 4244 sept.
311 4165 363 4222 22.
381 4157 410 4222 rl
427 4161 545 4244 schrerc'
555 4160 715 4244 loriplolou
731 4161 802 4224 elau
824 4158 1017 4245 Toruollyui
1028 4159 1161 4241 Bolulyi
1172 4157 1241 4224 Go'l

102 4267 168 4344 fiai
186 4268 285 4333 Zoraa
312 4278 390 4332 oculi
410 4267 530 4332 Garna-
555 4270 737 4354 co'rrueppci
761 4268 946 4332 hir-tohulrut
979 4269 1109 4332 arcuali·
1132 4268 1238 4332 Juuos

501 4377 634 4458 ιίίαἰηαίε
652 4377 830 4442 olorokililr.

217 4530 401 4617 Capitulum
411 4535 544 4600 ecclesie
561 4537 648 4602 boati
665 4535 801 4602 Martini
813 4539 852 4604 cle
863 4537 986 4624 Scepus
1003 4590 1010 4604 .
1028 4589 1034 4604 .
1052 4539 1094 4604 acl
1110 4541 1236 4605 uuiver-

110 4661 217 4708 sorum
241 4643 601 4712 noticium..v01u1nus
626 4645 802 4731 por-venire,
828 4647 916 4732 quod
941 4646 1094 4715 Johanue
1132 4648 1236 4716 Petcu
