3154 5474
367 505 431 566 506
720 518 908 566 aucensem
924 507 1141 566 ouulurrln.

365 682 463 746 sionis
480 681 709 766 apostolorum,
726 702 811 746 anno
828 680 949 746 domini
961 679 1142 747 Millesimo
1154 684 1369 748 trecentesimo
1384 682 1458 746 trice·

366 789 458 872 simo,
474 789 626 873 religioso
636 790 705 855 viro
721 787 824 854 fratre
839 786 1003 854 Michacle
1018 787 1138 854 abbat-e
1148 790 1273 874 prelato
1291 796 1401 872 nostro,
1417 786 1461 872 Sy·

365 918 460 962 mone
471 896 602 982 decano,
612 896 751 964 Nicolao
768 897 912 980 custode,
921 894 1061 963 Herrico
1078 903 1219 982 cantore,
1226 897 1357 966 Nicolao
1368 897 1463 962 celera·

364 1005 423 1088 rio,
449 1005 629 1089 ceterisque
655 1003 811 1071 fratribus
842 1005 963 1071 ibidem
988 1003 1048 1071 deo
1075 1006 1195 1091 iugiter
1209 1004 1425 1077 famulantibus
1437 1011 1462 1069 ct

366 1111 488 1179 devote.

473 1275 570 1340 seggo
582 1275 675 1340 peccet
686 1274 892 1337 wredtkeive13
906 1274 1037 1340 eredetije
1052 1255 1094 1325 ¹reru
1107 1291 1176 1326 orsa.
1191 1277 1246 1327 ltdr
1258 1277 1351 1328 kincst
1371 1281 1429 1326 oszt.
1438 1277 1464 1325 ll.

364 1366 397 1417 R.
412 1365 445 1416 A.
460 1369 520 1417 649.
535 1370 577 1416 24.
591 1365 657 1430 dipl.
671 1365 743 1418 lter:
758 1369 836 1416 2⁶26.
857 1365 954 1417 Kdzli:
974 1365 1078 1416 vincae
1090 1365 1190 1416 Gdbor.

854 1508 1011 1521 Ὴ--ι--α

895 1768 969 1830 433.

367 1929 534 2015 1330.jol.
547 1929 637 1994 aad
648 1930 776 2013 rapitrai
785 1931 944 2017 kdptaloa
955 1933 982 1994 Ι.
993 1931 1119 2016 Kdroly
1128 1931 1306 2018 kircilyaalc
1317 1931 1404 1994 1330.
1411 1933 1465 2012 fuir.

365 2037 485 2102 24-ke'n
501 2038 565 2102 ltelt
582 2062 597 2102 s
610 2037 737 2122 itotebb
752 2040 829 2102 424.
847 2062 889 2103 sz.
904 2063 933 2102 o.
959 2038 1063 2104 liezela
1079 2039 1249 2104 readelete‘t
1263 2041 1400 2118 utimur,
1414 2035 1466 2098 Βέ-

366 2169 421 2210 aes
437 2145 559 2229 floreat
591 2146 756 2210 Dezsliaek
792 2146 943 2211 Pohoban
977 2145 1124 2210 berotto
1156 2147 1231 2213 colo
1261 2143 1466 2211 beiltatdsdro'l

705 2253 874 2339 jelcatese't
890 2256 945 2339 ἴῃς]
952 2253 1139 2340 folytalja:

472 2412 543 2480 Nos
558 2414 659 2498 igitur
674 2465 681 2480 .
698 2464 705 2479 .
726 2435 799 2478 cum
825 2413 938 2478 eodem
964 2412 990 2479 J
991 2413 1078 2478 anka
1102 2413 1232 2480 homine
1256 2419 1362 2480 vestm
1376 2463 1383 2478 .
1398 2463 1404 2477 .
1419 2432 1470 2475 ma·

364 2523 502 2606 gistrum
528 2522 733 2609 Stephanum
749 2523 884 2588 ecclesie
901 2529 1012 2588 nostre
1029 2523 1183 2588 lectorem
1209 2523 1253 2588 ad
1269 2520 1468 2606 exequendum

367 2631 524 2714 premissa
533 2653 592 2716 pro
603 2631 790 2698 testimonio
806 2630 1047 2714 destinavimus,
1061 2631 1348 2716 qui..1·etulerunt
1362 2627 1468 2714 qnodin

370 2737 453 2804 festo
479 2739 565 2805 beati
592 2739 711 2806 Jacobi
735 2739 876 2823 apostoli
902 2739 1047 2823 proxime
1073 2740 1230 2823 preterito
1262 2760 1357 2824 super
1370 2737 1467 2803 facien

368 2843 454 2911 dicte
471 2847 632 2930 particule
665 2855 751 2912 terre
767 2844 926 2912 Pohoban
944 2868 1031 2912 nunc
1047 2847 1212 2913 nominate
1229 2847 1269 2912 de
1285 2848 1354 2930 ipss
1368 2865 1471 2930 posses·

369 2952 458 3020 sione
474 2952 593 3020 Nesice
625 2955 702 3020 olim
733 2955 874 3020 alienate
890 2954 1081 3021 accedentes
1107 2956 1292 3021 convocatis
1308 3006 1314 3020 .
1331 3005 1339 3020 .
1355 2973 1468 3020 comme·

365 3063 471 3128 taneis
487 3063 620 3129 eandem
652 3063 721 3129 fore
736 3063 874 3129 hominis
900 3064 968 3128 sine
993 3063 1112 3128 herede
1138 3063 1323 3129 decedentis
1349 3069 1380 3128 et
1393 3083 1426 3127 ex
1439 3081 1468 3125 eo

365 3171 536 3237 collacioni
552 3179 658 3238 vestre
674 3171 867 3238 excellencie
883 3173 1045 3256 pertinere
1061 3172 1103 3237 ab
1120 3171 1240 3237 eisdem
1256 3174 1438 3258 reperissent
1446 3175 1471 3232 et

365 3279 600 3347 reambulando
616 3281 718 3364 ipsam
736 3301 794 3364 per
810 3285 913 3345 metas
938 3281 1091 3364 antiquas
1110 3279 1350 3347 contradictore
1365 3279 1470 3346 nemine

368 3393 546 3472 apparente
578 3389 767 3454 statuissent
798 3388 903 3453 eidem
935 3389 1044 3454 Deseu
1074 3396 1229 3474 perpetuo
1255 3387 1468 3474 possidendam,

368 3519 467 3580 quam
484 3496 614 3582 quidem
630 3503 716 3562 terre
733 3497 930 3580 particulam
956 3497 1158 3562 circumdant
1182 3503 1216 3564 et
1242 3501 1393 3583 seperant
1405 3499 1472 3560 mete

368 3625 407 3670 ac
422 3605 638 3671 limitaciones
654 3603 878 3689 infrascripte:
897 3606 1012 3689 incipit
1027 3605 1113 3671 euim
1129 3627 1149 3670 a
1164 3605 1269 3670 mvulo
1286 3607 1342 3690 qui
1359 3603 1472 3670 renitet

368 3715 487 3779 transit
502 3712 588 3779 infra
604 3713 644 3778 de
660 3712 802 3796 Pczoley
819 3719 850 3779 et
877 3715 979 3780 currit
1003 3735 1102 3799 supra
1127 3735 1239 3780 versus
1265 3715 1416 3780 orientem
1428 3730 1473 3794 per

368 3843 466 3887 unam
481 3822 566 3887 riam
581 3822 674 3887 iuxta
690 3821 854 3906 quoddam
869 3821 1049 3906 virgultum
1065 3824 1152 3888 circa
1166 3827 1271 3911 metas
1287 3817 1472 3907 possessionis

368 3931 508 4017 Pozole)⁷
525 3931 566 3997 ad
581 3937 686 3996 metas
701 3937 826 3996 terreas
852 3951 916 4014 que
931 3936 1017 3996 mete
1042 3936 1119 3996 sunt
1143 3935 1250 3998 erecte
1274 3932 1362 3996 inter
1375 3945 1473 4014 posses·

370 4041 476 4106 siones
491 4038 633 4125 Poroley
649 4038 815 4106 Ohurmen
833 4043 865 4104 et
881 4038 1050 4124 Pohoban,
1076 4039 1194 4106 abhinc
1218 4038 1365 4105 flectitur
1385 4053 1472 4102 versus

368 4147 535 4214 meridiem
562 4152 595 4214 et
618 4149 651 4212 in
676 4148 833 4214 verticulo
858 4150 978 4214 montis
1003 4149 1173 4232 virgultosi
1199 4148 1304 4213 currit
1329 4169 1387 4232 per
1401 4161 1477 4209 unau

369 4259 517 4324 semitam
534 4279 596 4341 que
612 4262 661 4322 est
677 4263 764 4322 meta
780 4257 865 4322 inter
881 4255 1047 4324 Ohurmen
1073 4263 1105 4322 et
1128 4255 1289 4322 Pohoban
1315 4261 1349 4320 et
1363 4255 1406 4320 ibi
1420 4269 1473 4317 cur·

370 4365 471 4432 rende
487 4366 636 4451 iungitur
663 4366 748 4432 dicte
773 4367 967 4450 possessioni
992 4365 1120 4450 Nesyce
1145 4365 1188 4430 ad
1213 4386 1312 4448 quam
1336 4357 1476 4447 iungendo

370 4473 512 4542 flectitur
527 4498 638 4542 sersus
655 4476 854 4542 occidentem
871 4482 904 4542 et
920 4497 978 4561 per
994 4476 1157 4559 quandam
1182 4475 1301 4540 vallem
1327 4473 1410 4540 dicte
1423 4489 1478 4554 pos·

373 4571 525 4650 sessionis
541 4583 669 4670 Nesyce
685 4583 896 4671 Kyralwelge
912 4589 1059 4652 vocatam
1077 4584 1166 4650 cadit
1189 4584 1309 4648 iterum
1334 4581 1378 4648 ad
1392 4582 1477 4666 ipsun

373 4693 512 4761 rivulum
544 4694 600 4780 qui
616 4693 704 4760 venit
719 4693 762 4758 sd
776 4692 917 4781 Porolep⁷
943 4699 976 4758 et
1000 4693 1045 4758 sic
1071 4692 1295 4760 terminantur.
1327 4685 1478 4758 Datumin
