3152 5472
556 475 740 536 leaenae.
760 474 812 536 23.
1185 476 1249 536 633

120 658 217 739 nobis,
243 676 281 721 eo
301 653 388 740 quod
405 659 506 720 totam
522 653 626 737 ipsam
642 650 875 736 possessionem
894 653 963 737 ipse
989 653 1249 720 sanctimoniales

119 765 243 832 domine
259 784 323 829 nno
340 767 373 827 et
389 761 501 828 eodem
516 761 645 828 nomine
655 760 778 826 scilicet
792 759 942 826 Pethend
955 761 1161 844 nominatam,
1172 782 1248 846 pars

121 879 224 940 autem
240 871 377 938 adversa
393 869 491 936 aliam
506 869 739 954 possessionem
763 867 891 933 Pethen
917 874 950 934 et
975 870 1071 934 aliam
1095 868 1248 935 Pethend

119 983 202 1048 iuter
218 1003 250 1048 se
266 981 400 1046 diuisam
416 984 448 1044 et
464 983 648 1064 separatam
664 975 807 1042 affirmat
823 997 862 1042 ac
872 979 1040 1063 superhoc
1050 977 1142 1043 nobis
1152 977 1248 1063 plena

117 1093 233 1157 ueritas
249 1091 407 1155 hactenus
422 1110 487 1154 non
506 1087 615 1172 potuit
640 1093 787 1151 constare
812 1092 922 1150 utrum
948 1086 1010 1151 due
1036 1086 1159 1151 diverse
1184 1085 1251 1151 sint

117 1201 331 1286 possessiones
347 1201 426 1285 ipsis
443 1199 576 1264 diversis
591 1199 775 1264 nominibus
790 1199 918 1265 Pethen
935 1207 968 1268 et
982 1199 1132 1266 Pethend
1147 1200 1247 1266 nonii-

117 1313 188 1373 nate
212 1307 261 1372 uel
293 1330 357 1373 uno
374 1313 406 1374 et
422 1307 534 1372 eodem
549 1307 677 1372 nomine
692 1305 842 1372 Pethend
867 1329 930 1392 que
946 1309 1125 1392 antiquitus
1150 1307 1250 1374 homi-

118 1439 190 1481 num
206 1422 276 1481 erat
293 1415 619 1501 Zolgagewriensium
630 1436 690 1480 nec
699 1437 749 1500 ne,
759 1417 844 1481 inter
854 1422 962 1501 partes
971 1417 1133 1484 iusticiam
1143 1416 1251 1483 facere

115 1545 308 1608 nequeamus
323 1530 475 1610 pretextu
492 1525 712 1590 contencionis
727 1525 881 1610 predicte,
900 1525 1052 1592 fidelitati
1076 1532 1180 1591 vestre
1205 1575 1212 1592 .
1238 1573 1246 1591 .

116 1633 303 1698 mandamus
314 1640 472 1717 quatenus
490 1633 570 1699 duos
582 1633 905 1700 exvobis..unacum
914 1635 1034 1718 Egidio
1045 1632 1250 1701 etMichaele

115 1739 153 1806 de
165 1738 268 1807 Ohala
278 1741 407 1807 famulis
418 1741 606 1825 'amagistri
618 1741 819 1808 Tathamerii
828 1740 982 1809 Albensis
992 1741 1123 1809 ecclesie
1134 1761 1249 1826 prepo-

116 1848 167 1915 siti
182 1851 254 1916 aula
274 1855 384 1916 nostre
399 1851 651 1918 vicecancellarii
667 1851 852 1918 hominibus
872 1851 990 1918 nostris
1009 1850 1052 1917 ad
1067 1850 1250 1936 predictum

115 1959 300 2024 comitatum
309 1958 539 2026 Posoniensem
555 2009 563 2026 .
579 1980 656 2044 .pro
668 1960 852 2026 testimonio
862 1961 1080 2026 transmittere
1104 1958 1247 2025 debeatis

116 2065 170 2149 qui
185 2065 330 2133 homines
339 2067 445 2132 nostri
455 2116 479 2132 ..
496 2066 556 2132 sub
566 2068 751 2133 testimonio
762 2116 787 2134 ..
804 2067 968 2134 dictorum
982 2067 1149 2134 hominum
1168 2066 1251 2131 viro-

118 2195 189 2238 rum
206 2173 247 2240 ab
263 2174 412 2240 omnibus
430 2173 615 2240 hominibus
631 2225 639 2241 .
655 2225 663 2240 .
679 2171 794 2260 {sciant
809 2225 835 2242 ..
860 2176 1033 2242 veritatem
1067 2195 1163 2259 super
1187 2173 1250 2241 hcc

117 2286 224 2347 utrum
239 2281 385 2366 predicta
401 2283 558 2367 possessio
574 2282 724 2349 Pethend
738 2305 804 2350 una
831 2289 864 2349 et
888 2285 1002 2349 eadem
1027 2284 1069 2348 sit
1094 2305 1167 2348 cum
1192 2283 1250 2348 illa

116 2409 211 2472 quam
227 2411 302 2474 pars
322 2389 459 2456 adversa
479 2390 544 2456 alio
565 2391 695 2457 nomine
720 2390 843 2457 scilicet
867 2390 994 2456 Pethen
1020 2393 1166 2457 nominat
1198 2390 1250 2456 vel

116 2497 239 2562 diverse
255 2497 322 2564 sint
337 2504 370 2564 et
386 2498 448 2564 due
465 2503 497 2564 et
512 2499 590 2583 ipsis
608 2499 742 2566 diversis
761 2498 1100 2583 nominibuerocitate‚
1120 2499 1248 2565 demum

115 2605 193 2670 scita
209 2627 306 2690 super
322 2606 384 2672 hoc
400 2608 495 2691 plena
511 2608 648 2673 veritate
664 2657 689 2674 ..
706 2614 828 2673 terram
836 2608 939 2693 ipsam
951 2629 1006 2672 seu
1015 2609 1246 2692 possessionem

115 2735 210 2799 super
218 2716 454 2799 quacontencio
465 2716 568 2781 oritur
577 2717 681 2801 regali
691 2716 781 2801 prius
790 2737 943 2782 mensura
951 2716 1167 2782 mensurando
1178 2717 1252 2782 esti·

113 2825 213 2888 ment.
222 2822 359 2888 .Datum
365 2823 398 2886 in
412 2821 582 2907 Visegrad‚
588 2823 996 2909 feriasextaproximapost
1004 2823 1121 2890 festum
1132 2822 1252 2889 (lonce-

113 2929 381 3014 pcionisvirginis
393 2931 637 3014 gloriosarum
654 2931 840 2999 dominiM⁰
850 2930 950 2999 000⁰
960 2931 1091 2998 XXX⁰
1101 2931 1253 2997 secundo

113 3037 183 3106 Nos
199 3041 323 3123 igitur.
340 3090 347 3105 .
364 3062 436 3105 cum
455 3039 611 3125 predictis
627 3041 747 3126 Egidio
764 3045 797 3106 et
812 3040 974 3106 Michaele
992 3039 1031 3105 de
1051 3038 1154 3108 Chala
1181 3061 1248 3105 ves-

113 3149 173 3214 tris
185 3148 369 3215 hominibus
385 3199 411 3215 ..
426 3151 599 3234 magistros
614 3147 793 3216 Nicolaum
819 3149 1085 3217 archidiaconum
1101 3149 1251 3215 Hunten·

113 3278 180 3322 sem
197 3261 231 3323 et
244 3255 438 3322 Ladialaum
453 3259 582 3323 nostros
607 3259 888 3326 concanonicos..
920 3257 1070 3324 duximus
1087 3256 1251 3323 destinan-

113 3363 181 3449 dos,
208 3365 263 3449 qui
279 3414 286 3430 .
304 3415 311 3432 .
327 3366 447 3430 reversi
463 3370 580 3450 quarta
606 3369 639 3430 et
664 3368 780 3450 quinta
804 3366 885 3432 feria
908 3367 1055 3452 proxime
1085 3367 1250 3450 preteritis

114 3473 199 3539 hanc
215 3473 253 3538 da
269 3475 424 3557 premissa
438 3473 652 3558 inquisicione
668 3476 834 3541 rescivisse
843 3477 1012 3541 veritatem
1022 3475 1115 3541 nobis
1125 3524 1132 3540 .
1144 3523 1151 3540 .
1162 3480 1249 3540 retu-

112 3585 231 3664 lerunt,
254 3580 341 3664 quod
362 3581 493 3666 quidam
517 3583 643 3649 nobiles
663 3584 702 3650 de
719 3583 844 3650 duabus
863 3584 948 3650 villis
964 3581 1105 3668 Abanya
1129 3583 1250 3648 vocatis

114 3709 153 3756 ac
169 3694 349 3756 castrenses
370 3691 409 3756 de
425 3696 535 3757 sancto
551 3690 714 3759 Michaele
730 3693 885 3758 dixissent
900 3691 1027 3758 Pethen
1045 3697 1077 3757 et
1101 3687 1252 3755 Pethend

111 3796 180 3864 fore
198 3797 279 3863 duas
300 3799 524 3883 possessiones,
550 3799 607 3864 sed
624 3805 763 3883 quatuor
779 3800 902 3866 nobiles
917 3801 977 3866 viri
1002 3801 1041 3865 de
1066 3798 1143 3864 villa
1174 3797 1250 3864 Sce-

111 3903 246 3970 redahel
271 3905 459 3971 retulissent
484 3905 613 3972 Pethen
640 3913 673 3972 et
697 3906 849 3973 Pethend
873 3907 1033 3973 audivisse
1059 3913 1091 3972 et
1122 3908 1250 3973 scivisse

111 4010 194 4076 duas
211 4033 278 4077 esse
293 4014 509 4097 possessiones
527 4019 559 4079 ct
581 4015 732 4099 diversas,
757 4021 836 4082 tunc
853 4036 924 4081 cum
949 4015 1096 4081 homines
1125 4015 1164 4080 de
1189 4014 1250 4079 Pe-

111 4119 191 4185 then
208 4120 369 4204 quandam
395 4128 481 4188 terre
508 4123 700 4206 particulam
726 4124 868 4190 eiusdem
883 4123 1092 4208 possessionis
1122 4122 1249 4189 Pethen

109 4228 249 4294 vicinam
265 4228 456 4294 dominabus
473 4227 769 4298 sanctimonialibus
783 4231 823 4297 de
833 4229 948 4297 insula
962 4231 1127 4316 Leporum
1145 4229 1250 4295 reddi-

110 4338 240 4422 derunt,
257 4339 336 4402 item
351 4337 440 4402 Iwan
457 4339 606 4404 sacerdos
623 4339 662 4405 de
679 4337 876 4406 Sceredahel
890 4340 987 4406 homo
1004 4346 1130 4404 mature
1156 4340 1250 4404 etatis

110 4450 198 4512 sicut
213 4445 366 4511 dixerunt
382 4453 414 4511 et
428 4446 512 4512 bone
529 4448 690 4531 opinionis
715 4449 852 4514 dixisset
867 4449 1028 4514 mediante
1045 4468 1102 4512 sua
1128 4448 1250 4513 consci-

111 4555 206 4620 encia
222 4575 389 4637 nunquam
406 4554 564 4639 audivisse
581 4557 724 4641 aliquam
740 4561 864 4623 terram
879 4554 1006 4623 Petend
1020 4561 1168 4620 vocatam
1194 4553 1249 4619 sed

110 4663 213 4731 solam
230 4661 365 4746 Pethen,
391 4663 470 4728 item
495 4663 629 4730 dixisset
653 4663 737 4729 idem
763 4685 795 4730 se
820 4666 854 4730 in
886 4669 975 4730 statu
1005 4661 1199 4729 sacerdotali
1229 4683 1250 4728 a
