3172 5462
576 438 668 502 1324.
685 455 757 502 usi.
777 440 827 504 17.

659 730 731 792 122.

123 892 220 954 1324.
257 891 425 976 Viseqrdd,
451 895 527 975 mdj.
556 891 605 954 17.
634 890 661 954 Ι.
689 892 816 977 Kdroly
842 893 953 975 birola(
973 893 1261 975 Ddoesfionnos

119 1000 269 1062 bdre'se're
295 1023 333 1062 oz
349 1000 417 1084 cyri
431 999 603 1084 kdptolant
619 999 759 1080 tiridati,
782 1002 864 1085 kopp
880 1024 901 1063 o
923 999 1114 1085 Tbopoloot
1132 1001 1254 1088 scipsa

125 1107 244 1174 Oroszi
268 1108 437 1192 kdzsdqberr
454 1106 673 1194 fcdddlc'toado'
697 1108 755 1170 bid
778 1108 941 1192 dotpddao
964 1109 1157 1196 oizspdlotot
1174 1110 1258 1196 telje·

640 1218 747 1282 sitseo.

232 1357 381 1424 Karolus
396 1407 403 1422 .
420 1407 426 1422 .
443 1379 500 1423 rex
516 1407 523 1422 .
540 1407 546 1422 .
564 1359 708 1443 capitulo
734 1360 867 1425 ecclesie
900 1357 1071 1445 Agriensis
1088 1411 1094 1426 .
1112 1411 1119 1426 .
1135 1362 1259 1428 noveri-

121 1469 164 1532 tis
190 1467 282 1552 quod
306 1468 459 1551 magister
483 1465 653 1533 Johannes
677 1467 762 1534 filius
787 1467 928 1535 Dionisii
952 1469 1057 1535 fidelis
1086 1476 1196 1536 noster
1212 1471 1255 1536 ad

122 1581 273 1640 nostram
298 1575 453 1640 accedens
476 1577 677 1658 presenciam
701 1577 818 1662 petivit
845 1577 932 1662 quod
957 1579 1035 1662 quia
1053 1600 1112 1662 per
1127 1577 1260 1646 flurium

124 1682 325 1768 Thopolnuk
348 1685 382 1748 in
406 1685 607 1767 possessione
630 1685 731 1770 ipsius
756 1683 898 1753 difficilis
924 1692 956 1754 et
971 1689 1079 1772 gravis
1104 1689 1260 1754 transitus

124 1793 252 1878 absque
261 1799 362 1878 ponte
371 1792 548 1859 haberetur
566 1795 627 1860 sibi
637 1817 697 1879 pro
712 1794 862 1862 fidelibus
873 1797 938 1862 suis
948 1797 1090 1863 serviciis
1099 1797 1133 1862 in
1151 1796 1262 1864 eodem

124 1900 226 1968 fluvio
236 1900 484 1985 pontemfaoere
500 1904 533 1966 et
543 1923 671 1968 servare
690 1904 772 1968 acin
787 1905 856 1987 ipso
866 1909 964 1987 ponte
980 1903 1141 1970 tributum
1156 1904 1263 1970 mode·

122 2015 235 2076 ratum
245 2032 265 2075 a
275 2010 517 2076 transeuntibus
526 2012 698 2096 peripsum
707 2018 840 2097 pontem
850 2014 978 2097 exigere
995 2013 1242 2080 concederemus
1255 2040 1262 2096 ;

122 2119 212 2187 unde
238 2119 316 2204 quia
340 2119 431 2184 nobis
456 2141 552 2205 super
576 2120 637 2187 boc
671 2127 781 2186 utrum
806 2142 902 2206 super
925 2121 1023 2188 fluvio
1047 2124 1081 2187 in
1097 2123 1168 2188 looo
1195 2144 1259 2207 quo

122 2229 211 2293 idem
228 2227 323 2294 nobis
339 2227 422 2292 dixit
445 2229 597 2295 videlicet
613 2230 647 2294 in
657 2231 856 2313 possessione
873 2231 1052 2316 suaVruzy
1069 2237 1183 2296 vocata
1194 2237 1262 2297 tam

123 2335 269 2404 difficilis
278 2337 435 2402 transitus
446 2337 622 2405 haberetur
642 2345 679 2404 ut
689 2361 770 2423 pons
786 2339 855 2405 fieri
877 2341 1046 2407 conveniat
1063 2347 1096 2405 et
1112 2345 1263 2424 oporteat

124 2469 186 2512 neo
211 2467 262 2528 ne,
288 2447 406 2511 veritas
431 2467 497 2511 non
521 2452 660 2531 constat,
686 2448 759 2513 ideo
776 2447 929 2514 fidelitati
944 2454 1049 2514 vestre
1064 2449 1260 2532 precipimus

123 2576 183 2638 per
208 2559 376 2636 presentes
401 2559 560 2637 quatenus
585 2554 668 2619 detis
688 2555 850 2621 hominem
877 2563 1023 2622 vestrum
1040 2577 1098 2639 pro
1115 2556 1260 2620 testimo-

123 2664 179 2726 nio
196 2660 403 2745 fidedignum,
420 2684 484 2746 quo
500 2669 650 2746 presente
660 2661 797 2746 Egidius
824 2662 910 2729 filius
926 2663 1052 2748 Mykws
1068 2664 1118 2729 vel
1135 2663 1160 2730 J
1161 2663 1261 2728 oban-

124 2790 182 2833 nes
208 2766 295 2833 filius
321 2768 462 2833 eiusdem
487 2771 591 2836 altero
608 2769 742 2836 absente
757 2771 852 2836 homo
869 2777 982 2838 noster
998 2771 1079 2837 sciat
1103 2771 1213 2837 videat
1230 2777 1263 2837 et

125 2877 276 2961 inquirat
301 2899 397 2960 super
421 2898 459 2943 oo
484 2880 511 2942 si
535 2880 568 2944 in
593 2880 663 2964 ipso
679 2881 751 2946 loco
768 2901 865 2964 super
881 2879 968 2945 dicto
984 2878 1081 2946 fluvio
1097 2902 1177 2964 pons
1193 2879 1263 2945 fieri

125 2987 169 3051 sit
187 2987 390 3052 necessarius
408 2992 440 3051 et
450 2992 584 3071 propter
599 2984 763 3054 difficilem
775 2989 947 3054 transitum
961 2995 1138 3072 oportunus
1148 3011 1208 3054 nec
1224 3011 1264 3052 nc

124 3097 310 3177 veritatem,
329 3101 366 3160 ut
386 3095 499 3160 exinde
518 3095 683 3162 informati
695 3101 834 3162 excerta
854 3097 993 3162 sciencia
1003 3097 1089 3163 dicto
1106 3098 1262 3180 magistro

124 3202 148 3268 J
151 3204 275 3269 obanni
284 3204 391 3286 ipsum
407 3203 565 3268 tributum
586 3205 761 3270 concedere
776 3206 949 3288 valeamus,
966 3211 998 3270 et
1015 3205 1149 3289 posthae
1164 3209 1263 3288 prout

124 3313 217 3378 robis
242 3311 362 3376 veritas
378 3310 418 3375 de
433 3313 597 3394 premissis
615 3335 674 3396 per
693 3312 822 3378 eosdem
847 3313 1032 3379 eonstiterit
1048 3313 1141 3378 nobis
1158 3311 1262 3377 fidoli-

123 3429 175 3485 ter
185 3419 381 3485 rescribatis
398 3418 523 3484 Datum
538 3421 572 3484 in
582 3420 790 3504 Vysegarrad
802 3419 885 3506 (igy)
902 3422 935 3484 in
952 3420 1123 3504 quindenis
1139 3421 1255 3484 Inven-

124 3529 229 3594 cionis
256 3531 366 3593 sancte
391 3528 503 3610 erucis,
523 3550 607 3593 anno
639 3528 761 3595 domini
796 3527 973 3594 Miliesimo
1005 3525 1106 3595 0000
1136 3527 1259 3592 XX1110

127 3643 258 3722 quarto.

234 3782 276 3832 ΑΖ
289 3781 347 3847 egri
361 3783 548 3846 kept-alannak
564 3787 640 3832 1324.
652 3783 702 3848 jul.
722 3783 781 3834 ldn
795 3784 854 3832 kelt
863 3782 1052 3847 jelenteseben
1066 3782 1164 3844 atti-va,
1190 3784 1263 3846 mely

125 3873 229 3923 szerint
242 3887 260 3921 a
281 3872 414 3935 kriptalan
429 3873 601 3922 »Johannem
621 3873 791 3923 sacerdotem
805 3872 838 3921 de
851 3873 918 3922 War
930 3871 1217 3922 vicearchidiaconum
1230 3873 1263 3922 de

127 3965 251 4012 Borsua«
276 3977 294 4010 a
315 3962 380 4025 hely
403 3961 507 4010 rainere
529 3962 691 4036 kiktlidvdm
717 3978 746 4012 ez
760 3962 787 4010 es
801 3960 896 4025 Egyed
909 3961 946 4010 fia
959 3961 1043 4010 danos
1056 3961 1109 4011 kir.
1124 3962 1217 4012 ember
1232 3977 1264 4011 »a

124 4064 247 4114 quatuor
260 4052 400 4103 iudicibus
414 4057 442 4102 et
454 4067 470 4102 a
483 4053 622 4102 nobilibus
636 4053 757 4102 eiusdem
775 4052 862 4115 partis
876 4065 926 4100 uec
946 4066 1002 4100 non
1022 4051 1120 4101 vicinis
1134 4053 1262 4115 possessi·

124 4146 183 4194 onia
197 4145 295 4209 Vruny
308 4149 336 4193 et
349 4143 383 4193 ab
396 4144 552 4208 hospitibus
565 4144 598 4194 de
611 4145 741 4194 Zatbrnar
759 4150 787 4192 et
800 4144 833 4194 de
845 4144 986 4207 Nemptby
999 4143 1165 4205 inquirendo
1178 4145 1263 4194 talem

123 4236 270 4285 scivissent
280 4234 514 4298 veritatemquoe
529 4270 534 4282 .
550 4250 618 4298 ‚per
631 4235 722 4298 ipsum
735 4235 851 4284 fluvium
866 4249 934 4297 pons
948 4234 1028 4284 valde
1042 4234 1208 4283 necessarius
1222 4249 1262 4284 es-

125 4332 181 4376 set«
196 4363 202 4376 .
217 4362 223 4374 .
238 4326 281 4376 Az
292 4325 352 4389 egri
362 4325 493 4388 kriptalan
504 4324 707 4389 ezenjalentese
720 4325 742 4373 Ι.
755 4324 860 4388 Karoly
871 4323 1018 4386 kiralynalr
1032 4327 1108 4374 1324.
1119 4322 1171 4388 jul.
1186 4323 1262 4374 rr-ki

124 4417 293 4481 megerbstto
315 4414 493 4466 okleveleben
507 4416 646 4466 atiratban
669 4414 878 4480 foglaltatik31.
899 4415 990 4464 alabb.

617 4573 777 4586 *—
