3112 5466
270 520 271 524 Ἰ
321 449 385 508 210
675 464 865 509 1010011001
882 449 1098 510 0011101110.

320 624 395 709 Vyd
414 624 541 689 homine
558 630 665 689 restro
683 625 724 689 ad
741 647 798 690 nos
809 626 927 689 reversi
945 675 951 689 .
967 674 975 690 .
992 625 1175 690 retulerunt
1193 677 1200 690 .
1217 677 1224 690 .
1242 625 1437 708 0001111000-

323 741 433 797 menta
451 733 595 817 ipsorum
619 732 760 797 filiorum
786 732 905 798 Karoli
931 733 1048 815 quibus
1064 733 1284 800 mediantibus
1299 734 1379 798 idem
1393 756 1438 816 pa·

323 849 503 907 torcorum
529 842 652 906 adicto
669 841 798 905 domino
809 840 965 906 1101110100
991 841 1154 924 quondam
1180 863 1257 925 rege
1283 841 1437 924 Hungarie

321 951 424 1032 ipsam
451 951 685 1034 possessionem
713 948 830 1014 Araarl
860 950 1084 1032 acquisivisset
1108 951 1141 1013 in
1168 950 1263 1014 domo
1283 949 1439 1015 casualiter

319 1058 470 1123 ambusta
499 1059 707 1123 exstitissent.
737 1058 864 1123 Datum
889 1059 923 1121 in
949 1057 1032 1123 sesto
1058 1058 1146 1123 beati
1164 1058 1289 1124 Thome
1306 1057 1439 1142 apostoli,

319 1189 404 1231 auno
436 1165 631 1249 supradicte.
663 1165 733 1230 Nos
764 1168 865 1249 131101
899 1188 958 1249 per
981 1167 1165 1231 huiusmodi
1192 1218 1199 1232 .
1225 1218 1232 1231 .
1257 1146 1437 1231 relacionem

320 1274 398 1340 dicti
423 1276 557 1359 capituli
575 1325 582 1340 .
598 1325 604 1339 .
622 1297 717 1357 super
743 1297 780 1339 eo
797 1275 884 1357 quod
900 1275 989 1339 dicta
1014 1276 1171 1358 possessio
1196 1272 1313 1340 Araad
1337 1281 1437 1338 vocata

316 1374 378 1466 per¹
390 1383 514 1447 dictum
530 1382 695 1448 dominum
710 1382 903 1448 Ladislaum
928 1405 1037 1465 regem
1060 1383 1205 1467 predicto
1221 1382 1346 1447 Karolo
1361 1380 1437 1465 patri

317 1493 459 1575 ipsorum
479 1490 650 1555 Benedicti
677 1490 832 1574 Kopolch
858 1497 890 1554 et
918 1490 1066 1555 Ladislai
1090 1489 1189 1553 suerit
1214 1496 1367 1573 perpetuo
1382 1488 1437 1551 col·

318 1599 388 1662 lata
405 1604 438 1662 et
454 1599 669 1663 instrumenta
685 1599 799 1663 exinde
820 1598 967 1663 confecta
982 1599 1057 1680 1300
1082 1597 1220 1661 fuissent
1237 1603 1437 1675 concremata,

317 1714 449 1790 recepta
465 1707 664 1771 lucidissima
673 1707 810 1772 veritate
835 1709 868 1770 in
893 1708 1077 1789 litterisque
1094 1706 1335 1770 memorialibus
1351 1705 1439 1787 magi·

319 1815 378 1879 stri
396 1814 501 1879 Eleck
529 1815 654 1878 comitis
680 1815 718 1878 de
743 1814 845 1897 Hung
872 1821 904 1879 et
930 1815 1072 1879 iudicum
1098 1814 1256 1879 nobilium
1285 1813 1323 1877 de
1341 1812 1438 1877 eodem

320 1924 485 1987 intuentes
510 1923 630 1987 dictam
655 1924 889 2005 possessionem
907 1973 913 1986 .
932 1972 938 1987 .
955 1922 1101 2004 quamvis
1126 1921 1223 1986 iidem
1249 1920 1308 1984 filii
1332 1920 1437 1984 Karoli

318 2032 351 2094 in
367 2032 436 2113 ipsa
451 2031 652 2113 possessione
669 2029 803 2112 pacifice
819 2030 956 2095 luissent
967 2038 1075 2094 tamen
1092 2029 1134 2093 ad
1151 2030 1306 2093 maiorem
1322 2030 1395 2092 iuris
1410 2034 1437 2090 et

318 2139 443 2202 iusticie
475 2138 673 2202 evidenciam
704 2160 743 2200 ex
777 2144 888 2202 nostro
918 2139 1008 2221 regio
1040 2138 1195 2202 mandato
1227 2136 1344 2199 eisdem
1373 2133 1437 2197 liliis

318 2246 437 2310 Karoli
464 2247 554 2309 00110
580 2246 708 2328 penitus
734 2244 974 2309 contradictore
992 2245 1150 2309 existente
1170 2243 1267 2308 fuisse
1284 2250 1436 2308 statutam.

319 2353 528 2418 donacionem
545 2353 646 2435 ipsius
665 2354 872 2435 possessionis
883 2373 940 2436 per
950 2353 1072 2417 dictum
1088 2352 1252 2416 dominum
1262 2352 1436 2416 Ladislaunr

318 2482 427 2544 103010
452 2459 599 2544 predicto
618 2459 745 2525 Karolo
770 2467 802 2524 et
818 2462 884 2525 suis
910 2461 1082 2525 heredibus
1107 2461 1228 2525 factam
1253 2459 1436 2525 ratificamus

319 2570 537 2654 approbamus
576 2570 743 2653 ipsamque
781 2570 1012 2652 possessiouem
1043 2568 1159 2633 Araad
1190 2577 1337 2634 vocatam
1376 2588 1434 2631 cum

319 2679 405 2742 omni
424 2677 625 2761 plenitudine
650 2678 698 2742 sui
716 2678 795 2741 iuris
811 2677 851 2740 de
869 2679 1000 2741 consilio
1026 2678 1225 2761 prelatorum
1243 2684 1276 2741 et
1292 2677 1434 2741 baronum

318 2785 410 2866 regni
441 2786 543 2848 nostri
574 2785 693 2849 eisdem
730 2783 910 2847 Benedicto
935 2783 1112 2868 Kopoulch
1137 2791 1170 2848 et
1195 2783 1350 2848 Ladislao
1372 2781 1435 2844 filiis

318 2891 438 2955 Karoli
448 2891 627 2975 supradicti
637 2892 780 2974 ipsorum
796 2890 1009 2955 fidelitatibus
1026 2891 1204 2959 recordatis
1220 2893 1322 2955 eciam
1339 2895 1433 2954 nostre

321 3021 402 3064 nove
418 2999 605 3064 donacionis
616 2999 712 3063 titulo
724 2998 925 3063 conferentes
937 2998 1170 3064 confirmamus.
1182 2998 1309 3063 Datum
1317 3019 1371 3082 per
1380 3017 1436 3060 ma·

320 3128 381 3170 nus
392 3106 522 3171 discreti
533 3107 591 3170 1111
601 3106 747 3188 magistri
763 3105 893 3169 Endree
904 3104 1057 3171 Albensis
1068 3107 1202 3170 ecclesie
1213 3107 1364 3189 prepositi
1374 3103 1436 3169 aule

318 3220 428 3278 nostre
453 3214 708 3279 vicecancellarii
725 3213 835 3278 dilecti
852 3220 885 3277 et
900 3213 1004 3278 fidelis
1021 3216 1131 3296 nostri,
1151 3235 1235 3278 anno
1255 3213 1371 3278 domini
1394 3210 1436 3274 M⁰

320 3320 844 3404 CCC⁰XX⁰quintqduodecimo
855 3320 1011 3385 kalendas
1022 3319 1230 3404 Septembris,
1241 3323 1331 3404 10301
1342 3326 1435 3385 autem

319 3433 422 3496 nostri
441 3453 525 3495 anno
535 3431 683 3494 similiter
699 3430 852 3512 vigesimo
869 3432 991 3511 quinte.
1002 3429 1254 3499 Venerabilibus
1270 3432 1303 3494 in
1321 3429 1435 3494 Oluislo

318 3537 466 3621 patribus
483 3545 516 3602 et
532 3537 669 3601 dominis
700 3537 852 3600 Boleslao
870 3534 1086 3620 Strigoniensi
1112 3545 1145 3602 et
1169 3537 1271 3601 fratre
1295 3535 1434 3600 Ladislao

321 3645 489 3711 Colocensi
514 3646 653 3727 auleque
670 3652 778 3710 nostre
806 3646 1000 3710 cancellario
1021 3646 1280 3728 archiepiscopis,
1301 3645 1435 3709 Johamre

321 3753 488 3836 Nitriensi,
505 3753 684 3818 Benedicta
701 3752 930 3835 Obanadiensi,
942 3751 1080 3817 Nicolao
1091 3751 1117 3816 J
1118 3753 1290 3836 aurinensi,
1307 3749 1435 3830 (1001310

321 3859 497 3943 Sirmiensi,
526 3860 681 3925 Ladislao
699 3859 1045 3943 Quinqueecclesiensi,
1074 3860 1209 3925 Iwanlra
1233 3856 1435 3933 Waradiensi,

321 3969 504 4034 Laurencio
529 3969 704 4048 Waciensi,
730 3968 830 4031 fratre
847 3968 947 4033 Petro
967 3964 1435 4051 Βο11101101,Αο(110011111111-

320 4098 411 4160 vano,
436 4075 582 4140 Henrico
608 4075 853 4158 Wesprimiensi
878 4077 952 4140 aule
969 4076 1223 4160 11010100103100
1250 4072 1434 4149 cancellario,

321 4191 353 4249 et
368 4183 558 4250 Ohanadino
577 4183 732 4266 Agriensi
753 4184 889 4247 dominis
901 4185 1057 4267 episcopis
1074 4185 1224 4248 ecclesias
1244 4184 1296 4248 dei
1315 4182 1436 4247 feliciter

321 4293 588 4375 gubernantibus,
613 4290 791 4373 magnificis
811 4292 986 4356 baronibus
1002 4291 1155 4376 Philippo
1172 4293 1318 4375 palatino
1335 4288 1435 4355 comite

322 4399 526 4484 Scepusiensi
551 4406 584 4465 et
609 4399 648 4464 de
668 4399 808 4482 Wywar,
824 4398 993 4464 Demetrio
1010 4401 1164 4483 magistro
1188 4399 1436 4464 thavarnicomm

321 4516 506 4573 nostrorurrr
536 4510 651 4573 cornito
678 4508 848 4571 Baclriensi
876 4516 909 4572 et
934 4508 1187 4591 Trenclrinieusi,
1223 4509 1339 4573 comite
1370 4502 1436 4570 Ale·

323 4616 447 4681 xandro
486 4617 590 4681 iudice
633 4617 721 4681 curie
761 4623 881 4699 nostre,
924 4615 1050 4681 Thomu
1090 4617 1252 4700 woyuoda
1293 4610 1438 4679 110111111-

1553 1798 1556 1848 r
