3112 5466
368 436 433 497 254
719 452 907 497 uurouuonr
926 439 1142 497 ouuluruts.

364 611 522 678 Nicolaus
538 611 624 677 filius
640 611 770 678 Nicolei
785 612 927 678 filiorum
943 611 1084 678 Berizlai
1111 609 1236 676 nobiles
1262 610 1303 676 de
1327 608 1468 676 Greberiu

365 723 538 786 comitatus
554 720 594 786 de
610 720 723 786 eedem
738 719 870 804 Posaga
885 721 928 786 ab
944 741 1011 785 uua
1025 723 1128 804 perte,
1155 717 1346 802 magnificus
1361 719 1405 784 vir
1418 740 1469 783 rnu-

365 832 465 912 gister
479 829 638 895 Nicoleus
664 830 770 895 dictus
796 829 935 895 Treutul
961 851 1066 895 comes
1090 829 1299 896 Posoniensis
1325 851 1363 894 ex
1386 829 1468 894 altere

363 959 474 1003 coram
499 939 591 1004 nobis
615 939 831 1022 personaliter
862 939 1032 1004 constituti
1060 939 1264 1022 propositum
1296 939 1402 1002 extitit
1427 957 1469 1022 per

364 1046 492 1111 eosdem
509 1096 516 1111 .
534 1097 541 1112 .
557 1053 595 1111 ut
611 1045 882 1130 quemadmodum
906 1045 1163 1130 possessionnria
1189 1045 1303 1110 divisio
1320 1046 1401 1110 inter
1415 1066 1467 1110 con·

363 1153 439 1219 dem
454 1154 566 1237 Vysen
581 1152 775 1219 Michaelem
792 1159 826 1218 et
841 1153 947 1222 Vidus
962 1153 1046 1219 filios
1073 1153 1253 1238 Benedicti,
1278 1153 1466 1218 Benedictun

364 1269 397 1327 et
412 1263 560 1328 Blasium
587 1260 671 1327 filios
696 1260 848 1326 Marcelli
874 1261 915 1326 ab
941 1283 1015 1346 una,
1040 1284 1079 1327 ec
1104 1263 1365 1345 prenominatum
1395 1261 1468 1326 Beri-

363 1373 470 1436 ulaum
485 1369 589 1435 filium
604 1370 748 1436 Berizlai
760 1392 855 1434 auum
872 1391 983 1435 eorum
998 1376 1092 1454 perte
1102 1371 1143 1435 ab
1153 1371 1259 1436 ultera
1279 1370 1469 1436 mediantibus

362 1479 482 1544 litteris
497 1480 617 1544 nostris
632 1479 819 1562 patentibus
829 1500 886 1562 per
903 1480 1054 1544 comitem
1071 1477 1277 1563 Stephanum
1294 1479 1392 1544 filium
1406 1480 1467 1543 eins-

364 1587 437 1651 dem
468 1586 610 1652 Beriulai
640 1583 795 1670 patruum
828 1608 939 1652 eorum
973 1609 1083 1652 coram
1114 1588 1318 1652 serenissimo
1349 1587 1468 1670 principe

364 1694 493 1759 domino
509 1693 636 1759 Korolo
653 1745 659 1758 .
677 1743 683 1758 .
700 1715 776 1777 rege
793 1744 800 1758 .
817 1743 824 1758 .
840 1693 966 1778 pridem
983 1695 1017 1764 in
1032 1695 1138 1778 specie
1163 1696 1360 1778 presentatio
1383 1703 1411 1759 et
1430 1694 1468 1757 lit·

363 1803 442 1867 teris
458 1801 537 1868 dicti
563 1801 684 1866 domini
708 1803 794 1885 regis
818 1803 963 1867 seriatim
988 1803 1119 1867 insertis
1153 1803 1231 1867 olim
1255 1801 1344 1867 facta
1376 1800 1467 1866 fuisset

364 1914 410 1978 sic
426 1917 459 1976 et
473 1931 559 1976 nunc
574 1911 636 1994 ipsi
652 1910 776 1975 scilicet
790 1910 915 1976 nobiles
932 1910 971 1974 de
996 1907 1162 1976 Grabaria
1178 1917 1211 1975 et
1225 1911 1378 1994 magister
1391 1909 1470 1974 Nico·

363 2020 436 2083 lnus
453 2019 592 2083 Treutul
609 2017 744 2083 eandem
760 2017 948 2082 divisionem
973 2018 1059 2082 inter
1084 2038 1118 2082 se
1143 2019 1377 2101 perpetualiter
1393 2039 1469 2084 ..us-

364 2133 573 2212 sumpserunt
603 2147 712 2192 coram
728 2126 821 2192 nobis
846 2125 1088 2208 observandam,
1118 2127 1209 2190 cuius
1226 2176 1257 2191 ..
1284 2127 1469 2193 divisionis„

364 2243 450 2301 mete
466 2241 541 2300 sunt
555 2236 632 2300 bec:
648 2236 754 2319 prima
770 2241 857 2300 meta
872 2235 987 2318 incipit
1011 2235 1103 2299 iuxta
1128 2233 1261 2300 fluuium
1287 2235 1377 2302 Zeno
1391 2255 1471 2318 supra

365 2343 586 2428 Glauichelug
617 2343 660 2409 nb
690 2341 861 2408 arboribus
887 2342 1000 2407 berast
1025 2363 1088 2426 que
1113 2348 1162 2406 est
1187 2341 1332 2408 Berizlai
1356 2367 1375 2410 a
1396 2347 1472 2427 parte

365 2453 517 2518 orientali
542 2458 575 2517 et
589 2452 709 2517 lusurus
726 2471 789 2534 que
805 2456 855 2514 est
869 2449 972 2533 partis
998 2448 1130 2514 adverse
1146 2471 1167 2515 a
1181 2457 1278 2535 purte
1295 2450 1472 2517 occidentali.

364 2562 440 2628 inde
457 2560 593 2626 tendens
608 2579 720 2625 uersus
736 2559 1000 2642 septemtrionem
1010 2558 1053 2623 ad
1069 2555 1236 2643 Oeuyntou
1247 2565 1282 2625 et
1291 2560 1428 2645 pervenit
1440 2555 1472 2621 ad

365 2669 447 2734 duas
463 2667 595 2736 arbores
610 2667 730 2732 luemus
745 2687 808 2751 que
824 2671 872 2731 est
887 2665 1029 2730 Berizlai
1046 2673 1080 2731 et
1095 2666 1208 2732 horest
1224 2689 1288 2751 que
1299 2667 1474 2734 estfilionnu

365 2777 544 2861 Benedicti,
560 2775 636 2841 inde
651 2775 798 2860 peruenit
813 2774 856 2840 ad
881 2774 987 2859 ipsum
1013 2771 1178 2860 Oezynton
1204 2781 1238 2840 et
1261 2777 1308 2841 ibi
1332 2783 1404 2842 sunt
1425 2773 1475 2838 due

366 2886 498 2952 arbores
513 2885 632 2950 keurns
649 2906 712 2968 que
729 2889 778 2948 est
793 2882 935 2948 Berizlai
952 2889 985 2948 et
999 2881 1113 2948 horest
1131 2904 1195 2967 que
1211 2889 1262 2949 est
1276 2883 1411 2950 filiorum
1425 2883 1475 2948 Be-

365 2995 487 3060 nedicti
503 3016 599 3078 super
615 2993 731 3078 quibus
747 2997 823 3058 sunt
838 2993 931 3076 signa
940 2997 974 3056 et
983 2992 1043 3057 sub
1054 2993 1173 3058 eisdem
1183 2999 1269 3059 mete
1281 3001 1365 3059 terre
1383 2993 1475 3074 ibique

365 3104 582 3170 terminantur
598 3153 604 3169 .
621 3153 629 3168 .
644 3102 771 3168 Datum
787 3100 869 3166 teria
885 3101 991 3166 tercie
1005 3103 1154 3186 proxime
1178 3109 1256 3167 ante
1272 3101 1389 3168 festum
1402 3097 1477 3166 beuti

364 3211 475 3296 Egidii
492 3211 621 3278 abbatis
647 3216 680 3277 et
707 3208 907 3294 confessoris,
933 3231 1018 3276 anno
1044 3209 1166 3276 domini
1190 3209 1368 3278 Millesimo
1393 3205 1478 3276 000⁰

365 3320 517 3402 vigesimo
533 3325 634 3386 sexto.

473 3501 498 3550 A
511 3502 598 3552 durna
609 3503 690 3552 vburbs
703 3501 807 3564 selyem
819 3498 948 3550 zuinbron
961 3497 1073 3563 tuggon
1085 3499 1178 3562 pectet
1196 3501 1347 3568 elveszett3
1367 3494 1479 3560 eredetije

364 3605 397 3640 az
419 3604 487 3641 orez.
510 3592 565 3641 lttr
589 3591 687 3640 kincst.
707 3594 773 3640 oszt.
795 3591 828 3640 N.
849 3591 883 3639 R.
905 3591 938 3639 A.
963 3593 1023 3640 689.
1045 3593 1084 3638 13.
1107 3589 1174 3654 dipl.
1197 3591 1272 3642 ltrir:
1295 3597 1374 3642 2373.
1396 3589 1479 3640 szli:

364 3680 445 3745 Nagy
464 3681 562 3746 Gyula.
