3152 5472
653 896 726 962 531.

110 1061 216 1126 1332.
233 1068 310 1146 sept.
327 1059 380 1123 25.
396 1057 545 1126 Szabola
560 1065 729 1146 vdrmeppe
744 1060 897 1145 iapdajai
918 1059 1163 1148 aliapdajaikat
1178 1069 1249 1125 uta-

109 1171 233 1254 ar'tju'lr,
249 1171 333 1256 kopp
357 1187 376 1232 a
395 1169 534 1256 Lanpyel
552 1167 845 1256 Ldazldjobba'ppa
864 1168 947 1234 alsat
973 1168 1196 1235 letartdztatott
1221 1169 1253 1235 ld

496 1276 873 1362 dolpctbaajctrjoaulcel.

224 1438 251 1505 J
252 1437 372 1504 acobus
383 1442 416 1504 et
426 1435 552 1504 Paulus
568 1436 716 1520 magistri
733 1434 793 1502 filii
808 1436 921 1503 Dause
938 1435 1102 1522 quondam
1112 1438 1250 1524 palatini

112 1547 253 1613 comites
271 1547 311 1613 de
327 1546 475 1614 Zabolch
493 1549 525 1612 et
542 1545 711 1612 castellani
729 1543 768 1611 de
794 1541 941 1632 Adryan,
966 1549 1124 1630 magistro
1149 1546 1249 1614 Petro

110 1661 146 1721 et
164 1655 306 1722 Nicolao
331 1655 406 1721 filiis
422 1655 568 1722 Ladislai
592 1655 661 1721 vioe
685 1654 806 1720 nostris
832 1654 1003 1722 comitibus
1029 1655 1069 1721 da
1095 1653 1250 1741 Zabolch,

111 1763 196 1830 dicit
212 1765 304 1832 nobis
320 1761 473 1832 Andreas
489 1764 692 1850 presencium
709 1763 871 1830 exhibitor
887 1762 975 1849 quod
993 1763 1097 1831 Deme
1120 1765 1248 1849 iobagio

110 1869 265 1937 Ladislai
280 1871 338 1938 filii
355 1872 381 1939 J
382 1873 518 1938 ohannis
544 1872 623 1939 dieti
646 1872 773 1956 Langel
789 1895 889 1940 unum
920 1895 1015 1940 suum
1046 1899 1160 1963 equum
1191 1899 1250 1942 aar

111 1982 252 2047 colorem
278 1985 383 2048 vestro
409 1987 542 2066 accepto
558 1981 687 2047 homine
703 1981 783 2047 iuris
797 1982 1037 2068 recaptivasset,
1055 2003 1160 2068 ¹super
1184 2003 1248 2067 quo

114 2093 225 2152 vestre
251 2086 449 2155 fraternitati
469 2088 672 2174 presentibus
697 2087 810 2154 damus
834 2089 869 2154 in
895 2089 1057 2156 mandatis
1089 2093 1249 2174 quatenus

114 2200 154 2260 ut
170 2196 277 2280 ipsum
293 2217 412 2281 equum
427 2197 461 2263 in
478 2197 611 2282 speciali
628 2197 738 2263 colore
756 2198 859 2264 tercia
884 2197 966 2264 feria
990 2199 1139 2284 proxima
1163 2219 1249 2266 nunc

114 2307 257 2370 ventma
273 2305 395 2371 scilicet
410 2306 445 2370 in
459 2303 541 2371 leste
559 2305 662 2371 sancti
678 2303 851 2372 Michaelis
876 2305 1061 2390 archangeli
1086 2307 1248 2374 adsedem

116 2411 322 2478 iudiciariam
339 2417 371 2478 et
385 2414 419 2478 in
434 2414 637 2498 presenciam
667 2412 766 2478 vestri
783 2417 816 2478 et
832 2417 974 2496 quatuor
989 2413 1133 2479 iudicum
1158 2413 1248 2480 nobi-

115 2519 198 2584 lium
216 2519 351 2586 conduci
366 2520 491 2587 faciatis
507 2525 540 2588 et
565 2522 592 2587 si
616 2541 675 2588 nos
699 2520 745 2586 ibi
769 2541 900 2606 presens
925 2520 1037 2587 adesse
1068 2522 1246 2605 poterimus

115 2633 197 2694 tunc
212 2651 278 2694 una
292 2629 459 2695 nobiscum
475 2634 509 2695 et
531 2631 558 2694 si
583 2630 732 2696 absentes
756 2629 807 2694 vel
825 2627 896 2694 fieri
919 2629 954 2695 in
979 2629 1090 2696 eadem
1115 2649 1248 2714 congre-

117 2737 256 2819 gacione
271 2737 383 2804 adesse
399 2756 464 2804 non
480 2738 658 2822 poterimus
678 2742 795 2804 extunc
820 2759 886 2803 uua
902 2759 974 2803 cum
999 2742 1141 2821 quatuor
1166 2739 1248 2803 iudi-

116 2846 209 2912 cibus
225 2846 382 2912 nobilium
398 2851 430 2912 et
447 2847 520 2912 aliis
535 2845 698 2913 nobilibus
714 2847 776 2932 ipsi
792 2843 926 2912 Andrse
951 2850 1122 2932 prenotato
1156 2848 1246 2914 iusti·

116 2957 202 3021 ciam
222 2961 255 3022 et
270 2957 425 3028 iudicium
441 2973 550 3023 verum
567 2956 696 3024 faciatis
714 2978 812 3041 super
836 2955 923 3022 facto
950 2955 1025 3040 equi
1050 2955 1197 3042 predicti,
1215 2962 1248 3022 et

115 3065 206 3130 aliud
222 3067 355 3151 propria
371 3067 632 3133 consideracione
648 3087 713 3132 non
731 3066 849 3132 facturi
865 3066 898 3130 in
922 3065 1095 3151 premissis.
1120 3065 1247 3132 Datum

115 3178 210 3240 sexta
225 3173 307 3240 feria
323 3176 470 3260 proxima
485 3181 561 3242 ante
577 3173 695 3241 festum
710 3173 900 3260 predictum.

159 3347 162 3354 ·
224 3339 355 3405 Paphon,
369 3339 495 3392 zerlattn
507 3337 601 3406 pauset
613 3339 791 3405 nyonraiva13
805 3337 937 3405 eradetiJ'e
946 3352 963 3389 a
972 3338 1005 3391 N.
1019 3337 1246 3403 Muzeumbsn,a

115 3427 219 3495 Ksusy
232 3442 269 3481 cs.
281 3428 402 3481 ltstrban.
412 3427 439 3491 *)

603 3608 763 3620 ι--Δ--ι-ιι-

115 3973 212 4039 1332.
230 3983 288 4038 oct.
304 3977 335 4040 2.
356 3972 387 4040 A
403 3973 667 4063 buduifelbduc'ai
684 3982 816 4040 converet
833 3972 907 4037 elea
922 3995 944 4038 a
955 3971 1048 4060 pe'csi
1059 3971 1190 4060 pttspdls
1215 3973 1248 4039 e's

112 4109 136 4150 o
152 4086 388 4171 marqitezr'pctt'
413 4085 556 4173 opdcaeilc
579 4084 711 4150 Mobdca
728 4086 760 4150 ds
778 4079 870 4148 Chele
895 4081 1043 4148 birtolsolc
1060 4081 1249 4148 haldrdnals

391 4195 622 4280 mapjdrdeu'ra
637 4189 792 4280 mapultat
808 4189 969 4256 kdtelezils.

221 4351 291 4420 Nos
307 4351 410 4420 frater
425 4352 678 4420 Bartholomeus
703 4351 793 4439 prior
819 4353 853 4416 et
877 4353 1053 4417 conventus
1072 4347 1247 4416 crucifero·

113 4483 186 4526 rum
204 4460 339 4527 ecclesie
355 4467 465 4529 sancte
481 4461 655 4529 Trinitatis
681 4461 721 4528 de
746 4458 871 4528 Calidis
901 4456 1009 4542 Aquis
1041 4456 1155 4522 damus
1176 4478 1246 4560 ⁸pro

220 4627 525 4692 *)Azevsztm1332,‚
550 4629 622 4678 mart
647 4624 852 4688 ezentmrnsly
876 4622 961 4688 napja
986 4636 1052 4672 ezerr
1065 4620 1238 4672 idttszakban

111 4717 201 4768 alrlsor
215 4721 287 4768 esett
300 4717 380 4768 keddi
394 4732 489 4781 napae.
