3154 5474
351 434 416 502 490
704 453 891 500 ascensori
908 441 1125 500 ouuisrris.

351 615 467 700 incipit
496 615 538 680 ab
569 616 694 682 criente
721 617 756 679 in
794 615 909 681 arbore
950 616 1042 681 nucis
1082 616 1137 681 ubi
1178 621 1226 682 est
1257 621 1340 682 meta
1369 621 1462 680 terrea

352 725 447 790 terris
486 724 650 790 cumulata
688 729 721 789 et
759 722 923 788 descendit
960 709 994 788 in
1029 723 1168 790 medinm
1198 726 1297 810 ipsius
1321 725 1394 790 ville
1428 725 1461 790 ad

352 832 514 916 quendam
529 832 651 898 fontem
678 832 927 898 scarturientem
953 837 986 897 et
1011 831 1198 898 transiendo
1222 832 1360 898 rivulum
1375 835 1461 918 ipsius

350 941 450 1007 fontis
466 939 570 1007 flectit
584 962 617 1006 se
632 961 743 1007 sersus
760 940 959 1007 occidentem
975 945 1008 1006 et
1022 942 1112 1008 venit
1136 942 1179 1008 ad
1203 942 1365 1028 quandam
1380 942 1460 1008 arbo

352 1071 421 1115 rem
436 1051 525 1135 pomi
541 1056 574 1116 et
590 1055 639 1116 est
653 1049 701 1116 ibi
717 1071 782 1115 una
798 1057 885 1116 meta
901 1055 1008 1115 terrea
1023 1049 1134 1137 ibique
1158 1053 1360 1134 terminatur,
1383 1050 1461 1116 cuius

351 1157 508 1224 medietas
524 1179 544 1224 a
559 1163 651 1243 parte
666 1179 751 1244 aque
766 1157 920 1224 Karesou
935 1160 1082 1224 cessisset
1098 1160 1132 1224 in
1148 1161 1333 1244 porcionem
1348 1158 1462 1225 comitis

349 1267 448 1334 Pauli
464 1273 497 1334 et
511 1266 571 1332 filii
588 1269 637 1334 sui
654 1268 718 1334 alia
734 1289 808 1334 vero
825 1267 981 1334 medietas
997 1290 1018 1334 a
1034 1269 1166 1336 meridie
1193 1271 1338 1337 cessisset
1354 1270 1387 1334 in
1400 1289 1463 1352 por·

351 1376 477 1444 cionem
491 1374 632 1442 filiorum
648 1375 812 1444 Johannis
842 1377 1072 1462 predictorum,
1099 1385 1132 1442 et
1155 1383 1230 1462 post
1254 1379 1313 1443 hec
1328 1377 1464 1442 accessis·

352 1490 423 1550 sent
439 1505 535 1568 super
551 1485 668 1550 faciem
685 1493 770 1550 terre
786 1506 897 1551 eorum
914 1483 1053 1552 'Purmas
1068 1493 1182 1554 vocate
1208 1507 1307 1570 quam
1330 1484 1464 1552 similiter

354 1593 397 1660 ad
413 1593 493 1660 dues
508 1598 617 1676 partes
632 1595 694 1660 boc
724 1593 819 1660 modo
837 1593 1030 1678 divisissent,
1055 1595 1143 1680 quod
1166 1596 1274 1680 prims
1299 1600 1381 1660 mets
1396 1615 1414 1659 a
1427 1615 1465 1657 se·

351 1704 547 1788 ptemtrione
562 1702 676 1786 incipit
691 1703 725 1767 in
741 1701 844 1767 latere
859 1703 978 1768 montis
995 1724 1090 1787 super
1105 1703 1256 1770 arborem
1285 1702 1374 1768 nucis
1388 1699 1465 1767 stibi

352 1817 400 1877 est
415 1832 482 1877 una
497 1817 583 1876 meta
600 1815 714 1894 terrea,
734 1809 852 1876 abhinc
869 1811 986 1876 transit
1001 1811 1113 1895 ipsam,
1136 1812 1254 1878 vallem
1269 1833 1326 1895 per
1341 1809 1465 1875 medinm

353 1921 387 1984 in
403 1919 507 1985 latere
524 1919 611 1984 venit
626 1917 669 1984 ad
694 1917 859 2003 quandam
884 1917 1034 1986 arborem
1059 1919 1151 1984 nucis
1176 1939 1240 2002 que
1266 1919 1361 1985 estin
1376 1918 1466 1983 latere

351 2027 486 2094 alterins
501 2029 620 2096 montis
637 2025 730 2093 stibi
746 2035 795 2092 est
810 2049 876 2092 una
892 2035 979 2092 meta
995 2034 1102 2093 terrea
1111 2027 1157 2094 ibi
1173 2027 1464 2110 terminatnr,cnins

352 2135 506 2202 medietas
521 2157 542 2200 a
557 2141 651 2221 parte
667 2135 818 2202 orientali
835 2135 979 2202 cessisset
995 2137 1028 2202 in
1043 2137 1227 2220 porcionem
1239 2137 1364 2202 comitis
1379 2133 1463 2200 Pauli

354 2249 386 2310 et
402 2243 461 2309 filii
476 2244 525 2308 sui
542 2243 607 2309 alia
622 2264 696 2308 vero
712 2241 867 2308 medietas
883 2242 924 2308 ab
950 2241 1115 2309 occidente
1140 2245 1174 2308 in
1199 2245 1383 2328 porcionem
1396 2241 1464 2306 filio-

353 2375 427 2418 rum
442 2349 605 2418 Johannis
621 2352 922 2436 prenominatorum
948 2352 1101 2435 cessisset,
1126 2351 1246 2417 abhinc
1271 2351 1465 2418 accessissent

353 2479 449 2544 super
465 2457 579 2524 faciem
595 2461 803 2544 possessionis
819 2480 930 2525 eorum
947 2457 1066 2544 Scepse
1082 2465 1195 2526 vocate
1222 2481 1319 2543 quam
1345 2481 1400 2544 per
1413 2479 1467 2522 me·
1547 2449 1548 2490 ³

353 2568 442 2633 dium
461 2567 562 2651 ipsius
587 2568 663 2634 ville
679 2567 741 2634 hoc
756 2568 854 2635 modo
871 2567 1062 2650 divisissent,
1089 2567 1176 2654 quod
1200 2569 1309 2654 prime
1331 2575 1414 2634 meta
1433 2565 1469 2630 ab

353 2677 476 2744 oriente
496 2676 652 2760 inciperet
677 2699 774 2762 super
790 2677 954 2760 quandam
970 2677 1119 2744 arborem
1149 2698 1288 2760 querens
1313 2674 1415 2742 chersa
1429 2673 1467 2739 di·
1546 2729 1547 2764 ἰ

355 2790 439 2850 ctam
459 2790 491 2850 et
507 2785 552 2851 ibi
569 2790 618 2850 est
634 2806 700 2850 una
716 2791 802 2850 meta
819 2792 933 2867 terrea,
966 2785 1085 2852 abhinc
1102 2787 1250 2852 similiter
1275 2807 1332 2870 per
1347 2783 1470 2850 medinm

353 2891 428 2958 ville
444 2892 478 2957 in
494 2892 668 2958 latitudine
679 2893 798 2958 transit
813 2894 917 2977 ipsam
933 2893 1043 2960 villam
1060 2901 1093 2960 et
1109 2893 1255 2960 exeundo
1269 2893 1309 2959 de
1324 2895 1393 2978 ipsa
1406 2891 1471 2956 villa

354 2999 499 3065 escendit
515 3000 659 3066 adlatus
675 3003 810 3067 alterius
820 3002 939 3068 montis
956 3007 989 3066 et
999 3003 1086 3067 venit
1096 3003 1138 3068 ad
1155 3001 1320 3084 quandam
1336 3001 1469 3066 arborem
1545 3063 1546 3082 ἶ

353 3106 565 3174 borkolcbasa
592 3109 713 3174 dictam
729 3115 762 3174 et
777 3108 824 3174 ibi
840 3115 888 3174 est
904 3115 991 3174 meta
1006 3115 1114 3176 terrea
1124 3110 1169 3175 ibi
1179 3111 1383 3192 terminatur,
1393 3109 1469 3174 cuim
1545 3091 1546 3110 ³

358 3214 514 3282 medietas
531 3239 552 3282 a
567 3217 700 3283 meridie
716 3219 750 3282 in
765 3218 952 3302 porcionem
967 3219 1095 3284 comitis
1111 3217 1209 3284 Pauli
1235 3224 1268 3283 et
1283 3216 1410 3284 Nicolai
1423 3213 1471 3280 filii

360 3325 408 3390 sui
425 3325 489 3390 alia
505 3347 579 3391 vero
611 3325 766 3392 medietas
786 3348 805 3391 a
831 3327 1063 3410 septemtrione
1087 3328 1120 3391 in
1146 3327 1333 3411 porcionem
1348 3325 1472 3391 filiorum
1544 3391 1545 3412 1

359 3430 385 3496 J
387 3433 521 3499 ohannis
539 3435 685 3500 cessisset
701 3434 932 3519 predictorum,
959 3441 1034 3518 post
1058 3435 1119 3500 bec
1144 3439 1253 3500 autem
1280 3435 1472 3501 accessissent

361 3563 458 3626 snper
472 3543 585 3608 faciem
603 3547 689 3608 terre
705 3563 762 3608 seu
778 3543 987 3627 possessionis
1004 3565 1116 3609 eorum
1148 3541 1245 3609 Pauli
1262 3549 1375 3608 vocate
1390 3561 1472 3626 qnam

360 3671 420 3734 per
435 3652 578 3718 medium
593 3652 669 3716 ville
701 3652 735 3716 in
766 3651 970 3735 longitudine
997 3675 1016 3718 a
1041 3653 1074 3718 lo
1092 3649 1143 3738 (co
1169 3650 1282 3739 castri)
1312 3646 1473 3730 Woszegh·
1543 3689 1544 3720 r

360 3779 438 3823 vara
454 3758 533 3825 dicti
548 3760 703 3844 incipiens
719 3761 753 3824 in
770 3780 890 3844 magna
905 3761 957 3826 via
968 3760 1135 3826 descendit
1145 3759 1187 3826 ad
1197 3758 1473 3844 quendemiontem

361 3888 420 3949 pro
436 3875 523 3934 meta
539 3869 702 3953 signatum
717 3869 751 3934 in
768 3871 860 3936 cuius
876 3869 976 3935 fontis
992 3870 1097 3935 rivulo
1130 3867 1299 3935 descendit
1324 3888 1421 3952 usqne
1440 3863 1473 3929 ad

361 3997 481 4060 aquam
496 3977 648 4044 Karesou
663 3977 709 4043 ibi
722 3979 925 4063 terminatur,
951 3979 1042 4044 ouius
1058 3978 1216 4043 medietas
1242 3977 1287 4043 ab
1311 3973 1473 4044 orientein
1542 3963 1543 3984 ¹

362 4083 547 4166 porcionem
557 4085 684 4152 comitis
693 4083 791 4151 Pauli
801 4092 834 4150 et
844 4085 974 4152 Nicolai
984 4086 1043 4152 filii
1054 4088 1104 4152 sui
1114 4087 1180 4152 alia
1190 4107 1266 4152 vero
1277 4085 1427 4152 medietas
1442 4081 1473 4146 ab

363 4189 768 4276 occidenteinporcionem
777 4191 919 4259 filiorum
929 4191 954 4258 J
956 4193 1092 4260 ohannis
1104 4194 1252 4260 cessisset
1262 4193 1473 4279 predictorum,

363 4317 472 4364 verum
482 4301 559 4384 quia
569 4301 639 4385 ipsa
655 4305 742 4366 terra
759 4298 773 4386 (
774 4350 927 4367 .......
928 4300 942 4387 )
955 4303 1141 4368 nemoribus
1152 4307 1185 4368 et
1194 4301 1346 4387 vepribus
1357 4299 1476 4369 conden-

364 4411 433 4471 sata
449 4409 602 4476 extiterat
618 4417 649 4474 et
665 4430 705 4475 ex
720 4431 802 4476 noro
818 4431 876 4496 per
891 4409 1028 4496 populos
1045 4409 1186 4478 eiusdem
1197 4410 1282 4504 ⁸ville
1298 4417 1332 4476 et
1357 4411 1474 4476 anunm

363 4514 512 4580 villarum
524 4515 641 4600 Scepse
660 4517 799 4585 Turmas
809 4523 843 4584 et
854 4516 974 4584 Sedfeu
984 4526 1172 4586 vocatarum
1190 4525 1333 4604 purgata
1342 4519 1474 4585 extiterat

365 4621 405 4692 ob
420 4625 482 4692 hoc
498 4627 609 4692 taliter
632 4648 729 4717 super
745 4627 807 4698 hoc
823 4629 1076 4698 concordassent
1093 4633 1127 4694 et
1143 4628 1418 4700 concordaverunt
1435 4644 1474 4692 co
