3130 5470
262 461 327 523 433
629 477 816 526 nurouucar
833 468 1049 530 enutriris.

261 639 346 703 bona
361 639 505 722 ipsorum
521 643 587 705 tam
603 640 637 705 in
653 639 779 706 aliabus
796 663 895 725 quam
914 643 987 712 aliis
1003 645 1100 712 rebus
1115 647 1150 712 in
1167 653 1309 731 quatuor
1319 671 1387 732 par·

263 749 460 832 tesequales
477 748 679 830 divisissent,
697 769 762 813 una
778 771 857 833 pars
873 750 899 818 J
900 751 1021 818 ohanni
1036 755 1180 822 secunda
1195 778 1273 841 pars
1289 756 1386 825 Petro

263 856 425 922 sacerdoti
450 857 553 923 tercia
579 854 746 941 Stephano
773 864 893 942 quarta
917 881 994 927 vero
1020 861 1160 930 Nicolao
1187 867 1344 950 cessisset,
1358 867 1390 932 in

262 965 516 1050 possessionibus
531 986 606 1030 vero
616 965 760 1050 paternis
771 967 921 1033 similiter
931 969 1030 1035 talem
1041 971 1228 1040 divisionem
1240 997 1274 1040 se
1283 975 1389 1042 fecisse

265 1080 341 1139 sunt
358 1075 503 1158 confessi,
535 1074 641 1158 primo
673 1075 708 1137 in
739 1074 818 1138 villa
850 1072 989 1160 Semyen
1021 1075 1140 1146 fundus
1157 1081 1330 1150 Michaelis
1345 1085 1391 1148 avi

263 1183 407 1265 ipsorum
424 1203 497 1247 cum
514 1181 639 1247 duobus
655 1181 735 1248 vicis
751 1202 815 1247 uuo
834 1183 891 1266 qui
922 1187 1131 1267 protenditur
1150 1189 1193 1255 ah
1219 1190 1277 1257 illo
1294 1191 1389 1256 fundo

261 1312 371 1357 versus
385 1295 512 1374 partem
528 1289 720 1356 orientalem
736 1289 800 1357 alio
817 1293 874 1374 qui
890 1293 1040 1361 similiter
1055 1300 1263 1380 protenditur
1280 1299 1321 1364 ab
1342 1321 1389 1364 eo·

263 1399 337 1464 dem
353 1398 453 1464 lundo
469 1420 578 1466 versus
594 1406 721 1483 partem
738 1403 1035 1484 septemtionalem
1046 1411 1080 1470 et
1095 1412 1162 1471 tres
1178 1409 1268 1473 curie
1279 1408 1313 1474 iu
1330 1407 1389 1472 fine

266 1508 409 1576 eiusdem
426 1506 502 1572 ville
534 1513 663 1592 aparte
689 1509 842 1575 orientali
866 1511 966 1577 iuius
993 1517 1026 1578 et
1043 1516 1280 1600 proprietatem
1296 1517 1390 1599 ipsius

268 1616 293 1681 J
295 1617 432 1684 ohannis
449 1617 619 1682 cessissent
635 1616 691 1682 alii
723 1639 798 1683 vero
815 1618 877 1682 vici
894 1617 928 1684 in
944 1619 1148 1704 eademcum
1164 1624 1315 1690 omnibus
1330 1645 1391 1690 ses·

265 1726 407 1792 sionibus
423 1748 480 1792 seu
497 1726 594 1792 curiis
609 1725 642 1789 in
652 1724 701 1790 ius
712 1730 745 1789 et
754 1727 991 1808 proprietatem
1006 1729 1227 1812 predictorum
1243 1730 1392 1796 Petrisa·

267 1835 391 1901 cerdoti
408 1833 568 1918 Stephani
579 1839 611 1898 et
627 1831 757 1898 Nicolai
774 1835 944 1900 cessissent
961 1840 1174 1904 communiter
1199 1839 1390 1924 possidendi,

265 1943 344 2008 item
360 1945 394 2008 in
410 1943 611 2028 possessione
627 1940 662 2008 N
663 1943 789 2026 opolmr
805 1949 920 2009 vocata
935 1945 1035 2010 talem
1051 1945 1242 2014 divisionem
1258 1970 1292 2014 se
1308 1948 1391 2014 dixe-

265 2057 345 2117 runt
362 2050 484 2136 fecisse,
502 2050 590 2134 quod
607 2055 726 2134 quarta
742 2071 819 2134 pars
844 2056 972 2134 aparte
999 2053 1130 2120 ecclesie
1155 2057 1257 2140 ipsius
1273 2078 1393 2141 posses·

265 2159 364 2226 sionis
388 2160 423 2226 in
447 2161 498 2226 ius
527 2165 560 2226 et
584 2160 819 2244 proprietatem
844 2159 947 2244 ipsius
973 2159 1138 2228 Johannis
1155 2167 1307 2232 cessisset
1332 2165 1392 2230 alie

265 2291 342 2336 vero
359 2273 424 2336 tres
441 2275 552 2354 partes
570 2267 712 2334 eiusdem
728 2267 938 2350 possessionis
964 2272 1145 2352 prenotatis
1170 2272 1272 2339 Petro
1290 2294 1391 2338 sacer-

265 2376 333 2443 doti
350 2376 515 2462 Stephano
542 2383 573 2444 et
588 2375 726 2444 Nicolao
746 2377 925 2464 cessissent,
942 2377 1103 2444 utilitates
1119 2401 1196 2447 vero
1214 2387 1248 2446 et
1265 2403 1389 2448 omnem

266 2509 360 2554 usum
377 2487 541 2553 fructuum
552 2485 690 2552 aliarum
705 2485 942 2569 possessionum
952 2486 1038 2570 ipsos
1055 2488 1318 2573 contingencium
1334 2491 1394 2554 sin-

265 2595 349 2678 gulis
374 2597 468 2662 annis
484 2597 518 2660 in
550 2599 691 2678 quatuor
707 2597 818 2678 partes
844 2593 976 2678 equales
991 2603 1201 2662 asseruerunt
1225 2618 1260 2663 se
1277 2597 1390 2664 debere

266 2702 408 2776 dividere
426 2723 563 2785 quarum
579 2702 761 2767 utilitatum
778 2707 896 2784 quarta
905 2724 981 2786 pars
992 2703 1141 2787 predicto
1158 2703 1185 2769 J
1186 2705 1308 2771 ohanni
1327 2711 1390 2770 tres

266 2832 343 2876 sero
359 2815 469 2893 partes
494 2810 663 2894 sepedictis
688 2809 789 2874 Petro
816 2810 975 2877 sacerdoti
1001 2809 1170 2896 Stephano
1196 2818 1231 2878 et
1255 2813 1391 2880 Nicolao

265 2918 425 2984 debentur
440 2919 535 3003 pleno
551 2920 629 3001 iure,
641 2919 820 3001 predictam
836 2940 911 2984 vero
928 2919 1118 2986 divisionem
1135 2922 1170 2986 in
1184 2923 1391 3006 possessioni-

265 3027 326 3093 bus
342 3029 485 3112 ipsorum
501 3026 658 3110 sepedicti
674 3026 697 3092 J
701 3027 845 3090 ohannes
861 3026 980 3092 Petrus
997 3027 1148 3094 sacerdos
1164 3027 1350 3115 Stephanus
1361 3037 1391 3095 et

269 3135 427 3203 Nioolaus
458 3159 478 3201 a
495 3136 547 3201 die
564 3135 715 3200 datarum
731 3135 934 3219 presencium
949 3157 1051 3220 usque
1077 3137 1120 3202 ad
1145 3139 1392 3224 complecionem

266 3247 380 3312 decimi
397 3246 475 3312 anui
490 3243 708 3310 observabunt
724 3249 858 3328 propter
875 3249 1020 3309 teneram
1037 3251 1157 3311 etatem
1174 3243 1308 3313 Nicolai
1328 3247 1387 3312 fra·

267 3358 327 3421 tris
344 3357 488 3439 ipsorum
504 3353 673 3419 memorati
689 3358 797 3436 preter
813 3351 949 3417 fundum
975 3355 1027 3418 avi
1051 3355 1195 3437 ipsorum
1221 3377 1318 3440 quem
1334 3357 1358 3422 J
1359 3378 1388 3420 ο-

265 3465 366 3531 hanni
381 3469 553 3548 prenotato
586 3461 747 3528 dederunt
763 3463 977 3527 communiter
994 3469 1026 3528 et
1042 3445 1293 3546 assignaverunt
1320 3485 1386 3549 per·

266 3579 365 3657 petuo
382 3571 610 3655 possidendum
641 3573 688 3636 ita
706 3570 856 3636 videlicet
873 3570 961 3652 quod
977 3571 1004 3635 si
1020 3571 1054 3636 in
1070 3571 1142 3654 ipso
1168 3571 1293 3638 decimo
1310 3594 1389 3637 anno

269 3685 357 3766 ipsos
372 3681 592 3765 possessiones
609 3701 721 3744 eorum
738 3677 834 3744 aliter
850 3678 992 3744 dividere
1019 3680 1190 3762 contingat
1215 3685 1294 3745 tunc
1309 3679 1388 3745 idem

267 3789 292 3854 J
294 3790 438 3856 ohannes
453 3790 531 3874 ipsis
546 3787 704 3853 iratribus
720 3789 786 3852 suis
803 3794 867 3852 tres
891 3787 1009 3852 fundos
1035 3787 1166 3871 equales
1191 3787 1248 3854 ubi
1265 3790 1327 3872 ipsi
1342 3809 1391 3852 ro-

267 3899 340 3963 lunt
356 3899 389 3962 in
406 3897 518 3963 eadem
535 3895 673 3981 Semyen
699 3903 829 3962 tenetur
855 3895 933 3961 dare
959 3903 992 3960 et
1017 3897 1192 3980 assignare.
1223 3897 1346 3963 Datum
1361 3899 1391 3962 in

266 4007 389 4073 octavis
406 4005 495 4071 beati
526 4005 701 4071 Michaelis
727 4003 926 4088 archangeli,
956 4025 1039 4069 anno
1067 4003 1389 4071 (1οιιιὶηἰΜο0000

265 4115 357 4182 XX⁰
372 4139 469 4183 nono.

372 4279 522 4345 Hatlspjdn
535 4282 627 4344 pecse't
640 4280 817 4346 nyomaiva13
837 4279 969 4344 credetije
982 4295 998 4329 a
1011 4279 1044 4328 N.
1058 4278 1252 4340 Muzeumban,
1266 4293 1282 4328 a
1294 4277 1388 4340 Killsy

265 4386 301 4422 cs.
315 4370 388 4420 lban.
402 4369 500 4420 Kozu:
521 4370 645 4434 nganyi
659 4371 692 4420 K.
