3154 5474
610 196 615 232 l

549 487 645 548 1330.
663 500 734 548 uua.
753 487 803 549 17.
1182 485 1246 548 489

110 663 311 749 divisissent,
343 663 428 749 quod
444 665 548 748 primo
566 669 598 730 et
613 663 838 748 principaliter
854 665 1060 730 accessissent
1087 665 1216 749 superi
1236 703 1248 716 -

111 773 194 838 ciem
211 773 425 857 possessionis
443 794 554 838 eorum
571 771 679 857 Weylr
695 778 808 837 vocate
825 778 857 837 et
883 773 1015 838 eandem
1034 795 1092 858 per
1107 775 1247 839 medium

113 879 280 964 equaliter
296 880 358 946 hcc
373 879 470 947 modo
487 880 678 962 divisissent,
696 879 786 964 quod
801 881 907 965 primo
924 883 1105 968 inciperent
1122 883 1249 968 spinga

108 990 375 1073 septemtrionali
391 992 424 1055 in
441 991 607 1057 vicinitate
624 996 709 1055 terre
719 989 791 1056 Lalr
802 997 914 1056 vocate
930 992 984 1058 ubi
1001 999 1077 1059 sunt
1093 994 1248 1058 duem'ete

111 1097 242 1161 noviter
259 1099 355 1163 terris
371 1099 534 1164 cumulate
561 1119 657 1183 super
682 1098 796 1164 dumos
812 1120 940 1184 nucum,
967 1101 1086 1167 abhinc
1102 1101 1248 1185 procedit

109 1227 226 1272 versus
244 1206 412 1272 meridiem
429 1207 462 1272 in
478 1229 596 1291 magno
613 1208 721 1292 spacio
736 1229 795 1292 per
826 1215 930 1274 terras
955 1210 1095 1276 arabiles
1111 1211 1248 1275 strauit

111 1315 152 1379 ad
169 1315 256 1380 duas
271 1319 375 1380 metas
392 1336 488 1398 super
505 1316 651 1381 surculos
667 1315 822 1380 arborum
854 1317 934 1382 ulmi
964 1317 1049 1402 nylfa
1065 1317 1168 1382 dictas
1185 1322 1248 1381 ter·

113 1425 159 1488 ris
174 1425 308 1489 noviter
324 1423 514 1506 cumulatas,
534 1424 653 1489 abhinc
667 1423 872 1508 procedendo
895 1425 930 1489 in
946 1445 1064 1508 magno
1081 1426 1189 1510 spacio
1206 1425 1248 1490 si-

109 1530 241 1598 militer
256 1555 316 1617 per
331 1540 435 1598 terras
450 1532 590 1598 arabiles
606 1537 638 1596 et
654 1535 771 1598 transit
782 1532 945 1616 quandam
955 1533 1039 1598 viam
1057 1535 1142 1598 circa
1153 1553 1249 1617 qnam

108 1647 191 1704 ‘suut
208 1641 274 1706 due
289 1647 375 1707 mete
405 1647 510 1706 terres
536 1642 684 1706 similiter
699 1643 733 1705 in
759 1641 897 1707 surculis
923 1641 1076 1708 arborum
1100 1641 1180 1707 ulrur'
1197 1662 1249 1707 cu·

110 1749 249 1833 mulate,
267 1749 382 1816 deiude
399 1748 489 1815 vadit
514 1749 621 1815 adhuc
646 1771 756 1815 versus
782 1750 948 1816 meridiem
979 1751 1013 1815 in
1037 1751 1122 1816 bono
1139 1750 1247 1834 spacio

112 1857 271 1939 venitque
288 1855 330 1922 ad
346 1855 509 1939 quandam
525 1861 644 1921 terram
675 1855 902 1942 Bogadtelulre
917 1863 1065 1923 vocatam
1090 1864 1122 1922 et
1146 1855 1192 1921 ibi
1215 1857 1249 1922 in

111 1964 233 2028 arbore
249 1965 313 2048 piri
329 1970 378 2030 est
394 1985 460 2029 una
474 1963 611 2029 metade
628 1985 710 2030 novo
726 1965 821 2029 terris
831 1965 1006 2050 cumulata,
1017 1965 1133 2030 abhinc
1144 1962 1248 2031 eundo

111 2071 154 2136 ad
172 2071 313 2138 candem
328 2073 460 2156 plagam
475 2073 563 2139 venit
578 2073 621 2138 ad
637 2072 798 2158 quendam
811 2072 951 2140 rivulum
976 2075 1011 2138 in
1037 2075 1128 2139 cuius
1152 2075 1249 2139 rivuli

110 2182 187 2266 ripa
204 2180 248 2246 ab
264 2185 403 2264 utraque
418 2187 511 2265 parte
531 2186 606 2246 suut
621 2181 685 2247 due
700 2188 785 2247 mete
809 2183 935 2248 noviter
960 2184 1056 2249 terris
1072 2181 1244 2266 cumulate,

110 2289 233 2355 deinde
249 2289 283 2354 iu
299 2289 409 2354 eodem
424 2289 530 2354 rivulo
546 2288 648 2356 flecht
664 2311 696 2356 se
722 2311 833 2357 versus
858 2293 1016 2358 orientem
1041 2297 1075 2356 et
1091 2290 1196 2356 eundo
1213 2291 1247 2355 iu

110 2398 226 2481 spacio
242 2398 346 2462 iactus
363 2395 501 2463 duarum
517 2399 708 2481 sagittarum
725 2403 756 2464 θῖ
771 2399 815 2465 ibi
842 2398 987 2465 exeundo
1014 2398 1053 2463 de
1077 2399 1189 2464 eodem
1206 2401 1248 2464 ri·

110 2508 189 2571 rulo
207 2505 374 2570 inciditis
388 2527 537 2590 magnam
555 2508 640 2573 viam
657 2513 688 2572 θῖ
703 2509 737 2572 in
753 2508 864 2592 platea
881 2507 1021 2573 eiusdem
1045 2507 1121 2573 ville
1137 2505 1246 2592 Weylr

110 2615 204 2681 venit
223 2635 321 2700 super
337 2615 456 2681 ostium
487 2615 617 2681 ecclesie
632 2615 722 2681 beati
752 2613 889 2700 Georgii
920 2617 1063 2682 martiris
1094 2621 1128 2682 et
1143 2620 1248 2682 trans·

110 2725 224 2790 eundo
265 2725 367 2807 ipsam
409 2725 578 2791 ecclesiam
608 2746 667 2810 per
696 2725 870 2792 fenestram
902 2727 1078 2792 sanctuarii
1103 2725 1244 2792 eiusdem

110 2833 250 2899 ecclesie
267 2833 335 2898 exit
349 2855 462 2899 versus
478 2835 610 2919 plagam
628 2836 818 2900 orientalem
833 2835 988 2919 vaditque
1004 2835 1039 2900 iu
1054 2835 1160 2900 medio
1177 2835 1245 2917 pla·

110 2950 165 3008 tee
182 2941 328 3007 ciusdem
345 2941 421 3008 ville
436 2941 478 3007 ad
506 2943 612 3008 iactus
643 2943 743 3008 trium
767 2942 957 3010 baculorum
982 2949 1016 3008 et
1041 2944 1107 3009 exit
1123 2943 1162 3008 de
1178 2943 1248 3027 ipsa

108 3049 229 3133 platea
259 3050 369 3134 ibique
402 3057 452 3116 est
483 3073 547 3116 uua
572 3055 659 3116 meta
675 3058 792 3136 terrea,
809 3051 928 3117 abhinc
942 3049 1046 3116 flectit
1071 3073 1105 3117 se
1129 3053 1248 3116 iterum

108 3179 229 3223 versus
244 3158 411 3224 meridiem
434 3160 524 3225 venit
539 3159 581 3225 ad
596 3160 702 3245 ripam
716 3158 807 3226 fluvii
832 3157 986 3226 Karasou
1011 3167 1043 3224 ct
1067 3159 1113 3225 ibi
1140 3167 1189 3226 est
1212 3161 1246 3224 in

109 3267 247 3333 surculo
264 3267 390 3336 arboris
406 3269 507 3335 silicis
523 3275 611 3334 meta
626 3275 742 3354 terrea,
759 3269 877 3336 abhinc
893 3269 935 3334 ad
961 3269 1096 3334 eandem
1111 3269 1245 3354 plagam

109 3377 236 3442 transit
250 3378 354 3461 ipsam
370 3397 488 3460 aquam
503 3378 590 3443 inter
606 3378 670 3444 duo
686 3378 871 3444 molendina
886 3377 978 3444 vadit
1006 3399 1102 3463 super
1119 3377 1245 3443 clausu·

107 3505 181 3549 ram
198 3485 304 3569 ipsius
320 3507 404 3568 aque
421 3485 514 3551 stibi
530 3507 569 3551 ox
585 3487 651 3552 alia
664 3493 756 3570 parte
771 3488 874 3572 ipsius
890 3507 974 3572 aque
991 3487 1193 3567 terminatur,
1213 3487 1246 3548 θῖ

107 3597 169 3661 illa
186 3613 344 3677 parsque
361 3599 410 3659 cst
426 3593 468 3659 ab
486 3594 609 3660 onena
625 3616 698 3660 oum
729 3595 837 3660 fundis
864 3596 1027 3660 curiarum
1052 3595 1153 3678 ipsius
1168 3593 1245 3657 villo

107 3702 225 3787 Weyk
240 3701 353 3768 insulis
369 3703 464 3769 terris
481 3703 656 3770 arabilibus
680 3704 767 3770 silvis
783 3709 817 3770 et
831 3704 903 3770 aliis
930 3703 1128 3769 utilitatibus
1144 3701 1245 3768 omni-

106 3813 172 3878 bus
201 3812 350 3877 cessisset
374 3814 409 3877 in
432 3814 618 3897 porcionem
644 3815 772 3879 comitis
797 3813 896 3880 Pauli
924 3819 956 3879 et
972 3811 1104 3879 Nicolai
1119 3811 1178 3878 filii
1195 3811 1244 3876 sui
1268 3859 1270 3866 a

107 3919 364 4004 antedictorum,
390 3921 456 3986 alia
480 3943 555 3987 vcro
580 3942 656 4006 pars
689 3943 750 4006 que
775 3927 824 3986 est
854 3923 895 3988 ab
912 3922 1079 3988 occidente
1096 3920 1245 3986 similiter

108 4051 188 4095 cum
206 4027 355 4094 omuibus
372 4029 569 4095 utilitatibus
586 4029 740 4114 predictis
757 4030 905 4096 cessisset
920 4031 955 4094 iu
970 4030 1157 4114 porcionem
1173 4027 1244 4095 Ste-

106 4138 218 4223 phaui
233 4134 415 4228 Nicolailst
430 4136 603 4203 Michaelis
630 4137 852 4222 predictorum
868 4188 875 4204 .
893 4188 899 4203 .
915 4139 1076 4204 utilitates
1092 4142 1245 4203 autemst

105 4247 239 4312 reditus
257 4267 341 4329 aque
371 4245 527 4312 Kerasou
558 4246 743 4328 ubicunque
767 4246 976 4330 possessionis
1002 4267 1112 4312 eorum
1137 4246 1245 4328 tangit

106 4353 329 4422 communiter
345 4359 380 4418 θῖ
396 4354 556 4437 equaliter
571 4353 752 4438 percipient
768 4360 801 4419 et
817 4353 1037 4438 possidebunt,
1055 4353 1176 4420 abhinc
1193 4375 1243 4418 ac-

105 4463 287 4529 cessissent
318 4482 414 4546 super
444 4461 559 4527 faciem
589 4463 800 4546 possessionis
840 4485 952 4530 eorum
983 4460 1102 4529 Sedfeu
1133 4465 1244 4527 vocate

105 4573 200 4638 ultra
215 4571 319 4654 ipsam
335 4591 451 4655 aquarn
467 4569 622 4636 Karasou
653 4593 752 4656 qnam
782 4570 823 4636 ad
850 4572 929 4637 duas
954 4577 1065 4656 partes
1096 4592 1153 4655 per
1178 4591 1243 4635 me-

104 4681 202 4747 dium
234 4677 309 4742 ville
328 4677 388 4746 hoc
418 4676 514 4746 modo
546 4677 706 4765 equaliter
729 4677 918 4763 divisissent,
934 4678 1022 4766 quod
1036 4679 1142 4766 prima
1157 4684 1244 4746 meta
