3240 5460
298 397 341 461 46
660 419 848 468 insonnem
865 405 1082 466 orulsrrls.

298 577 424 645 Datum
440 579 475 644 in
490 578 669 664 Debrecen,
685 581 720 646 in
735 577 819 647 festo
835 579 922 648 beati
939 579 1165 650 Bartholomei
1180 581 1330 670 apostoli,
1347 600 1438 648 anuo

299 686 421 753 domini
437 688 614 756 Millesimo
632 685 733 758 0000
748 690 898 756 vicesimo
915 691 1064 758 secundo.

406 831 495 882 Vdros
513 834 617 896 selysm
630 835 762 886 sztlskon
775 834 863 900 fliggd
876 835 1026 902 pecsdtte15
1048 837 1066 886 l.
1079 837 1168 902 rsjztt
1185 851 1217 886 aa
1241 836 1341 888 »Aron
1353 821 1436 884 Erta-

299 921 368 970 sito«
383 925 458 971 1878.
482 921 526 972 evi
539 921 735 990 lolysmtban3
758 925 888 990 eredetije
909 941 942 976 az
967 941 1035 978 orsa.
1055 927 1088 978 lt.
1111 927 1211 978 kinost.
1224 929 1292 977 oszt.
1307 925 1341 975 N.
1352 925 1387 976 B.
1398 926 1435 974 A.

302 1015 379 1062 1506.
393 1015 436 1061 27.
447 1010 515 1075 dipl.
529 1013 597 1062 lter:
613 1016 691 1064 2122.
705 1013 785 1066 Kozli
796 1032 803 1066 1
816 1015 919 1067 Vincas
934 1015 1033 1067 Gabor.

847 1308 898 1398 as.

300 1466 395 1530 1322.
412 1489 486 1552 cap.
503 1468 555 1533 25.
573 1466 603 1532 A
620 1470 827 1555 somopyodri
842 1480 972 1534 conceal
984 1469 1131 1555 jelente‘sc
1147 1468 1286 1556 Somopy
1306 1473 1432 1533 adr-me-

300 1597 358 1660 pye
382 1575 610 1660 olispdojo'hoz
634 1580 667 1642 e‘s
684 1577 921 1644 birdtdrsailroz
940 1603 962 1644 a
977 1579 1095 1664 Bupdr
1120 1577 1236 1642 Istvdn
1252 1581 1284 1642 c's
1301 1579 1435 1641 testcdrc

301 1682 422 1768 Gorya
448 1685 530 1750 olral
555 1709 576 1750 a
602 1686 793 1773 nydlszipcti
816 1688 962 1772 apcicza'lr
993 1687 1126 1752 kozsoki
1144 1687 1295 1756 birtokotn
1311 1687 1432 1750 oltrocc-

507 1803 561 1858 teu
573 1793 841 1860 hotalmoslcodds
858 1795 1221 1881 meqoizapolltotdsdrdl.

408 1937 612 2020 ..magistro
637 1934 744 2002 Paulo
770 1936 938 2003 viceiudici
962 1938 1113 2021 magistri
1145 1934 1277 2002 Nicolai
1303 1933 1431 2000 comitis

302 2041 504 2128 Simigiensis
521 2050 555 2110 et
579 2050 721 2130 quatuor
740 2044 900 2111 iudicibus
923 2045 1082 2111 nobilium
1097 2046 1272 2111 comitatus
1288 2041 1432 2108 eiusdem

303 2157 477 2217 conventus
502 2154 691 2218 monasterii
720 2153 808 2219 beati
839 2152 952 2237 Egidii
977 2153 1017 2218 de
1051 2153 1195 2238 Symigio
1213 2204 1243 2218 ..
1268 2151 1432 2230 noveritis,

304 2258 392 2342 quod
415 2261 555 2343 receptis
578 2261 699 2326 litteris
722 2261 838 2327 restris
863 2283 936 2327 cum
956 2261 1083 2328 Thema
1107 2262 1237 2328 homine
1260 2265 1368 2326 vestro
1393 2257 1434 2322 de

302 2364 480 2450 Kysburan
495 2367 704 2434 Dominicum
723 2368 927 2435 sacerdotem
952 2370 1155 2454 capellanum
1173 2375 1322 2436 nostrum
1337 2367 1380 2433 ad
1395 2386 1434 2431 ea

303 2477 509 2562 exsequenda
533 2500 596 2564 que
612 2479 647 2544 in
663 2479 743 2562 ipsis
759 2479 879 2544 litteris
899 2480 1015 2544 vestris
1032 2479 1282 2546 continebantm·
1297 2479 1332 2542 in
1347 2475 1436 2542 tosti·

302 2588 446 2652 monium
465 2589 709 2672 transmisimus,
734 2588 790 2670 qui
805 2587 1011 2671 postmodum
1026 2609 1168 2654 unacum
1188 2587 1301 2652 eodem
1319 2583 1361 2650 ad
1377 2603 1436 2648 nos

303 2715 448 2759 reversus
458 2695 551 2760 nobis
566 2695 725 2777 recitavit,
741 2699 779 2758 ut
793 2694 880 2759 idem
896 2693 992 2760 homo
1002 2701 1107 2760 vester
1122 2695 1216 2760 insui
1232 2693 1400 2778 presencia
1416 2712 1437 2755 a

304 2800 422 2883 quibus
448 2800 557 2866 decuit
573 2807 605 2866 et
620 2802 724 2886 licuit,
739 2824 760 2866 a
782 2801 1003 2868 sacerdotibus
1018 2808 1051 2867 et
1075 2803 1176 2886 laicis,
1202 2802 1346 2866 scivisset
1362 2798 1437 2863 dili-

305 2913 419 2990 genter
443 2908 647 2994 inquirendo,
673 2909 760 2994 quod
784 2909 866 2975 feria
890 2915 1009 2994 quarta
1023 2916 1098 2994 post
1113 2909 1231 2975 festum
1246 2905 1436 2991 Assumpoi-

305 3015 374 3080 onis
399 3015 494 3080 beate
510 3017 644 3100 virginis
659 3018 805 3102 proximo
822 3019 988 3101 preterita,
1006 3017 1095 3082 clara
1111 3017 1173 3101 die,
1189 3017 1344 3100 magister
1359 3013 1432 3080 Ste-

305 3121 433 3206 phauus
457 3122 563 3191 dictus
587 3123 701 3208 Bugar
725 3131 758 3190 et
774 3123 895 3210 Gunya
910 3124 1013 3190 frater
1030 3125 1098 3190 eius
1113 3123 1322 3190 ricciudicem
1330 3121 1432 3205 magi·

306 3229 522 3296 striLadislai
539 3230 619 3297 dicti
631 3233 736 3300 Verus
753 3234 879 3299 comitis
896 3231 1067 3298 Tolnensis
1082 3231 1125 3298 ad
1139 3233 1250 3298 villam
1265 3233 1434 3315 religiosa-

304 3359 377 3402 rum
403 3337 605 3406 dominarum
630 3342 664 3406 in
689 3341 804 3407 Insula
828 3342 976 3426 leporum
1009 3341 1192 3406 clausarum
1208 3339 1326 3406 Kosuk
1341 3361 1435 3405 voca·

306 3451 374 3512 tam
398 3447 609 3515 adduxissent
634 3457 668 3515 et
693 3451 900 3534 septuaginta
922 3470 1042 3534 pecora
1064 3449 1190 3516 maiora
1216 3456 1345 3514 centum
1360 3469 1438 3514 sero

306 3555 464 3622 animalia
472 3558 599 3623 minuta
609 3564 642 3623 et
651 3559 795 3643 quinque
811 3578 910 3642 equos
927 3557 1026 3641 recipi
1036 3555 1187 3621 fecissent
1196 3557 1230 3621 in
1247 3555 1358 3622 eadem
1368 3557 1439 3621 sine

306 3687 405 3731 causa
420 3688 478 3731 seu
488 3669 584 3751 culpa
593 3668 737 3752 aliquali.
747 3666 873 3732 Datum
882 3665 963 3730 feria
980 3670 1099 3749 quarta
1108 3671 1183 3749 post
1197 3665 1315 3730 festum
1332 3665 1437 3730 sancti

305 3775 392 3857 regis
408 3773 576 3860 Stephani,
592 3797 677 3841 anno
694 3775 816 3841 domini
831 3773 886 3839 Μ0
902 3771 1002 3840 0000
1018 3772 1109 3838 XX⁰
1125 3773 1274 3838 secundo.

413 3901 483 3952 Zoro
505 3901 597 3966 pscset
617 3902 879 3966 msradvtnyaiva13
898 3900 1028 3966 erodetije
1054 3915 1086 3949 az
1100 3915 1170 3950 orsa.
1184 3901 1240 3951 lttr
1254 3900 1354 3952 kincst.
1368 3903 1438 3950 oszt.

306 3991 380 4042 Mon.
393 3992 455 4043 Pos.
469 3986 551 4061 4533.
565 3991 633 4057 dipl.
648 3992 719 4044 lttr:
740 3996 818 4044 2123.
831 3991 930 4042 Kozli:
943 3991 1047 4042 Vineae
1059 3990 1161 4042 Gulbor.

797 4238 954 4252 ——ud
