3240 5460
597 473 691 534 1322.
708 489 781 534 aru.
805 473 855 533 29.
1250 475 1290 535 13

157 647 316 712 XXX1ni
334 655 369 714 et
384 650 596 715 anniversarii
611 671 650 715 ao
665 651 700 714 in
716 651 878 732 posicione
896 649 1042 732 lapidum
1058 669 1114 714 seu
1129 651 1292 733 lignorum

156 757 191 822 in
208 758 335 842 signum
359 759 560 824 monumenti
585 757 666 824 duas
691 763 805 841 tortas,
829 780 930 824 unum
955 759 1089 843 pullum,
1113 781 1214 824 unum
1239 780 1291 824 ca·

156 885 257 950 seum,
272 866 456 949 placentem
472 887 571 932 unam
587 871 620 932 et
635 889 734 932 unam
750 865 897 932 anforam
908 868 1033 933 cervisii
1048 867 1127 933 dare
1143 869 1290 932 teneren-

156 979 230 1056 tur3
247 975 326 1039 item
342 974 601 1058 quandocunque
631 975 785 1058 temporis
800 975 834 1039 in
861 996 1011 1041 successu
1030 996 1069 1039 ex
1085 973 1292 1058 parochianis

156 1082 224 1146 iam
240 1083 336 1148 dictis
360 1083 543 1167 quicunque
567 1089 644 1149 ante
668 1083 886 1148 iuramentum
905 1105 978 1149 oum
994 1105 1053 1150 sua
1069 1085 1204 1167 coniuge
1220 1083 1292 1148 fieri

156 1189 340 1256 debendum
374 1190 583 1258 contraheret
615 1213 671 1258 seu
705 1191 841 1258 eandem
875 1192 1052 1257 carnaliter
1085 1197 1292 1276 cognosceret

156 1303 288 1363 centum
319 1305 350 1365 et
368 1306 509 1384 quatuor
534 1299 693 1383 denarios,
719 1301 903 1384 quicunque
928 1305 1038 1365 autem
1055 1299 1094 1364 de
1110 1301 1181 1383 ipsa
1195 1319 1290 1383 paro-

156 1405 232 1472 chia
263 1407 407 1491 aliquam
432 1407 475 1474 ad
499 1409 599 1473 aliam
623 1407 810 1491 parochiam
835 1408 980 1491 legitime
1006 1407 1138 1473 duceret
1163 1413 1289 1472 etcum

155 1513 271 1580 eadem
287 1516 450 1599 sponsalia
464 1515 587 1582 faceret
602 1517 752 1581 similiter
767 1514 853 1582 XII.
865 1515 1031 1597 denarios,
1048 1517 1076 1581 si
1095 1521 1204 1581 autem
1214 1515 1288 1579 abs·

156 1643 221 1706 quo
236 1624 418 1690 iuramento
444 1630 476 1689 et
502 1624 705 1708 sponsalibus
730 1624 957 1708 quoquomodo
989 1625 1125 1690 eandem
1141 1623 1290 1689 transdu-

155 1736 254 1814 ceret,
270 1735 349 1798 tunc
373 1732 458 1798 idem
482 1732 599 1816 hospes
615 1733 655 1798 de
681 1735 771 1800 ouius
797 1734 892 1799 domo
909 1755 966 1799 seu
980 1733 1125 1816 hospicio
1142 1733 1291 1798 transdu-

155 1844 292 1923 ceretur,
318 1841 383 1904 sive
398 1847 500 1924 pater,
526 1847 639 1924 mater,
664 1841 768 1907 frater
786 1849 845 1906 aut
860 1843 1026 1926 proximus
1041 1843 1091 1907 vel
1108 1841 1290 1924 alienigena

152 1943 225 2010 iore
240 1947 405 2013 videretur
427 1950 529 2032 ipsius
545 1949 743 2033 transducta,
763 1949 933 2016 duodecim
948 1971 1065 2033 pensas
1081 1949 1302 2031 denariorum

152 2054 296 2136 plebano
313 2057 447 2122 ecclesie
471 2063 643 2140 prenotate
669 2058 747 2123 dare
764 2065 797 2123 ot
812 2059 993 2142 persolvere
1011 2065 1194 2138 teneretur;
1209 2059 1290 2122 item

153 2162 195 2228 de
211 2165 358 2246 prandiis
373 2166 416 2231 ad
440 2166 595 2232 honorem
612 2167 832 2251 quorumlibet
857 2173 1044 2232 sanctorum
1059 2188 1118 2250 per
1132 2167 1218 2250 ipsos
1234 2187 1289 2249 pa-

153 2271 327 2338 rochianos
353 2273 468 2339 dandis
485 2281 591 2340 cutem
607 2276 732 2358 pecoris
748 2281 783 2340 et
799 2298 899 2340 unum
916 2275 1066 2359 quartale
1083 2276 1229 2340 carnium
1245 2274 1287 2339 ad

151 2380 259 2462 ipsum
276 2380 449 2464 prandium
474 2383 668 2465 permaetati
684 2405 757 2448 cum
772 2404 837 2448 uno
853 2384 1003 2467 mensale,
1021 2388 1163 2467 quatuor
1188 2383 1285 2447 tortis

153 2494 189 2553 et
203 2510 270 2553 una
295 2489 365 2555 tina
390 2491 532 2575 cervisia,
557 2491 597 2556 dc
623 2491 871 2575 simplicioribus
896 2495 1005 2556 autem
1030 2488 1176 2573 prandiis
1194 2489 1289 2554 modo

153 2617 219 2680 quo
243 2619 341 2681 supra
366 2598 481 2664 dandis
506 2601 675 2683 sexaginta
700 2599 867 2682 denari0s;
892 2598 972 2662 item
998 2597 1143 2680 quelibet
1171 2596 1289 2661 mulier

130 2731 134 2738 ·
152 2704 279 2789 absque
294 2705 438 2790 legitimo
454 2707 599 2773 maritali
614 2706 710 2772 thoro
726 2708 856 2791 pariens
881 2711 1011 2772 contum
1028 2711 1061 2770 et
1077 2709 1219 2788 quatuor
1235 2704 1288 2769 de-

152 2813 264 2877 narios
280 2813 374 2878 modo
387 2815 542 2897 premisso
558 2815 697 2899 plebano
714 2814 856 2880 eiusdem
872 2814 1005 2880 ecclesie
1022 2812 1102 2877 dare
1118 2819 1152 2878 et
1164 2813 1287 2895 persol-

151 2943 227 2986 vere
256 2929 441 3004 teneretur;
456 2925 536 2990 item
561 2931 705 3008 tempore
724 2925 972 2990 katezizacionis
998 2929 1031 2988 et
1055 2921 1288 3006 baptizaoionis

151 3052 328 3114 puerorum
345 3055 403 3116 pro
420 3034 562 3100 candelis
589 3034 713 3100 clericis
733 3033 901 3099 denarium
922 3033 1000 3098 dare
1015 3054 1081 3098 non
1096 3035 1287 3097 tenerentur

149 3137 344 3222 parochiani
368 3143 533 3223 prenotati
549 3141 609 3206 tali
626 3141 822 3225 obligamine
840 3143 1022 3225 interserto,
1039 3139 1127 3224 quod
1144 3137 1287 3223 quando-

151 3267 282 3331 cunque
301 3248 420 3330 profati
445 3251 578 3315 comites
603 3250 654 3315 vel
679 3271 789 3316 eorum
815 3251 1005 3333 superstites
1022 3253 1079 3314 aut
1099 3247 1287 3330 iobagiones

150 3364 320 3440 presentes
336 3364 370 3422 et
384 3358 487 3423 futuri
503 3365 536 3423 et
552 3359 738 3424 eorumdem
754 3359 891 3424 heredes
910 3359 944 3424 in
959 3357 1123 3442 premissis
1139 3353 1287 3420 omnibus

149 3463 249 3530 modo
264 3465 401 3548 aliquali
419 3467 591 3551 persistere
607 3473 805 3550 recusarent,
830 3474 909 3532 tunc
932 3465 1071 3550 quilibet
1087 3485 1198 3530 eorum
1214 3462 1285 3528 abs-

150 3593 216 3655 que
232 3574 384 3656 porcione
408 3575 524 3640 iudicis
549 3582 664 3642 contra
679 3582 872 3641 annotatum
898 3574 1071 3657 plebanum
1087 3573 1139 3638 vel
1163 3591 1287 3637 succes-

149 3703 240 3746 sores
257 3681 400 3748 eiusdem
415 3689 492 3748 ante
507 3683 577 3749 litis
586 3685 766 3768 ingressum
777 3683 881 3749 eidem
896 3683 948 3748 vel
964 3683 1085 3748 eisdem
1095 3678 1287 3764 deponenda

150 3791 398 3856 convinceretur
413 3791 447 3857 in
462 3813 528 3856 una
543 3814 653 3858 maroa
679 3791 893 3876 denariorum,
909 3797 942 3856 et
958 3790 1000 3857 ob
1017 3813 1115 3875 quam
1131 3809 1199 3854 rem
1215 3789 1286 3871 ipsa

147 3898 219 3962 litis
253 3900 392 3966 materia
416 3899 503 3966 inter
536 3900 701 3984 predictas
725 3907 835 3985 partes
871 3901 1066 3965 incitaretur
1090 3897 1194 3963 eidem
1217 3896 1286 3981 ple-

148 4005 238 4073 bano
253 4008 429 4074 inmediate
444 4009 540 4094 plene
556 4009 737 4092 persolvere
761 4014 950 4074 tenerentur
975 4013 1009 4073 et
1034 4009 1170 4090 integre,
1186 4009 1286 4088 atque

148 4115 185 4180 in
202 4115 374 4200 quindenis
389 4117 489 4201 ipsius
506 4117 740 4182 satisfaccionis
758 4124 791 4181 et
807 4117 980 4182 solucionis
1000 4116 1063 4200 ipsi
1079 4113 1218 4199 plebano
1237 4115 1285 4178 in·

149 4245 250 4308 pense
282 4224 420 4309 quilibet
450 4225 592 4308 ipsorum
624 4227 777 4290 comitum
808 4231 841 4290 et
874 4224 1145 4308 parochianorum
1176 4221 1283 4306 predi·

149 4337 281 4397 ctorum
306 4332 458 4416 vigesimo
475 4333 590 4416 quinto
614 4353 647 4397 se
678 4334 755 4416 ipsis
770 4333 925 4398 inclusive
944 4337 1051 4397 sumto
1067 4329 1205 4397 eundem
1219 4329 1286 4413 ple·

148 4437 275 4504 barrum
290 4441 377 4506 circa
387 4441 517 4505 domum
528 4441 670 4506 eiusdem
685 4441 816 4524 placare
827 4440 1034 4522 tenebuntur,
1050 4439 1158 4524 adque
1178 4440 1286 4504 omnia

147 4548 366 4631 premissaet
390 4549 520 4633 singula
537 4550 768 4633 premissorum
797 4549 951 4634 prelibati
976 4549 1110 4614 comites
1141 4548 1285 4631 seipsos

147 4656 367 4739 personaliter
392 4663 584 4724 annotatum
610 4663 717 4724 autem
736 4657 901 4724 Mathiam
925 4662 1117 4740 procurator
1143 4655 1284 4722 eiusdem
