3132 5470
543 453 637 514 1327.
654 469 727 514 1111.
745 453 795 513 21.
1166 452 1229 514 281

113 630 148 695 16
171 630 269 712 gestis
293 627 524 695 infidelitatum
549 629 730 696 infidelium
756 629 975 713 predictorum
1000 652 1060 715 pro
1077 632 1233 697 memoria

112 739 242 824 postoris
261 737 458 804 reservanda
483 719 524 803 ne
540 739 679 805 similem
694 739 836 822 ingentis
852 760 1001 805 excessus
1026 739 1134 804 labem
1159 762 1232 807 con-

114 847 271 912 trahentes
286 847 349 912 hiis
364 847 574 912 malemeritis
591 845 808 931 parificabiles
825 852 1018 913 censeantur
1027 848 1233 932 presentibus

113 954 256 1020 duximus
280 954 467 1019 inserenda:
484 955 545 1020 1111
561 955 718 1038 siquidem
743 956 915 1020 memorati
940 955 1130 1021 divertendo
1146 977 1166 1020 a
1182 957 1234 1022 116

113 1061 273 1128 fidelitatis
297 1061 390 1127 nobis
415 1067 448 1127 et
472 1083 563 1128 sacre
588 1063 676 1146 regie
702 1084 820 1128 corone
845 1069 956 1128 nostre
972 1062 1081 1128 debite
1097 1063 1233 1131 Matheo

113 1171 149 1236 de
171 1169 359 1236 Trinchinio
384 1169 517 1257 speciali
541 1169 664 1236 infideli
691 1175 801 1236 nostro
833 1170 985 1236 damnate
1016 1173 1170 1237 memorie
1201 1179 1234 1240 et

113 1279 197 1362 regni
222 1276 358 1362 predoni
382 1277 549 1362 pestilenti
575 1278 768 1344 adherentes
792 1279 826 1344 in
852 1277 1003 1344 conflictu
1028 1301 1124 1363 quern
1149 1281 1234 1346 11661

113 1388 263 1453 Matheus
280 1408 418 1452 unacum
434 1387 508 1452 aliis
523 1385 745 1471 proditoribus
759 1389 879 1453 nostris
895 1393 1002 1453 erecto
1019 1409 1075 1454 666
1091 1390 1233 1472 nephan-

114 1497 238 1563 dissime
263 1497 496 1580 presumcionis
520 1497 637 1562 vexillo
662 1497 697 1560 in
725 1517 837 1579 campo
855 1495 897 1561 16
912 1497 1052 1581 Ruzgun
1068 1499 1160 1564 iuxta
1176 1497 1234 1564 tlu-

115 1605 195 1669 rium
212 1605 342 1670 Tarcho
357 1625 458 1688 prope
469 1605 632 1669 civitatem
642 1610 787 1670 nostram
799 1601 1236 1672 Oassavooatamnobiscum

112 1713 222 1779 habuit
246 1713 318 1778 ausi
333 1719 408 1778 sunt
425 1717 540 1779 contra
555 1719 701 1779 nostram
717 1714 921 1778 maiestatem
936 1719 1052 1798 utpote
1069 1715 1233 1780 dominum

64 1867 66 1872 ·
113 1841 217 1886 eorum
233 1820 416 1886 naturalem
432 1821 566 1886 hostilia
582 1827 615 1886 et
631 1821 760 1887 servilia
776 1841 903 1886 morere
920 1843 1010 1888 arma
1026 1827 1060 1887 et
1075 1844 1235 1908 pugnare;

113 1935 143 1993 et
158 1929 286 1994 demum
302 1931 336 1994 in
352 1929 465 1994 eadem
481 1951 540 1996 sua
554 1928 748 2014 infidelitate
764 1930 870 1996 animo
890 1929 1055 1996 obstinato
1071 1932 1236 1998 inconver-

111 2036 247 2102 tibiliter
270 2042 512 2122 perseverantes
537 2039 569 2102 in
596 2039 824 2104 contumeliam
851 2043 960 2103 nostre
986 2039 1186 2104 celsitudinis
1203 2047 1237 2106 et

112 2167 226 2211 corone
244 2151 440 2214 contemtum
463 2147 551 2214 mala
575 2148 670 2212 malis
695 2147 929 2214 accumulando
956 2169 1028 2212 cum
1052 2145 1236 2214 hominibus

110 2275 164 2320 seu
179 2254 300 2321 auxilio
317 2255 482 2322 hominum
499 2257 578 2322 dicti
593 2255 721 2322 Mathai
737 2255 968 2322 inestimabilia
984 2277 1092 2321 rerum
1107 2255 1234 2340 damna,

112 2361 286 2428 horrendas
296 2364 474 2447 vastitates,
484 2363 611 2430 infinita
627 2383 836 2448 personarum
849 2362 985 2445 excidia,
996 2364 1236 2447 cymiteriorum

111 2475 141 2534 61
164 2471 373 2536 ecclesiarum
400 2471 646 2556 confracciones,
663 2472 835 2537 viduarum
860 2475 893 2536 et
908 2471 1068 2555 virginum
1094 2471 1236 2538 denuda·

112 2579 214 2644 ciones
240 2580 432 2645 creberrime
458 2581 492 2645 in
516 2601 616 2663 regno
641 2584 751 2645 nostro
778 2579 1103 2662 commiseruntque
1129 2581 1236 2646 omnia

111 2709 181 2753 cum
197 2679 296 2774 celari
312 2695 474 2772 nequeant
499 2693 655 2773 tanquam
671 2711 710 2754 ea
726 2710 788 2772 que
805 2688 944 2772 publicis
960 2688 1129 2754 obtutibus
1153 2687 1233 2754 facti

112 2795 273 2862 611166616
289 2797 540 2862 1661616111666
558 2818 626 2862 6666
641 2798 770 2863 6616116
794 2798 1055 2881 pronunciantes,
1071 2797 1110 2862 de
1126 2795 1232 2881 prela·

110 2913 217 2972 torum
242 2913 275 2974 et
298 2907 458 2974 baronum
482 2915 668 2974 nostrorum
694 2909 826 2975 consilio
852 2909 943 2992 regni
959 2910 1060 2974 661616
1076 2908 1234 2973 nobilium

110 3037 240 3104 assensu
255 3023 469 3082 concurrente
494 3005 698 3100 supradictos
723 3015 869 3082 infideles
885 3017 1067 3100 specialiter
1083 3017 1234 3100 possessi-

110 3123 223 3188 onibus
240 3124 305 3188 suis
321 3121 464 3207 (iunges,
480 3125 580 3207 Bene,
597 3123 704 3190 Hales
716 3159 718 3164 ·
730 3131 763 3189 61
778 3123 915 3209 Noguth
931 3127 1054 3191 1666116
1078 3127 1112 3190 16
1137 3124 1234 3190 comi·

109 3237 180 3297 tatu
197 3231 237 3298 16
251 3231 473 3318 Heneswyuar
489 3233 701 3298 existentibus
726 3234 921 3318 generaliter
944 3241 1054 3300 autern
1079 3233 1236 3298 universis

109 3341 228 3424 ubique
258 3341 403 3424 parcium
436 3347 469 3405 et
500 3342 712 3408 comitatuum
737 3343 828 3425 regni
851 3343 956 3408 nostri
980 3341 1167 3408 constitutis
1201 3347 1235 3406 et

109 3449 192 3514 sicut
217 3470 271 3514 eos
296 3450 341 3514 sic
366 3453 398 3513 61
424 3447 565 3514 Paulum
589 3447 692 3514 filium
715 3450 808 3516 Petri
834 3450 1008 3516 consimilis
1032 3449 1235 3514 infidelitatis

109 3557 258 3640 contagio
283 3556 464 3642 pollicitum
481 3561 514 3621 et
530 3558 689 3622 commissi
706 3558 836 3624 sceleris
852 3580 916 3624 non
933 3558 1094 3641 disparem
1110 3558 1235 3622 iuribus

108 3665 255 3729 omnibus
271 3665 298 3730 61
314 3685 377 3749 que
392 3664 427 3728 in
443 3664 539 3729 dictis
555 3664 808 3748 possessionibus
834 3665 1075 3749 quomodolibet
1100 3664 1236 3730 haberet

109 3773 353 3856 quibuscunque
377 3773 600 3838 instrumentis
617 3774 794 3856 spoliantes
811 3775 1062 3840 condemnamus
1078 3773 1234 3838 6111111116-

107 3882 193 3946 modi
203 3882 419 3946 instrumenta
435 3901 492 3964 per
507 3882 613 3964 ipsum
623 3881 764 3947 Paulum
780 3904 853 3947 suos
869 3881 1004 3948 heredes
1020 3903 1058 3947 66
1074 3869 1235 3948 1161611116

107 3977 286 4054 infidelium
311 3989 447 4054 obtenta
478 4011 671 4074 quacunque
696 3991 821 4056 astucia
844 3992 894 4055 161
924 3989 999 4055 1616
1033 3991 1099 4054 6116
1123 3993 1236 4055 666116

107 4099 171 4160 6116
188 4098 406 4181 capitulorum
422 4098 471 4162 161
488 4103 704 4164 conventuum
728 4105 786 4163 aut
809 4099 953 4164 iudicum
970 4118 1235 4182 quorumcunque

106 4205 256 4289 existant,
281 4205 447 4271 irritamus
472 4205 635 4271 1666616116
660 4205 865 4290 presentibus
890 4207 1002 4290 utique
1027 4206 1235 4272 decernentes

106 4333 169 4376 non
202 4313 326 4394 161616,
358 4319 391 4378 61
420 4335 461 4378 66
486 4313 648 4379 dictorum
673 4313 850 4380 infidelium
875 4314 1045 4398 presertim
1070 4311 1235 4396 quondam

105 4419 254 4485 Ladizlai
284 4419 395 4485 fratris
426 4421 611 4486 eorumdem
642 4424 779 4506 posteris
810 4427 868 4488 aut
898 4419 1069 4487 heredibus
1085 4441 1236 4504 processu

105 4537 289 4611 temporum
304 4528 448 4592 scintilla
463 4531 514 4594 161
530 4531 666 4596 61166166
682 4531 870 4596 calliditatis
888 4530 979 4595 dolus
989 4529 1136 4594 veritatis
1153 4529 1236 4594 obex

105 4637 328 4704 resciscitandi
343 4637 435 4702 litem
454 4640 504 4704 161
519 4643 690 4706 materiam
706 4641 885 4725 quescionis
902 4644 1014 4726 pateat
1038 4660 1095 4707 seu
1112 4660 1236 4708 sucore-
