3172 5462
353 423 415 486 148
702 434 890 485 1111111111
906 421 1123 485 1111111111.

350 606 383 664 11
408 597 570 666 confessus
596 605 653 681 est,
678 598 765 680 quod
780 598 866 663 idem
892 599 1048 683 magister
1071 599 1268 682 Lampertus
1293 595 1466 664 antediem

348 709 463 773 mortis
480 729 535 772 sue
561 707 595 771 in
613 705 811 772 confessione
826 727 886 771 sua
904 707 989 772 inter
1006 707 1328 790 ceteraslegaciones
1344 706 1466 770 1111111-

346 816 497 880 naciones
513 835 587 878 suas
604 814 731 878 domine
751 815 892 880 consorti
902 835 958 879 sue
969 813 1197 879 demandasset
1213 813 1347 879 eandem
1363 813 1466 878 intime

345 923 540 1007 postulando
558 921 645 1006 quod
660 922 789 986 litteras
805 923 870 986 sive
879 923 1096 987 instrumenta
1112 943 1209 1005 super
1224 921 1465 1004 possessionibus

347 1031 457 1116 Teyed
488 1029 700 1095 Koumabaza
716 1034 748 1094 et
764 1029 852 1114 Wyk
883 1031 1007 1096 vocatis
1033 1029 1196 1096 confectas
1220 1028 1324 1094 nobili
1348 1028 1465 1092 domine

345 1139 487 1204 consorti
517 1138 667 1202 videlicet
683 1137 806 1204 Thome
832 1137 891 1204 filii
915 1137 1029 1204 Ihonis
1054 1137 1114 1202 filii
1137 1137 1224 1202 Pose
1249 1138 1351 1202 sorori
1375 1137 1465 1220 ipsius

344 1247 493 1330 magistri
524 1245 692 1328 Lamperti
717 1247 781 1310 sive
806 1249 1011 1330 procuratori
1035 1246 1103 1310 eius
1128 1245 1264 1310 reddere
1289 1243 1419 1309 deberet
1437 1251 1465 1308 et

343 1353 932 1440 1111111111(1111111111111111111
956 1355 1142 1420 litterarum
1167 1353 1308 1418 animam
1333 1352 1462 1418 eiusdem

342 1464 491 1547 magistri
515 1460 686 1545 Lamperti
711 1483 818 1526 coram
845 1461 904 1526 deo
930 1466 1133 1545 aggravaret.
1160 1459 1287 1526 Datum
1313 1459 1463 1525 dominico

340 1571 393 1638 die
418 1571 566 1656 proximo
605 1575 679 1652 post
708 1569 826 1636 festum
852 1569 1041 1654 Margarete
1072 1569 1215 1652 virginis,
1241 1589 1326 1634 anno
1352 1569 1463 1634 domini

338 1677 395 1745 M⁰
411 1677 512 1745 0000
527 1676 619 1742 XX⁰
635 1683 761 1760 quarto.

446 1841 576 1892 Zarlatdn
589 1840 682 1905 pacsdt
694 1841 870 1906 nyomaivs13
893 1840 1023 1905 eredetije
1044 1840 1229 1905 Keszthelyen
1253 1855 1270 1890 a
1283 1855 1324 1904 gr.
1337 1840 1460 1890 Festetics

337 1947 374 1983 cs.
386 1933 460 1982 lban.
474 1931 659 1994 Mimallones,
671 1935 713 1980 27.

338 2399 434 2462 1324.
467 2423 488 2462 a
519 2399 662 2464 Kaballa
684 2399 783 2486 folyc'
816 2399 945 2463 ozelleiti
974 2400 1102 2484 kirolyi
1132 2400 1301 2478 tuboe-baa,
1325 2398 1389 2483 jul.
1415 2398 1458 2460 16.

335 2505 443 2591 Frrlop
457 2507 564 2570 addar
595 2507 745 2572 Poszrori
772 2507 957 2590 Orbdafio‘t
977 2509 1111 2572 Miklo'et
1142 2507 1262 2572 Tameia
1277 2507 1331 2590 fla
1349 2507 1458 2572 lat-bb
1559 2557 1560 2564 ,

461 2615 542 2679 silea
558 2638 578 2678 a
594 2616 688 2700 911111
704 2615 865 2700 triptotum
882 2615 954 2680 elau
970 2615 1181 2680 cekltlete‘telru
1197 2615 1337 2680 11111111κὶ.

440 2771 511 2838 Nos
535 2773 716 2858 Phylippus
747 2775 913 2858 palatinus
938 2773 1036 2840 iudex
1061 2796 1270 2840 comanorum
1297 2795 1399 2841 comes
1421 2773 1456 2838 de

333 2877 454 2962 Scepus
470 2886 503 2945 11
519 2881 559 2946 de
574 2881 702 2965 Wyuar
718 2881 831 2949 damus
847 2903 905 2966 pro
921 2884 1085 2968 memoria,
1102 2883 1189 2967 quod
1208 2881 1366 2948 Nicolaus
1380 2880 1456 2946 filius

332 2985 485 3056 Vrbanus
502 3011 574 3054 cum
590 2990 704 3073 viginti
716 2991 859 3074 quinque
869 2991 1032 3057 nobilibus
1042 2993 1103 3056 sibi
1115 2991 1274 3057 similibus
1285 3013 1318 3057 se
1334 2989 1456 3056 inclusis
1557 3015 1558 3024 ¹

333 3095 366 3160 in
377 3097 499 3162 octavis
510 3097 599 3161 beati
608 3096 782 3162 Michaelis
792 3098 979 3182 archangeli
989 3121 1074 3166 nuno
1090 3101 1233 3165 venturis
1255 3121 1364 3166 coram
1379 3098 1455 3180 capi-

331 3202 401 3268 tulo
418 3201 443 3267 J
444 3204 584 3269 auriensi
601 3211 716 3270 contra
731 3203 905 3270 Nicolaum
921 3204 1024 3270 filium
1043 3205 1168 3272 Thome
1194 3207 1354 3290 prestabit
1369 3225 1455 3288 super
1556 3241 1557 3266 2

332 3329 369 3373 eo
386 3306 662 3397 (sacramentum),
680 3312 767 3394 quod
782 3313 851 3395 ipse
870 3312 1006 3378 eundem
1016 3312 1190 3379 Nicolaum
1200 3313 1288 3397 apud
1298 3314 1454 3379 dominum

332 3415 473 3481 eiusdem
489 3439 548 3502 pro
564 3417 767 3484 fideiussione
784 3442 847 3484 nou
871 3421 1067 3505 imposuerit,
1093 3445 1179 3488 nune
1203 3421 1290 3487 idem
1315 3421 1454 3487 dominus
1555 3457 1556 3466 1

330 3545 407 3588 suus
432 3547 491 3608 pro
526 3525 637 3592 eadem
668 3526 869 3594 fideiussoria
900 3530 1005 3612 ipsum
1041 3531 1253 3614 captivaverit
1287 3535 1321 3596 11
1344 3529 1453 3597 sibiin

330 3631 478 3696 omnibus
495 3654 608 3717 expers
624 3633 723 3699 fuerit
739 3641 772 3700 11
788 3637 936 3720 inmunis,
962 3645 995 3703 et
1020 3643 1134 3705 octavo
1160 3637 1212 3704 die
1238 3641 1353 3705 seriem
1376 3641 1452 3704 iura-
1554 3677 1555 3686 2

329 3739 430 3803 monti
454 3740 488 3804 in
504 3741 623 3805 littoris
640 3742 782 3806 eiusdem
799 3745 933 3828 capituli
950 3767 1058 3812 coram
1085 3747 1202 3812 comite
1228 3745 1355 3812 Thema
1378 3747 1451 3810 vioe·

327 3846 434 3911 iudice
464 3853 574 3914 nostro
600 3849 696 3914 Bude
720 3851 875 3916 residenti
892 3853 1097 3918 exhibebunt
1116 3853 1242 3919 Datum
1267 3855 1301 3919 in
1317 3855 1452 3920 exercitu

328 3953 451 4020 domini
466 3957 553 4038 regis
568 3957 660 4023 iuxta
675 3955 808 4022 fluvium
838 3958 1012 4046 Kvkvlleu,
1036 3961 1118 4028 feria
1146 3963 1289 4028 secunda
1313 3964 1450 4047 proxima

325 4067 399 4144 post
413 4061 532 4128 festum
548 4064 644 4129 beate
660 4064 849 4150 Margarete
865 4069 1008 4154 virginis,
1034 4091 1120 4136 anno
1146 4071 1268 4136 domini
1284 4069 1448 4138 Μ10000
1552 4085 1553 4112 l

324 4168 475 4235 vicesimo
500 4177 627 4254 quarte.

432 4331 456 4381 A
469 4334 549 4396 gyori
563 4333 752 4398 kdptalannek
764 4340 923 4402 ugyancsek
948 4345 1026 4391 1324.
1049 4348 1102 4393 oct.
1128 4343 1190 4393 7-11
1204 4343 1263 4395 kalt
1276 4341 1446 4401 oklevelebdl,

324 4417 398 4481 mely
412 4420 515 4470 suerint
529 4422 674 4474 »Nicolaus
687 4425 760 4476 filius
774 4427 879 4478 Urbani
892 4430 925 4479 de
938 4431 1055 4480 Pastor«
1078 4432 1253 4482 buszonbtbd
1276 4433 1401 4497 magdval
1418 4442 1447 4479 uz

323 4506 404 4556 esktit
413 4507 509 4559 1111111
521 4525 528 4576 3
546 4513 636 4562 ennek
649 4515 780 4580 eredetije
794 4531 810 4566 a
822 4517 855 4569 N.
869 4520 1063 4571 Muzeumbau.
