3152 5472
357 527 421 591 582
711 533 898 584 surouuoru
915 519 1132 580 ornturrtu.

358 711 432 772 453.
449 725 490 768 su.
508 701 551 788 u.)
568 751 599 766 ..
629 699 673 764 Iu
704 699 793 764 ouius
824 697 871 762 rei
897 695 1084 761 memoriam
1109 699 1360 779 perpetuamque
1380 691 1458 757 tirmi-

357 821 459 879 tutem
475 809 516 875 nd
541 811 699 874 instantes
715 805 891 892 peticiones
906 803 1054 889 parcium
1074 803 1302 887 promissarum
1318 807 1455 884 presentes

362 920 576 987 concessimus
598 915 735 999 duplicis
751 912 850 998 sigilli
869 913 972 980 nostri
982 912 1159 976 munimine
1168 911 1344 976 roboratos.
1358 906 1460 974 Datum

364 1027 577 1096 indominica
601 1023 779 1105 invocavit,
805 1043 890 1090 auno
915 1020 1035 1088 domini
1062 1017 1240 1085 Millesimo
1267 1019 1460 1083 trecentesimo

361 1138 525 1206 tricesimo
542 1133 691 1201 secundo.

466 1300 490 1349 A
504 1299 596 1350 ketttts
618 1297 711 1363 pecstt
735 1294 902 1359 seber-piros
924 1295 1026 1359 selyem
1049 1254 1182 1345 sudraton
1203 1294 1290 1358 sr'rgffi
1309 1291 1422 1356 eredetije
1437 1307 1461 1339 az

359 1407 428 1442 orez.
442 1390 498 1441 lte'u·
510 1389 609 1441 kiucst.
625 1392 689 1439 oszt.
714 1387 747 1437 N.
772 1387 805 1437 R.
819 1386 853 1436 A.
873 1389 933 1436 409.
950 1389 991 1436 18.
1006 1385 1073 1447 dipl.
1087 1385 1161 1435 ltetr:
1177 1387 1256 1435 2698.
1269 1383 1363 1434 Kozli:
1374 1381 1461 1433 Kortcs

360 1480 484 1534 mentor.

890 1877 965 1939 495.

363 2045 457 2106 1332.
482 2039 652 2126 Viscprdd,
678 2049 772 2103 rrrrrrt.
800 2040 850 2104 II.
880 2039 1025 2102 Demeter
1044 2037 1277 2102 triruokruestcr
1293 2035 1362 2100 elec
1377 2033 1466 2097 Bouc-

360 2149 479 2236 9uutui
489 2149 596 2216 Jrirws
607 2151 639 2212 e's
652 2145 786 2233 Gyiirpy
797 2147 956 2211 Petteuch
963 2145 1018 2229 fia
1029 2145 1161 2231 Gytirpy
1178 2145 1259 2209 ellan
1269 2143 1466 2207 uriudcuueuut

729 2254 896 2319 iceresetrt'l
916 2251 1138 2318 lemouduuuk.

469 2415 540 2483 Nos
565 2414 751 2481 Demetrius
782 2414 938 2498 magister
963 2413 1237 2480 thawarnioorum
1264 2414 1379 2481 domini
1402 2414 1468 2495 regis

365 2527 480 2594 damus
496 2548 555 2612 pro
572 2525 735 2608 memorie,
753 2523 838 2606 quod
870 2523 1024 2606 magister
1040 2522 1065 2589 J
1067 2523 1209 2589 ohannes
1235 2523 1275 2588 de
1299 2522 1468 2606 Bonagmto

368 2643 400 2702 et
415 2633 579 2716 Georgius
602 2633 704 2700 irater
729 2631 872 2697 eiusdem
898 2681 928 2696 ..
952 2629 1087 2697 confessi
1113 2639 1190 2697 sunt
1215 2681 1247 2698 ..
1273 2632 1359 2717 quod
1380 2650 1469 2696 omues

365 2735 479 2811 censes
495 2743 641 2827 ipsorum
658 2763 737 2825 quas
753 2761 855 2824 usque
870 2762 956 2805 nunc
982 2748 1095 2806 contra
1110 2738 1292 2825 Georgium
1307 2741 1401 2806 filium
1422 2737 1469 2803 Pe·

365 2851 485 2917 theuch
496 2851 676 2935 proximum
688 2847 888 2914 etfamulum
898 2854 1045 2914 nostlum
1062 2855 1094 2914 et
1110 2851 1211 2915 eciam
1228 2869 1341 2917 causas
1355 2849 1468 2916 famulo·

363 2982 435 3024 rum
452 2980 583 3024 suorum
598 2965 733 3043 propter
748 2957 869 3022 bonum
885 2957 975 3041 pacis
992 2965 1025 3022 et
1051 2957 1223 3023 concordie
1248 2960 1392 3026 unionem
1413 2977 1468 3042 pre-

363 3067 450 3132 dicto
482 3063 626 3150 Georgio
652 3067 782 3150 penitus
809 3071 840 3130 et
865 3085 923 3148 per
948 3065 1055 3132 omnia
1080 3066 1275 3133 remiserunt
1299 3075 1331 3132 et
1353 3069 1378 3132 si
1405 3085 1468 3149 ques

364 3176 476 3241 literas
493 3174 633 3240 cuiusvis
654 3174 790 3258 capituli
805 3174 857 3238 rel
874 3180 1049 3240 conventus
1066 3181 1180 3240 contra
1205 3174 1363 3258 prefatum
1387 3171 1469 3240 Geor-

365 3283 452 3368 gium
482 3283 640 3348 haberent
671 3282 757 3365 ipsus
783 3303 892 3347 omnes
917 3283 1030 3348 literas
1055 3289 1201 3349 mortuas
1226 3283 1428 3349 reddiderunt
1447 3289 1470 3344 et

363 3395 514 3472 cassatas,
531 3396 564 3454 et
581 3389 657 3454 siin
674 3409 825 3475 processu
845 3397 1028 3475 temporum
1050 3391 1213 3474 predictas
1229 3393 1356 3458 litteras
1379 3400 1470 3458 oontm

364 3499 470 3582 ipsum
488 3494 666 3582 Georgium
682 3497 812 3562 habites
828 3518 929 3582 nsque
955 3519 975 3562 a
999 3497 1078 3564 data
1103 3501 1307 3582 presencium
1330 3501 1362 3565 in
1385 3500 1470 3564 lucem

364 3605 623 3690 quandocunque
633 3603 756 3671 fuerint
766 3605 910 3672 exhibite
920 3603 1041 3672 viribus
1053 3613 1187 3674 careant
1196 3609 1325 3691 penitus
1335 3616 1365 3674 et
1374 3608 1470 3690 rigore,

363 3737 481 3800 penum
507 3715 682 3782 collumnia
696 3716 858 3782 incursuri
874 3717 900 3781 si
916 3715 1061 3801 aliquem
1078 3737 1209 3783 oausam
1227 3716 1314 3783 idem
1339 3716 1469 3800 magister

363 3823 387 3890 J
390 3822 533 3888 ohannes
550 3829 583 3888 et
598 3821 762 3909 Georgius
778 3825 818 3890 de
833 3823 988 3909 predictis
1014 3825 1120 3890 causis
1145 3825 1210 3890 iem
1236 3827 1354 3910 elapsis
1376 3831 1469 3890 contro

365 3937 548 4015 protectum
563 3929 745 4016 Georgium
760 3933 942 4017 incitarent,
959 3931 1001 3998 ud
1018 3932 1106 4017 quod
1122 3953 1154 3998 se
1171 3942 1348 4017 spontanee
1364 3933 1468 4015 oblige-

365 4044 442 4104 runt
458 4038 635 4104 voluntate.
651 4037 777 4105 Dntum
792 4041 826 4104 in
841 4039 1052 4124 Wyssegrnd,
1068 4040 1101 4106 in
1112 4042 1233 4108 octaris
1249 4041 1314 4108 diei
1330 4039 1468 4117 Oinerum,

366 4167 451 4212 anuo
469 4143 591 4211 domiui
607 4145 661 4210 Μ0
677 4144 778 4214 000⁰
794 4145 924 4212 XXX⁰
948 4146 1099 4215 secundo.

469 4309 600 4360 zer-laten
621 4307 714 4387 pecset
737 4311 916 4377 uyomaivu13
939 4310 1069 4376 eredetije
1090 4313 1152 4364 aN.
1166 4315 1358 4366 Muzeumbsu.
1389 4308 1471 4360 nem:

363 4397 488 4463 Tegtuyi
500 4399 534 4448 K.

851 4583 1009 4594 ---.--·
