3112 5466
638 897 716 958 205.

113 1075 206 1138 1325.
225 1097 297 1138 rico.
312 1077 343 1138 8.
362 1071 390 1136 Α
409 1076 536 1158 opita-oi
551 1075 710 1159 tdptolon
730 1076 803 1139 etta
826 1076 971 1142 Vo'sa'rdi
988 1077 1120 1162 Gyo'rpy
1137 1079 1169 1141 e‘s
1186 1075 1245 1138 Lo-

418 1182 516 1244 tlzu'rd
529 1181 581 1262 fia
598 1181 718 1246 aliatus
734 1182 936 1247 kibe'kltluclr.

219 1358 292 1424 Nos
310 1359 488 1442 capitulum
515 1359 649 1423 ecclesie
674 1357 849 1426 Nitriensis
865 1411 872 1424 .
890 1411 897 1425 .
914 1360 1133 1444 significamus
1159 1362 1246 1445 quod

112 1467 229 1531 comite
247 1465 392 1550 Georgio
418 1466 485 1532 filio
502 1467 595 1532 Petri
611 1468 651 1531 de
667 1467 811 1532 Wasard
827 1468 868 1533 ab
887 1492 952 1534 una
976 1476 1069 1553 purte
1097 1477 1129 1535 et
1147 1471 1246 1536 Nico-

111 1575 161 1640 lao
177 1574 248 1640 filio
265 1575 425 1641 Lothardi
443 1597 482 1640 ex
503 1577 607 1641 altera
633 1598 744 1642 coram
771 1575 863 1641 nobis
888 1579 1104 1660 personaliter
1130 1581 1246 1644 consti·

111 1683 190 1747 tutis
216 1685 419 1767 propositum
446 1685 554 1748 extitit
569 1705 627 1767 per
644 1683 772 1749 eosdem
789 1690 821 1748 et
837 1685 974 1750 relatum
1002 1685 1089 1769 quod
1114 1693 1248 1771 propter

111 1789 234 1856 bonum
250 1793 340 1874 pacis
358 1798 390 1856 et
405 1790 630 1856 indissolubile
646 1792 809 1856 vinculum
826 1793 1043 1876 proximitatis
1056 1795 1089 1858 in
1100 1794 1250 1860 omnibus

113 1901 218 1964 causis
236 1901 463 1966 controversiis
480 1900 605 1965 damnis
615 1901 666 1964 vel
678 1902 878 1966 nocumentis
894 1901 1183 1986 quomodocunque
1199 1926 1250 1969 us-

112 2008 274 2090 quemodo
291 2009 376 2073 inter
392 2030 446 2074 eos
461 2009 556 2073 motis
573 2013 606 2074 et
625 2010 745 2073 exortis
761 2013 874 2074 mutuo
897 2009 1190 2077 condescendentes
1207 2012 1248 2077 ad

112 2117 209 2198 plene
227 2123 261 2182 et
271 2123 427 2201 perpetue
443 2117 533 2201 pacis
550 2118 700 2182 unionem
722 2116 933 2200 devenissent,
944 2117 1139 2184 talivinculo
1150 2121 1249 2184 inter-

112 2227 230 2308 posito,
247 2226 335 2309 quod
351 2227 376 2291 si
402 2248 467 2309 qua
492 2227 638 2310 parcium
664 2248 761 2308 super
776 2227 941 2309 premissis
967 2227 1093 2292 ‹lanrnis
1119 2235 1247 2294 contro-

112 2336 227 2400 versiis
244 2335 296 2399 vel
312 2336 513 2399 nocumentis
530 2339 643 2399 contra
658 2339 784 2417 partem
801 2333 969 2399 adversam
994 2336 1106 2418 quovis
1124 2337 1249 2419 quesito

114 2445 227 2510 colore
254 2443 461 2527 quesoionem
493 2441 544 2506 vel
568 2442 659 2506 litem
685 2463 812 2506 movere
838 2447 1016 2506 attentaret
1041 2449 1100 2507 aut
1123 2447 1249 2525 partem

113 2553 252 2620 eandem
280 2553 313 2616 in
333 2551 479 2616 futurum
504 2549 792 2634 quomodocunque
818 2551 1008 2616 molestaret
1027 2549 1250 2615 damnificaret

112 2664 163 2727 vel
181 2661 334 2726 turbaret
349 2666 382 2724 et
397 2659 460 2722 hoc
475 2659 658 2723 testimonio
685 2657 838 2723 Mauricii
864 2657 903 2720 (le
928 2655 1028 2741 Kaap
1045 2663 1078 2721 et
1094 2655 1249 2722 Oorrardi

112 2770 152 2834 dc
170 2769 248 2852 Zily
264 2767 421 2832 nobilium
438 2788 496 2850 por
520 2766 606 2849 ipsas
633 2770 741 2848 partes
768 2765 997 2848 deputatorum
1022 2787 1131 2830 coram
1157 2765 1250 2830 nobis

110 2885 226 2962 posset
244 2875 456 2959 comprobari,
473 2880 591 2938 extunc
608 2873 719 2938 eadem
744 2895 820 2956 pars
836 2874 869 2937 in
887 2874 1001 2956 viginti
1017 2875 1135 2938 marcis
1153 2873 1250 2938 dena·

110 2989 240 3052 riorum
257 2989 333 3049 ante
348 2983 528 3066 ingressum
546 2981 717 3046 cuiuslibet
742 2981 858 3045 iudicis
875 2980 1160 3064 persolvendorum
1178 3003 1251 3046 con-

110 3097 303 3159 vinceretur
318 3093 389 3174 ipso
405 3089 491 3155 facto
508 3091 594 3174 parti
611 3090 731 3154 dictam
749 3089 989 3154 ordinacionem
1001 3095 1033 3153 et
1046 3088 1250 3154 concordiam

110 3202 282 3269 toleranti.
299 3200 422 3264 Datum
439 3199 471 3262 in
489 3199 610 3264 octaris
626 3197 779 3264 Omnium
797 3197 1000 3280 Sanctorum,
1026 3219 1111 3262 rinno
1128 3197 1250 3262 domini

109 3311 167 3376 sn
186 3307 292 3375 coc⁰
307 3307 398 3371 xxo
415 3309 537 3388 quinto.

226 3491 380 3555 Hzttlspjdn
393 3490 540 3554 pecsdtte15
559 3487 690 3552 credetije
703 3501 719 3535 a
732 3502 773 3552 gr.
794 3487 922 3551 Forgtch
936 3500 971 3536 cs,
984 3486 1103 3550 ghimesi
1117 3485 1251 3536 lter-aban.

108 3583 216 3633 Kozli:
236 3583 320 3644 Pesty
334 3581 458 3644 Frigyes.

166 4671 330 4712 Assousosr
347 4657 510 4707 ouulsrrln
528 4672 547 4706 11
564 4658 625 4706 ultr.
