3154 5474
334 482 398 544 570
680 493 869 543 snrouuom
886 481 1105 542 ovulnvrln.

329 660 423 726 ulnas
440 663 473 726 et
487 655 630 726 latitudo
647 658 832 743 quindecim
849 679 921 725 eum
937 657 1016 726 ulna
1031 677 1088 724 seu
1103 677 1255 725 mensura
1279 676 1442 742 pannorum

329 789 392 853 que
417 773 450 835 et
468 767 596 851 vulgari
619 765 707 854 Reys
730 768 849 834 dieitur
874 789 930 834 seu
954 767 1141 836 nominatur
1166 768 1200 834 in
1225 787 1259 833 se
1276 765 1439 847 eontinent;

329 877 460 960 insuper
485 874 649 960 predictus
664 871 817 942 Andreas
834 875 945 961 Oepo.
961 925 968 942 .
984 877 1135 943 assumsit
1151 877 1185 941 et
1194 875 1222 942 si
1238 875 1295 960 qui
1308 895 1442 960 processu

332 991 513 1069 temporum
538 984 667 1049 racione
692 984 920 1069 premissorum
936 983 1104 1051 domorum
1120 1005 1178 1068 per
1194 984 1302 1068 ipsum
1317 981 1443 1047 vendita·

331 1113 403 1157 rum
419 1089 579 1174 prefatum
595 1091 737 1158 nobilem
747 1092 850 1156 virum
860 1091 1051 1174 magistrum
1068 1089 1224 1158 'I'homam
1237 1139 1263 1156 ..
1279 1090 1445 1173 inquietare

327 1201 576 1266 mitterentur..
608 1201 649 1266 sb
675 1199 824 1266 omnibus
856 1199 1054 1284 expedire
1085 1198 1210 1266 Datum
1243 1196 1379 1264 seeundo
1401 1195 1444 1261 die

328 1310 512 1376 festivitatis
545 1308 631 1375 beati
656 1307 747 1376 Luoe
773 1309 977 1394 evangeliste,
1003 1329 1088 1376 anno
1122 1307 1245 1376 domini
1282 1305 1444 1374 Millesimo

331 1415 432 1484 0000
447 1413 579 1484 XXX⁰
597 1418 711 1503 primo.

436 1580 461 1630 A
474 1581 543 1646 felig
555 1581 590 1646 ep
613 1582 705 1632 kettlis
719 1579 810 1646 penset
822 1582 977 1632 sold-venes
990 1581 1095 1646 selyem
1109 1581 1240 1631 sodrston
1253 1580 1339 1644 fstgg;
1364 1578 1442 1628 erede

328 1672 419 1737 tijesz
437 1687 506 1722 orez.
528 1672 584 1722 listr
605 1670 707 1722 kinest.
733 1675 800 1724 oszt
813 1672 847 1723 N.
866 1671 899 1722 R.
910 1671 945 1722 Ἀ.
959 1674 1021 1722 409.
1038 1675 1078 1722 16.
1092 1670 1157 1736 dipl.
1184 1670 1258 1723 liar:
1274 1667 1442 1720 lealllosli:

327 1763 435 1814 Koraos
447 1761 481 1813 N.

858 2162 932 2225 481.

330 2325 425 2388 1331.
442 2325 678 2408 Pozsorsp,vtoo.
689 2325 741 2388 30.
753 2323 781 2387 l.
798 2323 924 2410 Ksiroly
940 2324 1052 2408 kircily
1069 2324 1185 2388 Boleti
1201 2321 1335 2388 Andrus
1347 2344 1438 2407 pauo-

328 2433 424 2496 szsiro
440 2428 589 2495 Szobolos
605 2432 774 2514 veis-ruepye
800 2429 1012 2516 szolpabircis't
1030 2430 1178 2514 bizen-yos
1195 2431 1319 2516 iipybeu
1336 2430 1439 2513 niaspri·

774 2540 862 2604 loiret
878 2541 1018 2606 kiksrldi.

436 2697 583 2766 Karolus
616 2721 727 2766 rex..
759 2699 919 2767 iudicibus
943 2701 1101 2768 nobilium
1132 2701 1172 2766 de
1205 2702 1357 2768 comitatu
1386 2697 1439 2764 Zo

328 2807 435 2874 bouoh
451 2857 457 2873 .
475 2857 480 2871 .
513 2807 592 2875 dieit
609 2809 702 2874 nobis
718 2807 870 2877 Andreas
886 2811 925 2877 de
950 2809 1056 2877 Boloh
1083 2809 1170 2896 quod
1188 2811 1319 2896 quidam
1333 2809 1437 2877 inimici

329 2923 361 2983 et
377 2919 426 2982 sui
441 2917 583 2983 malivoli
600 2919 634 2984 in
650 2918 761 2984 eadem
780 2921 980 3004 possessione
1005 2919 1112 2988 Boleh
1127 2943 1201 2988 suas
1218 2923 1365 3005 equaoias
1379 2921 1438 3004 ipso

328 3025 361 3088 in
386 3024 527 3090 exercitu
551 3029 662 3091 nostro
688 3027 844 3092 existente
870 3029 1076 3113 recepissent,
1097 3050 1322 3114 superque..
1352 3027 1438 3113 presi·

326 3131 432 3215 pimus
448 3183 455 3197 .
471 3181 478 3197 .
510 3137 667 3216 quatenus
692 3157 775 3201 unus
800 3139 857 3202 aut
873 3135 936 3204 duo
953 3161 992 3203 ex
1008 3137 1098 3205 vobis
1114 3140 1148 3204 in
1164 3137 1275 3205 eadem
1290 3137 1438 3223 provinoja

328 3238 369 3304 ab
394 3239 543 3306 omnibus
567 3241 684 3325 quibus
711 3241 856 3310 decuerit
879 3246 985 3312 sciant
1010 3251 1042 3311 et
1057 3247 1226 3332 inquirant
1242 3243 1438 3313 omnimodum

327 3349 505 3432 veritatem,
530 3354 562 3415 et
592 3354 690 3434 prout
720 3351 811 3418 vobis
845 3355 964 3421 veritas
998 3357 1183 3423 eonstiterit
1217 3357 1257 3422 de
1296 3354 1440 3441 premissis

327 3456 420 3523 nobis
436 3507 465 3522 ..
497 3458 692 3524 rescribatis.
717 3457 842 3527 Datum
871 3461 1014 3548 Posonii‚
1039 3465 1073 3530 in
1098 3463 1181 3531 sesto
1206 3465 1294 3533 beati
1321 3461 1440 3530 Andree

327 3565 473 3650 apostoli,
488 3585 572 3633 anno
588 3565 710 3632 domini
725 3566 779 3634 Μ0
795 3566 895 3636 000ο
911 3568 1041 3638 XXX⁰
1056 3575 1171 3658 primo.

435 3730 570 3780 stboles
589 3730 737 3797 varmepye
750 3732 822 3797 ntgy
833 3737 1071 3802 szolgsblrstjansk
1086 3738 1222 3789 1352·ben
1244 3739 1372 3788 »sabbato
1390 3737 1441 3800 post

327 3819 427 3868 festum
444 3819 666 3883 Epiphaniarmu
688 3821 811 3873 domini«
832 3825 890 3875 kelt
905 3825 1092 3890 jelentesebel,
1116 3828 1246 3891 melyben
1269 3843 1287 3877 a
1310 3824 1439 3890 lsirs'slylysl

328 3907 456 3973 tudatjsilr
468 3908 557 3972 »quod
568 3910 622 3961 hoo
631 3924 703 3962 anno
714 3910 744 3961 in
755 3913 876 3976 presenti
892 3914 922 3966 in
941 3915 1013 3967 festo
1023 3917 1100 3966 besti
1120 3916 1268 3969 Martini..
1288 3917 1374 3981 primo
1391 3915 1439 3964 Ste-

326 3997 435 4060 phanus
458 4012 607 4063 germanus
620 3999 669 4062 Az,
683 4000 751 4050 item
764 4001 910 4054 hadislaus
919 4018 1065 4070 germanus
1079 4005 1210 4070 eiusdem,
1229 4005 1299 4056 item
1317 4005 1440 4057 Johannss

326 4086 400 4136 filius
413 4086 489 4138 Petri
504 4087 554 4137 filii
569 4087 629 4152 Gal,
642 4089 710 4140 item
722 4091 843 4142 «Iacobus
863 4095 937 4145 filins
959 4095 1096 4148 iohannis
1109 4097 1161 4146 fllii
1175 4095 1227 4147 'Pal
1250 4095 1376 4161 equaeiss
1388 4105 1438 4143 snss

326 4177 456 4228 videlieet
473 4178 595 4241 quinque
617 4181 717 4229 electas
742 4195 826 4245 equas
838 4184 868 4234 in
881 4186 977 4236 eadem
997 4187 1168 4251 possessione
1185 4187 1277 4237 Boleh
1298 4187 1370 4237 clara
1388 4185 1437 4233 lues

327 4269 490 4331 potentibus
515 4268 643 4318 manibus
667 4269 728 4334 ipso
742 4274 842 4324 comite
854 4275 968 4326 Andrea
992 4277 1023 4327 in
1048 4281 1142 4327 vestro
1167 4277 1294 4328 exercitu
1319 4275 1436 4328 axmtenlt

325 4357 526 4411 abstulissent«
538 4359 579 4410 Aa
590 4359 677 4412 atirat
689 4363 819 4430 eredetr'je
832 4380 849 4416 a
861 4366 893 4418 N.
906 4367 1100 4432 Muzsumban,
1113 4382 1130 4418 a
1142 4366 1247 4432 Kallay
1260 4381 1297 4419 os.
1308 4367 1378 4418 lbsn.

829 4565 885 4578 ...—
891 4564 960 4576 *vu-
