3130 5470
555 477 649 538 1329.
666 495 742 539 uov.
763 477 813 538 23.
1195 479 1260 540 449

120 651 259 716 nedicto
277 649 507 730 Chanadiensi,
539 649 686 718 Henrico
703 651 938 737 Vesprimiensi
965 653 1038 719 aule
1055 655 1184 720 domine
1211 645 1276 720 rc?

115 761 221 842 gine.
239 811 246 826 .
264 758 465 842 cancellario,
484 757 627 844 Georgio
644 758 822 842 Sirmiensi,
848 759 951 826 fratre
966 761 1067 827 Petro
1083 761 1255 844 Boanensi,

114 867 315 934 Ohanadino
331 865 496 952 Agriensi,
512 867 668 933 Meskone
685 866 855 951 Nitriensi,
872 866 1009 934 Andrea
1026 868 1251 954 Transilvano,

113 973 277 1040 Ladislao
293 975 503 1060 Zagrabiensi
520 983 552 1058 et
568 975 669 1042 fratre
684 975 848 1060 Rudopbo
874 975 1028 1044 Vaciensi
1045 978 1255 1045 ecclesiarum

115 1083 282 1166 episcopis
298 1135 306 1149 .
322 1134 329 1148 .
346 1082 524 1168 magnificis
545 1086 622 1150 viris
639 1082 664 1148 J
665 1084 792 1150 ohanne
807 1083 958 1168 palatino,
984 1085 1091 1150 Paulo
1117 1084 1184 1151 filio
1202 1084 1251 1152 Si-

114 1193 225 1258 monis
241 1193 346 1258 iudice
362 1194 449 1258 curie
465 1199 583 1274 nostre,
614 1193 782 1286 Demetrio
808 1195 967 1277 magistro
992 1195 1254 1260 tharernicorum

118 1307 322 1384 nostrorum,
339 1300 465 1366 Thema
480 1300 625 1384 voyvoda
641 1300 867 1380 Transilvanie
887 1307 921 1366 et
938 1303 1056 1368 comite
1073 1303 1113 1366 de
1131 1302 1259 1386 Zonuk,

117 1407 248 1492 Mykoh
264 1409 350 1472 bano
367 1409 472 1474 tocius
489 1409 666 1492 Sclavenie,
683 1407 708 1474 J
710 1409 836 1476 ohanne
852 1408 919 1475 filio
943 1411 1080 1496 Logreti
1105 1411 1200 1476 Bano
1217 1412 1257 1476 (16

118 1515 288 1600 Machou,
330 1515 355 1582 J
357 1515 482 1581 ohanne
513 1515 581 1583 filio
613 1517 765 1582 Babanik
804 1519 962 1602 magistro
992 1519 1254 1586 thavarnicorum

119 1625 255 1690 domine
270 1627 382 1708 regine
400 1675 407 1690 .
425 1675 432 1689 .
448 1624 560 1689 Deseu
584 1625 689 1690 iudice
706 1626 795 1690 curie
821 1625 964 1691 eiusdem
992 1626 1121 1692 domine
1138 1629 1257 1712 regine,

116 1730 273 1797 Dionisio
302 1731 521 1816 dapiferorum
545 1736 729 1798 nostrorum
756 1737 788 1798 et
811 1731 977 1817 Stephano
1005 1755 1183 1817 agasonum
1201 1757 1257 1800 no-

117 1845 266 1905 strorum
281 1839 453 1924 magistris,
469 1838 608 1904 Nicolao
626 1841 741 1904 comite
757 1840 955 1906 Posoniensi.

231 2003 381 2067 Kek-piros
394 2003 498 2066 selyem
511 2004 640 2068 szalagon
662 2003 748 2068 suggb
769 2003 1072 2069 pecsettel;e1·edetije
1094 2021 1111 2054 a
1135 2021 1259 2070 pannon·

117 2093 205 2160 bogyi
217 2093 334 2157 opsitsag
347 2093 435 2157 ltben,
450 2091 538 2156 Capsa
552 2097 575 2142 9.
591 2093 619 2144 0.
634 2093 730 2144 Kozli:
746 2093 909 2143 Stachovics
922 2095 1030 2158 Remig.

610 2256 767 2265 ——u—

657 2494 731 2556 393.

125 2657 221 2720 1329.
238 2679 309 2720 noo.
327 2657 378 2720 23.
406 2652 435 2718 A
452 2656 548 2740 pyc'iri
572 2655 733 2739 bdptuloa
751 2654 779 2720 l.
798 2653 924 2740 Kdroly
950 2653 1128 2739 kirdlpaok
1156 2656 1256 2723 1329.

118 2789 193 2848 frop.
214 2767 316 2826 13-a'a
332 2763 394 2826 16611
411 2761 545 2846 fontebb
562 2762 636 2825 371.
653 2785 694 2825 az.
712 2764 861 2826 (6161161111
879 2761 1046 2826 tondebat
1072 2765 1204 2826 citirvo'a
1230 2788 1250 2826 o

118 2871 357 2956 rrrarpitszipoti
371 2870 515 2954 opriczcik
532 2871 564 2932 (ἴε
592 2893 613 2933 6
638 2871 765 2955 petc'api
780 2871 921 2934 aemeeek
937 2870 1040 2934 bosco
1056 2867 1249 2955 foaforpott

259 2979 381 3063 itppbea
397 2977 471 3041 vulti
485 2977 657 3062 ctjcircis'rol
665 2979 837 3062 jelentc'stt
852 2981 910 3064 ipy
917 2978 1107 3065 folytatja:

226 3137 297 3204 Nos
312 3139 414 3221 igitur
430 3159 503 3202 cum
519 3136 647 3220 prefato
664 3136 801 3204 Nicolao
819 3138 859 3203 de
884 3137 971 3221 Zazy
996 3139 1125 3204 homine
1141 3146 1249 3204 vestro

116 3247 310 3330 magistrum
332 3244 507 3310 Nicolaum
531 3246 653 3311 socium
685 3253 718 3312 et
749 3248 1001 3314 concanonicum
1026 3252 1173 3314 nostrum
1189 3270 1249 3332 pro

117 3355 302 3420 testimonio
344 3353 386 3419 ad
423 3355 580 3438 premissa
619 3353 807 3439 exequenda
832 3355 981 3420 duximus
1017 3353 1253 3440 destinandum,

116 3465 173 3544 qui
199 3463 385 3528 recitarunt
410 3463 500 3545 quod
525 3485 599 3528 cum
624 3462 663 3527 (16
688 3464 855 3529 voluntate
881 3463 1029 3547 parcium
1044 3462 1126 3529 scria
1151 3464 1255 3530 tercio

116 3572 266 3654 proxima
281 3578 356 3654 post
372 3576 501 3637 octavas
516 3570 604 3637 beati
620 3570 759 3637 Martini
775 3571 967 3637 confessoris
983 3572 1016 3636 in
1032 3570 1161 3654 prefata
1180 3593 1254 3656 pos-

115 3681 259 3745 sessione
275 3679 404 3746 Pethcn
420 3679 505 3744 idem
522 3679 695 3744 arbitrium
710 3675 781 3742 fieri
797 3677 978 3743 debuissset
1003 3682 1036 3741 61
1062 3698 1096 3742 66
1112 3676 1248 3742 arbitrio

115 3787 275 3853 nobilium
291 3789 434 3853 virorum
450 3787 601 3852 videlicet
611 3783 745 3852 Andree
755 3783 815 3850 filii
826 3785 975 3850 Penchul
991 3784 1030 3849 de
1045 3787 1246 3869 possessione

116 3895 251 3978 Churle,
267 3897 346 3960 item
362 3893 544 3962 Salamonis
560 3892 620 3958 filii
638 3894 677 3958 de
692 3892 932 3977 Karcha,item‘
943 3891 1102 3976 Stephani
1118 3891 1179 3957 filii
1195 3891 1252 3958 Se-

114 4003 243 4087 raphyn
261 4009 294 4069 et
308 4003 481 4068 Benedicti
497 4001 557 4068 filii
573 4001 695 4086 Hegun
711 4001 752 4066 (16
768 4000 888 4084 eadem,
905 4002 986 4066 item
1000 3998 1026 4064 J
1028 3999 1164 4066 ohannis
1180 4001 1246 4085 ple-

116 4111 195 4176 bani
212 4111 252 4176 de
270 4111 462 4193 Zeredahel,
480 4112 562 4178 item
577 4109 603 4176 J
604 4111 741 4176 ohannis
756 4109 817 4175 filii
833 4109 859 4175 J
859 4109 954 4176 acobi
966 4109 1005 4174 (16
1021 4107 1110 4191 Zazy
1126 4109 1248 4174 submi·

113 4221 240 4302 sissent,
251 4219 348 4285 iidem
358 4220 472 4284 arbitri
483 4219 638 4285 arbitrari
649 4240 713 4285 non
730 4219 913 4302 potuissent
929 4237 1071 4301 congrue
1080 4217 1166 4281 inter
1182 4237 1246 4300 eos,
1374 4293 1375 4296 Ἴ

114 4327 171 4392 sed
186 4327 308 4412 prefati
333 4326 458 4394 nobiles
475 4327 515 4394 (16
532 4322 660 4392 Petheu
675 4326 789 4410 viginti
814 4327 928 4408 iugera
954 4331 1116 4391 terrarum
1143 4325 1249 4390 arabi-

115 4435 195 4499 lium
212 4439 246 4498 et
263 4433 304 4499 (16
335 4433 442 4500 166616
459 4434 502 4499 ad
517 4435 633 4517 viginti
649 4432 805 4498 falcastra
830 4430 1029 4498 sufficiencia
1056 4453 1129 4497 cum
1155 4433 1250 4498 terris

91 4531 96 4539 ’
115 4541 353 4627 campestribus
370 4541 631 4626 competentibus
647 4541 777 4625 pascuis
800 4539 978 4606 voluissent
994 4541 1161 4623 assignare
1177 4561 1250 4606 san-

115 4649 355 4716 ctimonialibus
365 4650 555 4716 dominabus
567 4650 606 4715 de
622 4650 737 4716 Insula
747 4649 912 4734 Leporum
922 4671 988 4714 non
999 4649 1097 4730 ultra,
1107 4647 1164 4711 sed
1175 4650 1251 4730 quia

160 4787 314 4824 asrousonr
331 4773 495 4822 ouuiurrin
512 4787 541 4824 (ι.
556 4775 618 4824 abr.
1095 4759 1137 4820 29
