3152 5472
587 522 680 584 1332.
704 537 772 585 run.
790 521 819 585 9.
1199 528 1267 590 613

127 699 328 767 sufficienter
344 703 540 785 expectatus,
567 704 599 766 et
615 702 692 785 quia
707 701 810 767 nostri
824 702 983 768 intererat
997 703 1103 788 ipsam
1129 724 1263 771 cansam

128 811 292 876 sentencia
309 808 481 876 diffinitiva
496 811 530 875 in
547 811 623 896 ipsis
641 809 811 894 quindenis
827 809 1020 877 Nativitatis
1036 812 1127 878 beati
1137 812 1163 879 J
1164 812 1262 879 ohan-

127 919 176 982 nis
192 917 344 1004 Baptista
360 919 503 986 finaliter
528 919 702 985 terminare
726 918 829 1004 ipsam
854 918 1011 985 decimam
1035 920 1110 986 ville
1143 919 1261 1005 Segust

128 1027 204 1092 risis
222 1029 320 1094 certis
339 1033 372 1094 61
398 1027 600 1094 edificacibns
617 1025 701 1114 (igy)
726 1029 950 1093 instrumentis
975 1029 1071 1094 simul
1096 1051 1168 1096 oum
1194 1031 1260 1097 suis

126 1135 335 1218 pertinenciis
355 1137 512 1202 universis
532 1137 618 1202 dicto
638 1134 775 1202 'domino
795 1133 907 1202 abbati
925 1141 958 1200 ot
982 1158 1040 1222 per
1064 1138 1169 1222 ipsum
1201 1161 1258 1204 suo

126 1245 322 1310 monasterio
340 1243 553 1310 adiudicando
570 1243 767 1309 decrevimus
783 1249 940 1330 perpetuo
961 1251 993 1311 et
1003 1245 1259 1312 irrevocabiliter

125 1353 307 1438 pertinere,
339 1353 537 1437 sepedictum
562 1359 671 1418 autem
694 1351 837 1418 Pousam
863 1351 1041 1437 plebanum
1065 1354 1105 1420 de
1137 1353 1258 1440 Segust

124 1468 261 1548 propter
286 1467 483 1530 contemtum
508 1465 593 1530 sedis
618 1464 794 1549 apostolice
819 1465 853 1530 in
879 1485 916 1530 eo
947 1465 1024 1548 quia
1054 1466 1088 1531 in
1118 1467 1257 1532 termino

125 1575 319 1657 peremtoria
336 1575 397 1640 sibi
412 1572 536 1659 profixo
553 1574 788 1639 contumaciter
803 1575 907 1640 nostri
928 1573 962 1638 in
980 1575 1147 1659 presencia
1172 1596 1256 1642 com·

124 1703 239 1766 parere
264 1704 330 1749 non
351 1684 475 1750 curavit
500 1683 698 1750 sentenciam
724 1683 1065 1750 excommunicacionis
1089 1685 1125 1750 in
1147 1684 1255 1770 ipsum

124 1789 319 1874 proferimus
334 1793 368 1857 in
384 1793 435 1858 his
451 1793 598 1878 scriptis;
624 1813 724 1876 quare
739 1792 830 1858 vobis
846 1791 992 1877 plebanis
1003 1796 1035 1858 et
1045 1794 1254 1860 ecclesiarum

123 1897 304 1964 rectoribus
319 1898 470 1966 videlieet
486 1901 630 1966 omnium
655 1900 961 1966 circumsedendum
984 1901 1096 1967 ricinis
1122 1901 1254 1968 ecclesie

124 2007 164 2072 de
180 2004 302 2092 Segust
327 2030 366 2075 ex
387 2015 540 2094 precepto
566 2009 743 2092 apostolico
767 2010 860 2076 nobis
885 2011 1052 2076 commisso
1078 2009 1189 2076 damus
1218 2011 1253 2076 in

122 2117 285 2183 mandatis
301 2121 334 2183 et
349 2120 546 2185 anctoritate
562 2119 742 2203 apostoliea
758 2141 823 2203 qua
838 2119 1004 2203 fungimur
1018 2120 1052 2184 in
1071 2119 1134 2186 hac
1158 2127 1252 2205 parte

122 2224 182 2290 sub
198 2227 320 2291 virtute
336 2227 520 2294 obediencie
533 2226 670 2292 firmiter
687 2227 881 2312 imponimus
907 2229 939 2292 et
964 2227 1119 2312 districte,
1147 2230 1252 2314 quati«

123 2355 182 2398 nus
207 2332 374 2400 dominum
404 2333 578 2402 Nicolaum
603 2333 755 2401 abbatem
771 2335 856 2400 sacri
882 2335 999 2401 montis
1023 2333 1192 2403 Pannonia
1217 2339 1252 2402 in

122 2442 325 2526 corporalem
340 2445 574 2526 possessionem
589 2443 733 2528 predicte
749 2441 871 2508 decimo
887 2441 926 2507 de
936 2441 1097 2525 degustet
1107 2445 1250 2528 ipsarum

120 2551 392 2634 pertinenciarum
409 2553 603 2618 auctoritate
618 2551 729 2637 papali
744 2571 801 2635 per
816 2571 875 2616 nos
899 2551 933 2616 in
957 2550 1019 2618 hac
1042 2559 1134 2636 parte
1159 2553 1250 2620 vobis

123 2679 273 2724 concessa
289 2665 321 2724 et
346 2662 517 2726 commissa
532 2661 712 2726 rest‘tuatis
737 2664 770 2726 et
793 2663 948 2745 perpetuo
973 2658 1177 2746 confirmetis,
1202 2683 1251 2728 se·

120 2767 284 2851 pedictum
300 2789 375 2835 vero
391 2768 534 2835 Pousam
551 2768 725 2854 plebanum
742 2767 782 2833 de
806 2765 926 2850 Segust
943 2767 978 2834 in
998 2773 1067 2834 toto
1093 2770 1249 2836 comitatu

119 2875 305 2959 Simigiensi
321 2877 449 2962 publice
469 2879 780 2944 excommunicatum
790 2877 989 2943 denuncietis
999 2877 1033 2943 61
1047 2877 1089 2943 ab
1100 2878 1248 2944 omnibus

120 2985 327 3051 ecclesiarum
342 2986 522 3053 rectoribus
543 2985 684 3052 eiusdem
704 2987 876 3053 comitatus
902 2983 1102 3070 simigiensis
1128 2987 1249 3053 denun-

120 3095 199 3159 ciari
219 3095 355 3177 singulis
381 3095 493 3161 diebus
519 3095 689 3161 dominicis
721 3098 754 3160 et
783 3095 904 3160 festivis
936 3095 1248 3163 excommunicatum

117 3202 255 3286 pulsatis
271 3205 436 3289 campanis
462 3209 494 3270 61
519 3205 670 3269 extinctis
694 3202 870 3269 luminibus
895 3203 1095 3269 sollemniter
1119 3203 1247 3272 faciatis

119 3317 152 3376 et
168 3331 187 3375 a
204 3307 327 3377 Christi
342 3311 490 3377 fidelibus
506 3313 692 3398 precipiatis
718 3314 824 3378 arcius
848 3312 962 3378 evitari
986 3312 1088 3378 donec
1112 3313 1152 3378 de
1175 3335 1247 3399 per·

119 3419 222 3504 ceptis
238 3419 367 3486 domino
386 3419 525 3488 Nicolao
550 3420 661 3487 abbati
685 3420 810 3505 prefato
826 3420 909 3486 sacri
929 3421 1047 3486 montis
1078 3419 1246 3488 Pannonio

116 3547 176 3611 per
193 3525 330 3592 eundem
344 3527 456 3594 Pensa
471 3527 645 3613 plebanum
664 3527 845 3595 satisfaccio
863 3527 1079 3613 impendatur.
1103 3528 1188 3594 Lata
1214 3535 1247 3596 et

117 3636 207 3701 lacta
224 3640 273 3702 est
288 3636 348 3702 hec
362 3643 476 3704 nostra
491 3639 657 3704 sentencia
672 3637 846 3704 diffinitiva
862 3638 896 3702 in
911 3638 1107 3705 monasterio
1133 3643 1244 3708 nostro

118 3743 157 3809 de
174 3740 284 3828 Oyrch
300 3744 502 3828 presentibus
518 3745 688 3812 abbatibus
706 3752 738 3811 et
752 3745 899 3830 plebanis
923 3751 956 3812 et
978 3746 1051 3812 aliis
1076 3749 1246 3831 quamplu-

116 3851 207 3917 ribus
223 3852 265 3917 ad
280 3851 341 3919 boe
356 3873 414 3938 per
430 3875 489 3919 nos
505 3855 690 3939 specialiter
715 3855 859 3920 invitatis
875 3905 883 3920 .
899 3905 906 3920 .
931 3853 1056 3920 Datum
1082 3859 1114 3919 st
1137 3860 1246 3920 actum

117 3960 150 4024 in
169 3958 374 4027 Monasterio
394 3961 433 4027 de
458 3960 566 4047 (lyrch
593 3963 729 4048 septimo
760 3962 833 4028 idus
857 3961 882 4028 J
884 3963 952 4046 ulii,
977 3983 1062 4030 anno
1088 3963 1245 4031 dominico

116 4069 354 4135 incarnacionis
370 4069 423 4134 Μο
440 4069 541 4138 0000
556 4069 687 4138 XXX⁰
703 4070 852 4138 secundo.

224 4232 305 4297 thy
326 4231 551 4298 htrtyaszeleten
573 4234 661 4302 saggo
683 4235 776 4300 pocset
797 4235 976 4300 nyomaiva13
996 4233 1127 4300 eradetije
1149 4252 1166 4286 a
1179 4251 1246 4300 pan·

115 4321 262 4372 nonhalmi
292 4323 448 4388 idapatsrtgi
470 4327 592 4389 lttrban,
625 4325 714 4390 (lapso
735 4325 839 4378 XXVI.
872 4323 920 4376 00.
952 4324 1051 4377 szli:
1084 4325 1246 4378 Staohovics

114 4413 226 4478 Ramig.
924 4442 944 4485 0
1111 4435 1114 4446 ,

603 4596 759 4606 ——--
