<?xml version="1.0" encoding="UTF-8"?>
<!DOCTYPE html PUBLIC "-//W3C//DTD XHTML 1.0 Transitional//EN"
    "http://www.w3.org/TR/xhtml1/DTD/xhtml1-transitional.dtd">
<html xmlns="http://www.w3.org/1999/xhtml" xml:lang="en" lang="en">
 <head>
  <title>
</title>
<meta http-equiv="Content-Type" content="text/html;charset=utf-8" />
  <meta name='ocr-system' content='tesseract 3.04.00' />
  <meta name='ocr-capabilities' content='ocr_page ocr_carea ocr_par ocr_line ocrx_word'/>
</head>
<body>
  <div class='ocr_page' id='page_1' title='image "./codexdiplomatic01nagygoog_0358.png"; bbox 0 0 3132 5470; ppageno 0'>
   <div class='ocr_carea' id='block_1_1' title="bbox 622 513 716 574">
    <p class='ocr_par' dir='ltr' id='par_1_1' title="bbox 622 513 716 574">
     <span class='ocr_line' id='line_1_1' title="bbox 622 513 716 574; baseline 0.011 -2"><span class='ocrx_word' id='word_1_1' title='bbox 622 513 716 574; x_wconf 76' lang='lat'>1327.</span> 
     </span>
    </p>
   </div>
   <div class='ocr_carea' id='block_1_2' title="bbox 632 779 705 842">
    <p class='ocr_par' dir='ltr' id='par_1_2' title="bbox 632 779 705 842">
     <span class='ocr_line' id='line_1_2' title="bbox 632 779 705 842; baseline 0.027 -2"><span class='ocrx_word' id='word_1_2' title='bbox 632 779 705 842; x_wconf 88' lang='grc'><strong>303.</strong></span> 
     </span>
    </p>
   </div>
   <div class='ocr_carea' id='block_1_3' title="bbox 100 961 1278 1264">
    <p class='ocr_par' dir='ltr' id='par_1_3' title="bbox 100 961 1278 1264">
     <span class='ocr_line' id='line_1_3' title="bbox 102 961 1278 1050; baseline -0.003 -24"><span class='ocrx_word' id='word_1_3' title='bbox 102 961 265 1026; x_wconf 60' lang='grc'><strong>1321616</strong></span> <span class='ocrx_word' id='word_1_4' title='bbox 284 965 353 1048; x_wconf 78' lang='lat' dir='ltr'>apri</span> <span class='ocrx_word' id='word_1_5' title='bbox 369 963 530 1048; x_wconf 77' lang='lat' dir='ltr'>lrdptulen</span> <span class='ocrx_word' id='word_1_6' title='bbox 546 963 816 1048; x_wconf 75' lang='lat' dir='ltr'>bizoapsciplavele</span> <span class='ocrx_word' id='word_1_7' title='bbox 842 964 947 1043; x_wconf 76' lang='grc'><strong>66661,</strong></span> <span class='ocrx_word' id='word_1_8' title='bbox 964 963 1047 1050; x_wconf 74' lang='lat' dir='ltr'>kopp</span> <span class='ocrx_word' id='word_1_9' title='bbox 1073 963 1236 1026; x_wconf 74' lang='grc'><strong>1166616611</strong></span> <span class='ocrx_word' id='word_1_10' title='bbox 1273 1034 1278 1043; x_wconf 28' lang='grc' dir='ltr'>ι</span> 
     </span>
     <span class='ocr_line' id='line_1_4' title="bbox 100 1070 1232 1156; baseline -0.004 -20"><span class='ocrx_word' id='word_1_11' title='bbox 100 1071 309 1155; x_wconf 74' lang='lat' dir='ltr'>Scindorfler&#39;</span> <span class='ocrx_word' id='word_1_12' title='bbox 326 1071 460 1156; x_wconf 76' lang='lat' dir='ltr'>Gorpelp</span> <span class='ocrx_word' id='word_1_13' title='bbox 477 1075 509 1138; x_wconf 83' lang='lat' dir='ltr'>e‘s</span> <span class='ocrx_word' id='word_1_14' title='bbox 526 1071 646 1151; x_wconf 81' lang='lat' dir='ltr'>Julrab,</span> <span class='ocrx_word' id='word_1_15' title='bbox 664 1071 811 1135; x_wconf 74' lang='lat' dir='ltr'>Bucari-sd</span> <span class='ocrx_word' id='word_1_16' title='bbox 827 1073 859 1134; x_wconf 81' lang='lat' dir='ltr'>e&#39;s</span> <span class='ocrx_word' id='word_1_17' title='bbox 887 1071 1013 1136; x_wconf 78' lang='lat' dir='ltr'>Krucsri</span> <span class='ocrx_word' id='word_1_18' title='bbox 1038 1070 1232 1134; x_wconf 78' lang='grc'><strong>6661111616·</strong></span> 
     </span>
     <span class='ocr_line' id='line_1_5' title="bbox 391 1179 947 1264; baseline -0.002 -21"><span class='ocrx_word' id='word_1_19' title='bbox 391 1181 453 1243; x_wconf 82' lang='grc'><strong>16616</strong></span> <span class='ocrx_word' id='word_1_20' title='bbox 470 1183 561 1245; x_wconf 68' lang='lat' dir='ltr'>irunt</span> <span class='ocrx_word' id='word_1_21' title='bbox 579 1181 727 1264; x_wconf 74' lang='lat' dir='ltr'>mileepea</span> <span class='ocrx_word' id='word_1_22' title='bbox 744 1181 886 1264; x_wconf 72' lang='lat' dir='ltr'>epyezicb</span> <span class='ocrx_word' id='word_1_23' title='bbox 903 1179 947 1243; x_wconf 83' lang='lat' dir='ltr'>ki.</span> 
     </span>
    </p>
   </div>
   <div class='ocr_carea' id='block_1_4' title="bbox 38 1336 1234 4785">
    <p class='ocr_par' dir='ltr' id='par_1_4' title="bbox 38 1336 1234 4785">
     <span class='ocr_line' id='line_1_6' title="bbox 208 1336 1234 1424; baseline -0.002 -18"><span class='ocrx_word' id='word_1_24' title='bbox 208 1390 239 1406; x_wconf 92' lang='lat'>..</span> <span class='ocrx_word' id='word_1_25' title='bbox 257 1339 436 1424; x_wconf 90' lang='lat' dir='ltr'>capitulum</span> <span class='ocrx_word' id='word_1_26' title='bbox 462 1340 597 1406; x_wconf 90' lang='grc'><strong>66616616</strong></span> <span class='ocrx_word' id='word_1_27' title='bbox 622 1336 793 1422; x_wconf 84' lang='lat' dir='ltr'>Agriensis</span> <span class='ocrx_word' id='word_1_28' title='bbox 809 1389 816 1404; x_wconf 94' lang='lat'><strong><em>.</em></strong></span> <span class='ocrx_word' id='word_1_29' title='bbox 833 1388 840 1404; x_wconf 94' lang='lat'><em>.</em></span> <span class='ocrx_word' id='word_1_30' title='bbox 857 1339 899 1405; x_wconf 90' lang='lat' dir='ltr'>ad</span> <span class='ocrx_word' id='word_1_31' title='bbox 924 1339 1147 1404; x_wconf 81' lang='lat' dir='ltr'>universorum</span> <span class='ocrx_word' id='word_1_32' title='bbox 1179 1362 1234 1404; x_wconf 92' lang='grc'>66-</span> 
     </span>
     <span class='ocr_line' id='line_1_7' title="bbox 97 1444 1233 1532; baseline -0.001 -18"><span class='ocrx_word' id='word_1_33' title='bbox 97 1449 212 1514; x_wconf 81' lang='lat' dir='ltr'>tisiam</span> <span class='ocrx_word' id='word_1_34' title='bbox 228 1455 339 1514; x_wconf 89' lang='lat' dir='ltr'>tenore</span> <span class='ocrx_word' id='word_1_35' title='bbox 355 1449 555 1532; x_wconf 85' lang='lat' dir='ltr'>presencium</span> <span class='ocrx_word' id='word_1_36' title='bbox 582 1449 730 1514; x_wconf 85' lang='lat' dir='ltr'>volumus</span> <span class='ocrx_word' id='word_1_37' title='bbox 745 1448 921 1532; x_wconf 80' lang='lat' dir='ltr'>pervenire,</span> <span class='ocrx_word' id='word_1_38' title='bbox 938 1447 1026 1530; x_wconf 90' lang='lat' dir='ltr'>quod</span> <span class='ocrx_word' id='word_1_39' title='bbox 1052 1444 1233 1531; x_wconf 80' lang='lat' dir='ltr'><strong>Gregorius</strong></span> 
     </span>
     <span class='ocr_line' id='line_1_8' title="bbox 96 1553 1232 1641; baseline 0 -19"><span class='ocrx_word' id='word_1_40' title='bbox 96 1557 188 1622; x_wconf 88' lang='lat' dir='ltr'>filius</span> <span class='ocrx_word' id='word_1_41' title='bbox 204 1557 230 1623; x_wconf 86' lang='lat' dir='ltr'><strong>J</strong></span> <span class='ocrx_word' id='word_1_42' title='bbox 233 1557 369 1622; x_wconf 90' lang='lat' dir='ltr'>ohannis</span> <span class='ocrx_word' id='word_1_43' title='bbox 385 1556 445 1622; x_wconf 87' lang='lat' dir='ltr'>filii</span> <span class='ocrx_word' id='word_1_44' title='bbox 461 1553 644 1623; x_wconf 81' lang='lat' dir='ltr'>Alexandri</span> <span class='ocrx_word' id='word_1_45' title='bbox 670 1555 709 1622; x_wconf 90' lang='lat' dir='ltr'>de</span> <span class='ocrx_word' id='word_1_46' title='bbox 734 1555 902 1622; x_wconf 88' lang='lat' dir='ltr'>Bolchard</span> <span class='ocrx_word' id='word_1_47' title='bbox 927 1577 966 1621; x_wconf 87' lang='lat' dir='ltr'>ex</span> <span class='ocrx_word' id='word_1_48' title='bbox 991 1578 1057 1622; x_wconf 89' lang='lat' dir='ltr'>una</span> <span class='ocrx_word' id='word_1_49' title='bbox 1080 1562 1175 1641; x_wconf 85' lang='lat' dir='ltr'>parte</span> <span class='ocrx_word' id='word_1_50' title='bbox 1191 1558 1232 1622; x_wconf 88' lang='lat' dir='ltr'>ab</span> 
     </span>
     <span class='ocr_line' id='line_1_9' title="bbox 97 1663 1231 1749; baseline -0.002 -17"><span class='ocrx_word' id='word_1_51' title='bbox 97 1667 207 1732; x_wconf 87' lang='lat' dir='ltr'>altera</span> <span class='ocrx_word' id='word_1_52' title='bbox 222 1688 299 1732; x_wconf 89' lang='grc'><strong>6666</strong></span> <span class='ocrx_word' id='word_1_53' title='bbox 314 1665 340 1731; x_wconf 90' lang='lat' dir='ltr'><strong>J</strong></span> <span class='ocrx_word' id='word_1_54' title='bbox 340 1665 459 1734; x_wconf 81' lang='lat' dir='ltr'>acubus</span> <span class='ocrx_word' id='word_1_55' title='bbox 475 1663 563 1730; x_wconf 90' lang='lat' dir='ltr'>filius</span> <span class='ocrx_word' id='word_1_56' title='bbox 581 1663 726 1730; x_wconf 89' lang='lat' dir='ltr'>eiusdem</span> <span class='ocrx_word' id='word_1_57' title='bbox 735 1664 761 1730; x_wconf 85' lang='lat' dir='ltr'><strong>J</strong></span> <span class='ocrx_word' id='word_1_58' title='bbox 763 1665 899 1730; x_wconf 89' lang='lat' dir='ltr'>ohannis</span> <span class='ocrx_word' id='word_1_59' title='bbox 914 1663 1017 1730; x_wconf 88' lang='lat' dir='ltr'>frater</span> <span class='ocrx_word' id='word_1_60' title='bbox 1032 1665 1133 1749; x_wconf 88' lang='lat' dir='ltr'>ipsius</span> <span class='ocrx_word' id='word_1_61' title='bbox 1150 1663 1231 1732; x_wconf 83' lang='lat' dir='ltr'>Gre-</span> 
     </span>
     <span class='ocr_line' id='line_1_10' title="bbox 96 1773 1231 1858; baseline 0 -20"><span class='ocrx_word' id='word_1_62' title='bbox 96 1775 181 1856; x_wconf 81' lang='lat' dir='ltr'>gorii</span> <span class='ocrx_word' id='word_1_63' title='bbox 199 1775 392 1839; x_wconf 87' lang='lat' dir='ltr'>uterinus..</span> <span class='ocrx_word' id='word_1_64' title='bbox 409 1779 648 1858; x_wconf 88' lang='lat' dir='ltr'>proposuerunt</span> <span class='ocrx_word' id='word_1_65' title='bbox 673 1773 745 1838; x_wconf 88' lang='grc'><strong>6166</strong></span> <span class='ocrx_word' id='word_1_66' title='bbox 760 1794 837 1840; x_wconf 91' lang='grc'><strong>6666</strong></span> <span class='ocrx_word' id='word_1_67' title='bbox 854 1773 943 1856; x_wconf 89' lang='lat' dir='ltr'>quod</span> <span class='ocrx_word' id='word_1_68' title='bbox 971 1795 1044 1839; x_wconf 91' lang='lat' dir='ltr'>cum</span> <span class='ocrx_word' id='word_1_69' title='bbox 1068 1773 1155 1839; x_wconf 90' lang='lat' dir='ltr'>idem</span> <span class='ocrx_word' id='word_1_70' title='bbox 1172 1775 1197 1840; x_wconf 84' lang='lat' dir='ltr'>J</span> <span class='ocrx_word' id='word_1_71' title='bbox 1198 1796 1231 1838; x_wconf 91' lang='grc'>6-</span> 
     </span>
     <span class='ocr_line' id='line_1_11' title="bbox 96 1877 1229 1966; baseline 0.002 -20"><span class='ocrx_word' id='word_1_72' title='bbox 96 1883 201 1948; x_wconf 90' lang='lat' dir='ltr'>cobus</span> <span class='ocrx_word' id='word_1_73' title='bbox 218 1888 376 1966; x_wconf 88' lang='lat' dir='ltr'>tanquam</span> <span class='ocrx_word' id='word_1_74' title='bbox 392 1887 485 1947; x_wconf 88' lang='lat' dir='ltr'>actor</span> <span class='ocrx_word' id='word_1_75' title='bbox 499 1882 605 1964; x_wconf 90' lang='lat' dir='ltr'>ipsum</span> <span class='ocrx_word' id='word_1_76' title='bbox 619 1877 816 1964; x_wconf 80' lang='lat' dir='ltr'>Gregorium</span> <span class='ocrx_word' id='word_1_77' title='bbox 832 1879 969 1946; x_wconf 85' lang='lat' dir='ltr'>fratrem</span> <span class='ocrx_word' id='word_1_78' title='bbox 986 1903 1081 1947; x_wconf 89' lang='lat' dir='ltr'>suum</span> <span class='ocrx_word' id='word_1_79' title='bbox 1098 1883 1229 1948; x_wconf 78' lang='lat' dir='ltr'>racione</span> 
     </span>
     <span class='ocr_line' id='line_1_12' title="bbox 95 1989 1230 2076; baseline 0 -20"><span class='ocrx_word' id='word_1_80' title='bbox 95 1994 337 2076; x_wconf 87' lang='lat' dir='ltr'>posscssionum</span> <span class='ocrx_word' id='word_1_81' title='bbox 368 1991 534 2057; x_wconf 90' lang='lat' dir='ltr'>Bolchard</span> <span class='ocrx_word' id='word_1_82' title='bbox 566 1997 599 2056; x_wconf 91' lang='lat' dir='ltr'>et</span> <span class='ocrx_word' id='word_1_83' title='bbox 630 1989 789 2057; x_wconf 84' lang='lat' dir='ltr'>Oruchew</span> <span class='ocrx_word' id='word_1_84' title='bbox 819 1996 1009 2058; x_wconf 82' lang='lat' dir='ltr'>vocatarum</span> <span class='ocrx_word' id='word_1_85' title='bbox 1039 2014 1079 2058; x_wconf 92' lang='grc'>66</span> <span class='ocrx_word' id='word_1_86' title='bbox 1099 1994 1230 2058; x_wconf 89' lang='grc'><strong>6661666</strong></span> 
     </span>
     <span class='ocr_line' id='line_1_13' title="bbox 96 2099 1230 2186; baseline -0.002 -18"><span class='ocrx_word' id='word_1_87' title='bbox 96 2101 372 2168; x_wconf 87' lang='lat' dir='ltr'>condicionalium</span> <span class='ocrx_word' id='word_1_88' title='bbox 404 2108 437 2167; x_wconf 89' lang='grc'>66</span> <span class='ocrx_word' id='word_1_89' title='bbox 468 2099 688 2186; x_wconf 87' lang='lat' dir='ltr'>quarumlibet</span> <span class='ocrx_word' id='word_1_90' title='bbox 720 2101 858 2166; x_wconf 91' lang='lat' dir='ltr'>aliarum</span> <span class='ocrx_word' id='word_1_91' title='bbox 888 2123 997 2166; x_wconf 91' lang='lat' dir='ltr'>rerum</span> <span class='ocrx_word' id='word_1_92' title='bbox 1028 2102 1172 2185; x_wconf 89' lang='lat' dir='ltr'>ipsorum</span> <span class='ocrx_word' id='word_1_93' title='bbox 1187 2103 1230 2185; x_wconf 36' lang='grc'>,16</span> 
     </span>
     <span class='ocr_line' id='line_1_14' title="bbox 94 2207 1231 2294; baseline 0 -20"><span class='ocrx_word' id='word_1_94' title='bbox 94 2210 300 2293; x_wconf 78' lang='lat' dir='ltr'>presenciam</span> <span class='ocrx_word' id='word_1_95' title='bbox 339 2211 466 2276; x_wconf 90' lang='lat' dir='ltr'>comitis</span> <span class='ocrx_word' id='word_1_96' title='bbox 510 2207 638 2275; x_wconf 86' lang='lat' dir='ltr'>Nicolai</span> <span class='ocrx_word' id='word_1_97' title='bbox 677 2208 862 2274; x_wconf 80' lang='lat' dir='ltr'>viceiudicis</span> <span class='ocrx_word' id='word_1_98' title='bbox 899 2208 1044 2293; x_wconf 91' lang='lat' dir='ltr'>Philippi</span> <span class='ocrx_word' id='word_1_99' title='bbox 1093 2210 1231 2294; x_wconf 90' lang='lat' dir='ltr'>palatini</span> 
     </span>
     <span class='ocr_line' id='line_1_15' title="bbox 98 2317 1231 2402; baseline 0 -19"><span class='ocrx_word' id='word_1_100' title='bbox 98 2319 257 2384; x_wconf 84' lang='lat' dir='ltr'>traxisset</span> <span class='ocrx_word' id='word_1_101' title='bbox 280 2319 313 2382; x_wconf 93' lang='lat' dir='ltr'>in</span> <span class='ocrx_word' id='word_1_102' title='bbox 339 2339 469 2383; x_wconf 89' lang='lat' dir='ltr'>causam</span> <span class='ocrx_word' id='word_1_103' title='bbox 501 2323 534 2381; x_wconf 91' lang='grc'>66</span> <span class='ocrx_word' id='word_1_104' title='bbox 565 2318 635 2401; x_wconf 91' lang='lat' dir='ltr'>ipsa</span> <span class='ocrx_word' id='word_1_105' title='bbox 666 2339 764 2382; x_wconf 88' lang='lat' dir='ltr'>causa</span> <span class='ocrx_word' id='word_1_106' title='bbox 795 2317 923 2382; x_wconf 81' lang='lat' dir='ltr'>diucius</span> <span class='ocrx_word' id='word_1_107' title='bbox 953 2367 960 2383; x_wconf 92' lang='lat'><strong><em>.</em></strong></span> <span class='ocrx_word' id='word_1_108' title='bbox 993 2367 999 2382; x_wconf 93' lang='lat'>.</span> <span class='ocrx_word' id='word_1_109' title='bbox 1031 2319 1118 2382; x_wconf 91' lang='lat' dir='ltr'>inter</span> <span class='ocrx_word' id='word_1_110' title='bbox 1143 2318 1231 2402; x_wconf 90' lang='lat' dir='ltr'>ipsos</span> 
     </span>
     <span class='ocr_line' id='line_1_16' title="bbox 95 2423 1230 2508; baseline 0 -19"><span class='ocrx_word' id='word_1_111' title='bbox 95 2426 292 2490; x_wconf 81' lang='lat' dir='ltr'>ventillante</span> <span class='ocrx_word' id='word_1_112' title='bbox 331 2446 389 2508; x_wconf 89' lang='lat' dir='ltr'>per</span> <span class='ocrx_word' id='word_1_113' title='bbox 433 2423 673 2490; x_wconf 85' lang='lat' dir='ltr'>ordinacionem</span> <span class='ocrx_word' id='word_1_114' title='bbox 717 2425 894 2508; x_wconf 88' lang='lat' dir='ltr'>proborum</span> <span class='ocrx_word' id='word_1_115' title='bbox 936 2426 1078 2490; x_wconf 86' lang='lat' dir='ltr'>virorum</span> <span class='ocrx_word' id='word_1_116' title='bbox 1119 2425 1230 2490; x_wconf 86' lang='lat' dir='ltr'>videli-</span> 
     </span>
     <span class='ocr_line' id='line_1_17' title="bbox 96 2531 1228 2619; baseline 0 -19"><span class='ocrx_word' id='word_1_117' title='bbox 96 2543 149 2601; x_wconf 88' lang='lat' dir='ltr'>cet</span> <span class='ocrx_word' id='word_1_118' title='bbox 188 2533 324 2600; x_wconf 89' lang='lat' dir='ltr'>Andree</span> <span class='ocrx_word' id='word_1_119' title='bbox 365 2534 425 2600; x_wconf 90' lang='lat' dir='ltr'>filii</span> <span class='ocrx_word' id='word_1_120' title='bbox 466 2533 628 2619; x_wconf 78' lang='lat' dir='ltr'>Tyburcii‚</span> <span class='ocrx_word' id='word_1_121' title='bbox 670 2531 802 2598; x_wconf 86' lang='lat' dir='ltr'>Andree</span> <span class='ocrx_word' id='word_1_122' title='bbox 842 2532 902 2598; x_wconf 90' lang='lat' dir='ltr'>filii</span> <span class='ocrx_word' id='word_1_123' title='bbox 936 2533 1063 2617; x_wconf 81' lang='lat' dir='ltr'>Petere,</span> <span class='ocrx_word' id='word_1_124' title='bbox 1097 2533 1228 2600; x_wconf 89' lang='lat' dir='ltr'>Nicolai</span> 
     </span>
     <span class='ocr_line' id='line_1_18' title="bbox 94 2639 1229 2726; baseline 0.001 -19"><span class='ocrx_word' id='word_1_125' title='bbox 94 2642 155 2708; x_wconf 90' lang='grc'><strong>11111</strong></span> <span class='ocrx_word' id='word_1_126' title='bbox 181 2644 351 2726; x_wconf 80' lang='lat' dir='ltr'>Demetrii,</span> <span class='ocrx_word' id='word_1_127' title='bbox 376 2643 469 2708; x_wconf 89' lang='lat' dir='ltr'>Petri</span> <span class='ocrx_word' id='word_1_128' title='bbox 494 2641 554 2707; x_wconf 90' lang='lat' dir='ltr'>filii</span> <span class='ocrx_word' id='word_1_129' title='bbox 579 2639 771 2726; x_wconf 79' lang='lat' dir='ltr'>Alexandri,</span> <span class='ocrx_word' id='word_1_130' title='bbox 798 2641 958 2726; x_wconf 79' lang='lat' dir='ltr'>Stephani</span> <span class='ocrx_word' id='word_1_131' title='bbox 986 2642 1024 2707; x_wconf 90' lang='lat' dir='ltr'>de</span> <span class='ocrx_word' id='word_1_132' title='bbox 1049 2641 1179 2707; x_wconf 83' lang='lat' dir='ltr'>Pernen</span> <span class='ocrx_word' id='word_1_133' title='bbox 1196 2649 1229 2708; x_wconf 91' lang='grc'>66</span> 
     </span>
     <span class='ocr_line' id='line_1_19' title="bbox 93 2750 1229 2838; baseline 0.002 -24"><span class='ocrx_word' id='word_1_134' title='bbox 93 2751 230 2818; x_wconf 83' lang='lat' dir='ltr'>Nicolai</span> <span class='ocrx_word' id='word_1_135' title='bbox 247 2750 305 2816; x_wconf 91' lang='lat' dir='ltr'>filii</span> <span class='ocrx_word' id='word_1_136' title='bbox 322 2751 491 2838; x_wconf 82' lang='lat' dir='ltr'>Myeoleth</span> <span class='ocrx_word' id='word_1_137' title='bbox 506 2752 632 2835; x_wconf 88' lang='lat' dir='ltr'>pariter</span> <span class='ocrx_word' id='word_1_138' title='bbox 659 2750 701 2816; x_wconf 92' lang='lat' dir='ltr'>ad</span> <span class='ocrx_word' id='word_1_139' title='bbox 727 2752 789 2817; x_wconf 92' lang='lat' dir='ltr'>hoc</span> <span class='ocrx_word' id='word_1_140' title='bbox 814 2751 992 2816; x_wconf 90' lang='lat' dir='ltr'>electorum</span> <span class='ocrx_word' id='word_1_141' title='bbox 1013 2750 1229 2816; x_wconf 77' lang='lat' dir='ltr'>mediantibus</span> 
     </span>
     <span class='ocr_line' id='line_1_20' title="bbox 92 2858 1228 2944; baseline 0 -20"><span class='ocrx_word' id='word_1_142' title='bbox 92 2861 217 2925; x_wconf 87' lang='lat' dir='ltr'>litteris</span> <span class='ocrx_word' id='word_1_143' title='bbox 233 2861 360 2924; x_wconf 90' lang='lat' dir='ltr'>comitis</span> <span class='ocrx_word' id='word_1_144' title='bbox 378 2858 540 2925; x_wconf 82' lang='lat' dir='ltr'>Lulrachii</span> <span class='ocrx_word' id='word_1_145' title='bbox 558 2864 590 2924; x_wconf 89' lang='grc'>66</span> <span class='ocrx_word' id='word_1_146' title='bbox 607 2864 745 2944; x_wconf 88' lang='lat' dir='ltr'>quatuor</span> <span class='ocrx_word' id='word_1_147' title='bbox 762 2858 906 2925; x_wconf 89' lang='lat' dir='ltr'>iudicum</span> <span class='ocrx_word' id='word_1_148' title='bbox 916 2860 1076 2925; x_wconf 91' lang='lat' dir='ltr'>nobilium</span> <span class='ocrx_word' id='word_1_149' title='bbox 1093 2859 1132 2925; x_wconf 92' lang='grc'>(16</span> <span class='ocrx_word' id='word_1_150' title='bbox 1148 2859 1228 2944; x_wconf 82' lang='lat' dir='ltr'>Wy-</span> 
     </span>
     <span class='ocr_line' id='line_1_21' title="bbox 93 2967 1227 3052; baseline 0 -18"><span class='ocrx_word' id='word_1_151' title='bbox 93 2990 156 3034; x_wconf 83' lang='lat' dir='ltr'>uer</span> <span class='ocrx_word' id='word_1_152' title='bbox 171 2969 233 3034; x_wconf 89' lang='lat' dir='ltr'>sub</span> <span class='ocrx_word' id='word_1_153' title='bbox 249 2989 333 3052; x_wconf 90' lang='lat' dir='ltr'>pena</span> <span class='ocrx_word' id='word_1_154' title='bbox 350 2968 459 3034; x_wconf 90' lang='lat' dir='ltr'>decem</span> <span class='ocrx_word' id='word_1_155' title='bbox 474 2989 658 3034; x_wconf 89' lang='lat' dir='ltr'>marcarum</span> <span class='ocrx_word' id='word_1_156' title='bbox 672 2969 706 3034; x_wconf 92' lang='grc'>16</span> <span class='ocrx_word' id='word_1_157' title='bbox 722 2967 817 3034; x_wconf 87' lang='grc'><strong>(116616</strong></span> <span class='ocrx_word' id='word_1_158' title='bbox 841 2969 1096 3052; x_wconf 79' lang='lat' dir='ltr'>possessionibus</span> <span class='ocrx_word' id='word_1_159' title='bbox 1115 2990 1227 3034; x_wconf 90' lang='lat' dir='ltr'>eorum</span> 
     </span>
     <span class='ocr_line' id='line_1_22' title="bbox 93 3075 1227 3144; baseline 0 -2"><span class='ocrx_word' id='word_1_160' title='bbox 93 3082 127 3142; x_wconf 90' lang='grc'>66</span> <span class='ocrx_word' id='word_1_161' title='bbox 151 3077 226 3142; x_wconf 88' lang='grc'><strong>61116</strong></span> <span class='ocrx_word' id='word_1_162' title='bbox 243 3075 339 3142; x_wconf 91' lang='lat' dir='ltr'>rebus</span> <span class='ocrx_word' id='word_1_163' title='bbox 355 3077 543 3144; x_wconf 86' lang='lat' dir='ltr'>divisionem</span> <span class='ocrx_word' id='word_1_164' title='bbox 559 3077 666 3142; x_wconf 88' lang='lat' dir='ltr'>facere</span> <span class='ocrx_word' id='word_1_165' title='bbox 682 3077 906 3142; x_wconf 88' lang='lat' dir='ltr'>assumsissent</span> <span class='ocrx_word' id='word_1_166' title='bbox 916 3077 1047 3142; x_wconf 89' lang='lat' dir='ltr'>tandem</span> <span class='ocrx_word' id='word_1_167' title='bbox 1063 3079 1097 3142; x_wconf 92' lang='lat' dir='ltr'>in</span> <span class='ocrx_word' id='word_1_168' title='bbox 1108 3077 1227 3142; x_wconf 88' lang='lat' dir='ltr'>eisdem</span> 
     </span>
     <span class='ocr_line' id='line_1_23' title="bbox 90 3183 1225 3267; baseline 0 -17"><span class='ocrx_word' id='word_1_169' title='bbox 90 3183 350 3267; x_wconf 87' lang='lat' dir='ltr'>possessionibus</span> <span class='ocrx_word' id='word_1_170' title='bbox 366 3190 399 3250; x_wconf 88' lang='grc'>66</span> <span class='ocrx_word' id='word_1_171' title='bbox 413 3186 487 3250; x_wconf 88' lang='grc'><strong>61116</strong></span> <span class='ocrx_word' id='word_1_172' title='bbox 502 3185 599 3250; x_wconf 92' lang='lat' dir='ltr'>rebus</span> <span class='ocrx_word' id='word_1_173' title='bbox 616 3237 624 3250; x_wconf 90' lang='lat'><strong>.</strong></span> <span class='ocrx_word' id='word_1_174' title='bbox 641 3235 647 3250; x_wconf 92' lang='lat'><strong>.</strong></span> <span class='ocrx_word' id='word_1_175' title='bbox 665 3184 764 3250; x_wconf 89' lang='lat' dir='ltr'>talem</span> <span class='ocrx_word' id='word_1_176' title='bbox 779 3185 865 3250; x_wconf 90' lang='lat' dir='ltr'>inter</span> <span class='ocrx_word' id='word_1_177' title='bbox 881 3206 915 3250; x_wconf 90' lang='grc'>66</span> <span class='ocrx_word' id='word_1_178' title='bbox 930 3183 1082 3251; x_wconf 82' lang='lat' dir='ltr'>fecissent</span> <span class='ocrx_word' id='word_1_179' title='bbox 1098 3185 1225 3251; x_wconf 85' lang='lat' dir='ltr'>divisio·</span> 
     </span>
     <span class='ocr_line' id='line_1_24' title="bbox 93 3293 1226 3380; baseline 0.007 -24"><span class='ocrx_word' id='word_1_180' title='bbox 93 3314 178 3376; x_wconf 82' lang='lat' dir='ltr'>nem,</span> <span class='ocrx_word' id='word_1_181' title='bbox 196 3293 284 3376; x_wconf 90' lang='lat' dir='ltr'>quod</span> <span class='ocrx_word' id='word_1_182' title='bbox 300 3293 434 3360; x_wconf 90' lang='lat' dir='ltr'>eandem</span> <span class='ocrx_word' id='word_1_183' title='bbox 451 3295 684 3378; x_wconf 87' lang='lat' dir='ltr'>possessionem</span> <span class='ocrx_word' id='word_1_184' title='bbox 699 3293 867 3360; x_wconf 88' lang='lat' dir='ltr'>Bclchard</span> <span class='ocrx_word' id='word_1_185' title='bbox 882 3294 916 3358; x_wconf 91' lang='lat' dir='ltr'>in</span> <span class='ocrx_word' id='word_1_186' title='bbox 932 3295 1089 3360; x_wconf 87' lang='lat' dir='ltr'>comitatu</span> <span class='ocrx_word' id='word_1_187' title='bbox 1105 3294 1145 3360; x_wconf 91' lang='lat' dir='ltr'>de</span> <span class='ocrx_word' id='word_1_188' title='bbox 1160 3293 1226 3380; x_wconf 85' lang='lat' dir='ltr'>Vy-</span> 
     </span>
     <span class='ocr_line' id='line_1_25' title="bbox 91 3401 1225 3486; baseline 0.003 -20"><span class='ocrx_word' id='word_1_189' title='bbox 91 3423 155 3466; x_wconf 88' lang='lat' dir='ltr'>uar</span> <span class='ocrx_word' id='word_1_190' title='bbox 172 3403 364 3466; x_wconf 77' lang='lat' dir='ltr'>existentem</span> <span class='ocrx_word' id='word_1_191' title='bbox 376 3401 455 3468; x_wconf 89' lang='lat' dir='ltr'>dicti</span> <span class='ocrx_word' id='word_1_192' title='bbox 472 3401 596 3468; x_wconf 91' lang='lat' dir='ltr'>nobiles</span> <span class='ocrx_word' id='word_1_193' title='bbox 612 3403 646 3467; x_wconf 91' lang='lat' dir='ltr'>in</span> <span class='ocrx_word' id='word_1_194' title='bbox 662 3403 742 3468; x_wconf 89' lang='lat' dir='ltr'>duas</span> <span class='ocrx_word' id='word_1_195' title='bbox 757 3408 868 3486; x_wconf 90' lang='lat' dir='ltr'>partes</span> <span class='ocrx_word' id='word_1_196' title='bbox 884 3452 891 3467; x_wconf 92' lang='lat'><em>.</em></span> <span class='ocrx_word' id='word_1_197' title='bbox 909 3452 915 3467; x_wconf 94' lang='lat'>.</span> <span class='ocrx_word' id='word_1_198' title='bbox 933 3402 1117 3468; x_wconf 86' lang='lat' dir='ltr'>divisissent</span> <span class='ocrx_word' id='word_1_199' title='bbox 1131 3405 1225 3469; x_wconf 89' lang='lat' dir='ltr'>metis</span> 
     </span>
     <span class='ocr_line' id='line_1_26' title="bbox 92 3493 1227 3594; baseline 0.004 -20"><span class='ocrx_word' id='word_1_200' title='bbox 92 3509 312 3591; x_wconf 80' lang='lat' dir='ltr'>infrascriptis</span> <span class='ocrx_word' id='word_1_201' title='bbox 329 3493 370 3574; x_wconf 87' lang='lat' dir='ltr'>ab</span> <span class='ocrx_word' id='word_1_202' title='bbox 386 3510 524 3575; x_wconf 80' lang='lat' dir='ltr'>invicem</span> <span class='ocrx_word' id='word_1_203' title='bbox 539 3510 720 3593; x_wconf 86' lang='lat' dir='ltr'>separando</span> <span class='ocrx_word' id='word_1_204' title='bbox 737 3531 776 3574; x_wconf 85' lang='lat' dir='ltr'>ex</span> <span class='ocrx_word' id='word_1_205' title='bbox 792 3509 910 3594; x_wconf 89' lang='lat' dir='ltr'>quibus</span> <span class='ocrx_word' id='word_1_206' title='bbox 925 3532 1082 3594; x_wconf 89' lang='lat' dir='ltr'>unapars</span> <span class='ocrx_word' id='word_1_207' title='bbox 1097 3533 1117 3576; x_wconf 89' lang='grc'>6</span> <span class='ocrx_word' id='word_1_208' title='bbox 1132 3517 1227 3594; x_wconf 90' lang='lat' dir='ltr'>parte</span> 
     </span>
     <span class='ocr_line' id='line_1_27' title="bbox 90 3617 1226 3703; baseline 0 -19"><span class='ocrx_word' id='word_1_209' title='bbox 90 3617 300 3684; x_wconf 87' lang='lat' dir='ltr'>meridionali</span> <span class='ocrx_word' id='word_1_210' title='bbox 317 3667 323 3682; x_wconf 92' lang='lat'><strong>.</strong></span> <span class='ocrx_word' id='word_1_211' title='bbox 340 3667 347 3682; x_wconf 93' lang='lat'>.</span> <span class='ocrx_word' id='word_1_212' title='bbox 365 3640 438 3682; x_wconf 91' lang='lat' dir='ltr'>cum</span> <span class='ocrx_word' id='word_1_213' title='bbox 455 3618 657 3685; x_wconf 82' lang='lat' dir='ltr'>dimidietate</span> <span class='ocrx_word' id='word_1_214' title='bbox 687 3620 821 3703; x_wconf 90' lang='lat' dir='ltr'>pomerii</span> <span class='ocrx_word' id='word_1_215' title='bbox 839 3641 877 3682; x_wconf 86' lang='lat' dir='ltr'>ex</span> <span class='ocrx_word' id='word_1_216' title='bbox 894 3618 1006 3684; x_wconf 90' lang='lat' dir='ltr'>eadem</span> <span class='ocrx_word' id='word_1_217' title='bbox 1021 3625 1117 3703; x_wconf 90' lang='lat' dir='ltr'>parte</span> <span class='ocrx_word' id='word_1_218' title='bbox 1133 3623 1226 3684; x_wconf 90' lang='lat' dir='ltr'>meri-</span> 
     </span>
     <span class='ocr_line' id='line_1_28' title="bbox 90 3725 1226 3792; baseline 0.002 -2"><span class='ocrx_word' id='word_1_219' title='bbox 90 3726 217 3791; x_wconf 87' lang='lat' dir='ltr'>dionali</span> <span class='ocrx_word' id='word_1_220' title='bbox 233 3730 266 3790; x_wconf 91' lang='lat' dir='ltr'>et</span> <span class='ocrx_word' id='word_1_221' title='bbox 281 3725 353 3790; x_wconf 91' lang='lat' dir='ltr'>loco</span> <span class='ocrx_word' id='word_1_222' title='bbox 371 3725 464 3790; x_wconf 90' lang='lat' dir='ltr'>unius</span> <span class='ocrx_word' id='word_1_223' title='bbox 481 3727 568 3791; x_wconf 91' lang='lat' dir='ltr'>curie</span> <span class='ocrx_word' id='word_1_224' title='bbox 584 3728 676 3792; x_wconf 85' lang='lat' dir='ltr'>iuxta</span> <span class='ocrx_word' id='word_1_225' title='bbox 702 3727 870 3792; x_wconf 89' lang='lat' dir='ltr'>ecclesiam</span> <span class='ocrx_word' id='word_1_226' title='bbox 885 3727 975 3792; x_wconf 92' lang='lat' dir='ltr'>beati</span> <span class='ocrx_word' id='word_1_227' title='bbox 991 3725 1133 3791; x_wconf 82' lang='lat' dir='ltr'>Emerici</span> <span class='ocrx_word' id='word_1_228' title='bbox 1152 3749 1226 3792; x_wconf 89' lang='lat' dir='ltr'>con·</span> 
     </span>
     <span class='ocr_line' id='line_1_29' title="bbox 89 3831 1225 3918; baseline 0.002 -20"><span class='ocrx_word' id='word_1_229' title='bbox 89 3834 223 3900; x_wconf 85' lang='lat' dir='ltr'>sessoris</span> <span class='ocrx_word' id='word_1_230' title='bbox 237 3833 272 3897; x_wconf 92' lang='lat' dir='ltr'>in</span> <span class='ocrx_word' id='word_1_231' title='bbox 288 3831 400 3898; x_wconf 89' lang='lat' dir='ltr'>cadem</span> <span class='ocrx_word' id='word_1_232' title='bbox 416 3832 587 3899; x_wconf 84' lang='lat' dir='ltr'>fundatam</span> <span class='ocrx_word' id='word_1_233' title='bbox 612 3839 698 3901; x_wconf 87' lang='lat' dir='ltr'>sorte</span> <span class='ocrx_word' id='word_1_234' title='bbox 714 3836 820 3918; x_wconf 88' lang='lat' dir='ltr'>posita</span> <span class='ocrx_word' id='word_1_235' title='bbox 835 3835 920 3899; x_wconf 89' lang='lat' dir='ltr'>inter</span> <span class='ocrx_word' id='word_1_236' title='bbox 945 3835 1032 3918; x_wconf 87' lang='lat' dir='ltr'>ipsos</span> <span class='ocrx_word' id='word_1_237' title='bbox 1048 3837 1225 3900; x_wconf 88' lang='lat' dir='ltr'>memorato</span> 
     </span>
     <span class='ocr_line' id='line_1_30' title="bbox 88 3939 1225 4026; baseline 0.001 -19"><span class='ocrx_word' id='word_1_238' title='bbox 88 3941 114 4007; x_wconf 88' lang='lat' dir='ltr'><strong>J</strong></span> <span class='ocrx_word' id='word_1_239' title='bbox 116 3939 221 4006; x_wconf 91' lang='lat' dir='ltr'>acobo</span> <span class='ocrx_word' id='word_1_240' title='bbox 238 3991 245 4006; x_wconf 90' lang='lat'>.</span> <span class='ocrx_word' id='word_1_241' title='bbox 263 3991 269 4006; x_wconf 94' lang='lat'>.</span> <span class='ocrx_word' id='word_1_242' title='bbox 287 3942 457 4006; x_wconf 88' lang='lat' dir='ltr'>cessisset.</span> <span class='ocrx_word' id='word_1_243' title='bbox 474 3991 480 4006; x_wconf 94' lang='lat'>.</span> <span class='ocrx_word' id='word_1_244' title='bbox 498 3942 563 4007; x_wconf 88' lang='grc'><strong>6116</strong></span> <span class='ocrx_word' id='word_1_245' title='bbox 587 3963 661 4007; x_wconf 89' lang='grc'><strong>6666</strong></span> <span class='ocrx_word' id='word_1_246' title='bbox 678 3941 880 4008; x_wconf 88' lang='lat' dir='ltr'>dimidietate</span> <span class='ocrx_word' id='word_1_247' title='bbox 896 3941 1039 4007; x_wconf 89' lang='lat' dir='ltr'>eiusdem</span> <span class='ocrx_word' id='word_1_248' title='bbox 1055 3943 1225 4026; x_wconf 89' lang='lat' dir='ltr'>possessio·</span> 
     </span>
     <span class='ocr_line' id='line_1_31' title="bbox 87 4047 1224 4134; baseline 0 -20"><span class='ocrx_word' id='word_1_249' title='bbox 87 4051 140 4115; x_wconf 91' lang='lat' dir='ltr'>nis</span> <span class='ocrx_word' id='word_1_250' title='bbox 158 4047 326 4114; x_wconf 89' lang='lat' dir='ltr'>Bolchard</span> <span class='ocrx_word' id='word_1_251' title='bbox 343 4049 493 4115; x_wconf 89' lang='lat' dir='ltr'>similiter</span> <span class='ocrx_word' id='word_1_252' title='bbox 508 4098 536 4115; x_wconf 90' lang='lat'>..</span> <span class='ocrx_word' id='word_1_253' title='bbox 557 4071 629 4116; x_wconf 90' lang='lat' dir='ltr'>cum</span> <span class='ocrx_word' id='word_1_254' title='bbox 647 4050 849 4116; x_wconf 86' lang='lat' dir='ltr'>dimidietate</span> <span class='ocrx_word' id='word_1_255' title='bbox 860 4049 1084 4133; x_wconf 89' lang='lat' dir='ltr'>dictipomerii</span> <span class='ocrx_word' id='word_1_256' title='bbox 1101 4057 1224 4134; x_wconf 85' lang='lat' dir='ltr'>aparte</span> 
     </span>
     <span class='ocr_line' id='line_1_32' title="bbox 88 4157 1222 4243; baseline 0.002 -20"><span class='ocrx_word' id='word_1_257' title='bbox 88 4157 353 4242; x_wconf 88' lang='lat' dir='ltr'>septemtrionali</span> <span class='ocrx_word' id='word_1_258' title='bbox 371 4157 516 4242; x_wconf 90' lang='lat' dir='ltr'>predicto</span> <span class='ocrx_word' id='word_1_259' title='bbox 534 4157 694 4243; x_wconf 82' lang='lat' dir='ltr'>Gregorio</span> <span class='ocrx_word' id='word_1_260' title='bbox 712 4209 719 4224; x_wconf 92' lang='lat'><strong>.</strong></span> <span class='ocrx_word' id='word_1_261' title='bbox 737 4164 948 4224; x_wconf 81' lang='grc'><strong>,6666666666</strong></span> <span class='ocrx_word' id='word_1_262' title='bbox 966 4159 1157 4224; x_wconf 87' lang='lat' dir='ltr'>molendinis</span> <span class='ocrx_word' id='word_1_263' title='bbox 1174 4164 1222 4225; x_wconf 88' lang='lat' dir='ltr'>ta·</span> 
     </span>
     <span class='ocr_line' id='line_1_33' title="bbox 89 4265 1224 4351; baseline 0.002 -20"><span class='ocrx_word' id='word_1_264' title='bbox 89 4271 218 4331; x_wconf 89' lang='lat' dir='ltr'>menet</span> <span class='ocrx_word' id='word_1_265' title='bbox 243 4271 421 4349; x_wconf 86' lang='lat' dir='ltr'>patronatu</span> <span class='ocrx_word' id='word_1_266' title='bbox 448 4265 534 4332; x_wconf 88' lang='grc'><strong>(11666</strong></span> <span class='ocrx_word' id='word_1_267' title='bbox 560 4267 693 4333; x_wconf 90' lang='lat' dir='ltr'>ecclesie</span> <span class='ocrx_word' id='word_1_268' title='bbox 717 4267 866 4351; x_wconf 88' lang='lat' dir='ltr'>partibus</span> <span class='ocrx_word' id='word_1_269' title='bbox 893 4269 1106 4333; x_wconf 88' lang='lat' dir='ltr'>communiter</span> <span class='ocrx_word' id='word_1_270' title='bbox 1121 4289 1224 4333; x_wconf 90' lang='lat' dir='ltr'>rema·</span> 
     </span>
     <span class='ocr_line' id='line_1_34' title="bbox 87 4373 1226 4458; baseline 0.001 -18"><span class='ocrx_word' id='word_1_271' title='bbox 87 4373 264 4454; x_wconf 89' lang='lat' dir='ltr'>uentibus;</span> <span class='ocrx_word' id='word_1_272' title='bbox 288 4375 365 4439; x_wconf 87' lang='lat' dir='ltr'>item</span> <span class='ocrx_word' id='word_1_273' title='bbox 381 4374 502 4441; x_wconf 87' lang='lat' dir='ltr'>dictam</span> <span class='ocrx_word' id='word_1_274' title='bbox 527 4377 760 4458; x_wconf 88' lang='lat' dir='ltr'>possessionem</span> <span class='ocrx_word' id='word_1_275' title='bbox 786 4375 943 4443; x_wconf 85' lang='lat' dir='ltr'>Oruohow</span> <span class='ocrx_word' id='word_1_276' title='bbox 968 4377 1168 4443; x_wconf 88' lang='lat' dir='ltr'>nominatam</span> <span class='ocrx_word' id='word_1_277' title='bbox 1191 4377 1226 4441; x_wconf 91' lang='lat' dir='ltr'>in</span> 
     </span>
     <span class='ocr_line' id='line_1_35' title="bbox 38 4480 1225 4579; baseline 0 -31"><span class='ocrx_word' id='word_1_278' title='bbox 38 4571 41 4579; x_wconf 89' lang='lat'><em>.</em></span> <span class='ocrx_word' id='word_1_279' title='bbox 87 4482 254 4548; x_wconf 84' lang='lat' dir='ltr'>comitatu</span> <span class='ocrx_word' id='word_1_280' title='bbox 271 4480 310 4546; x_wconf 90' lang='lat' dir='ltr'>dc</span> <span class='ocrx_word' id='word_1_281' title='bbox 336 4481 472 4548; x_wconf 88' lang='lat' dir='ltr'>Zemlen</span> <span class='ocrx_word' id='word_1_282' title='bbox 489 4483 680 4552; x_wconf 79' lang='lat' dir='ltr'>existentem</span> <span class='ocrx_word' id='word_1_283' title='bbox 705 4483 843 4568; x_wconf 90' lang='lat' dir='ltr'>predicti</span> <span class='ocrx_word' id='word_1_284' title='bbox 869 4485 993 4551; x_wconf 92' lang='lat' dir='ltr'>nobiles</span> <span class='ocrx_word' id='word_1_285' title='bbox 1019 4486 1168 4550; x_wconf 89' lang='lat' dir='ltr'>similiter</span> <span class='ocrx_word' id='word_1_286' title='bbox 1191 4485 1225 4549; x_wconf 93' lang='lat' dir='ltr'>in</span> 
     </span>
     <span class='ocr_line' id='line_1_36' title="bbox 85 4589 1225 4676; baseline 0.003 -21"><span class='ocrx_word' id='word_1_287' title='bbox 85 4589 174 4656; x_wconf 90' lang='lat' dir='ltr'>duas</span> <span class='ocrx_word' id='word_1_288' title='bbox 191 4594 301 4673; x_wconf 86' lang='lat' dir='ltr'>partes</span> <span class='ocrx_word' id='word_1_289' title='bbox 318 4590 471 4672; x_wconf 89' lang='lat' dir='ltr'>equales.</span> <span class='ocrx_word' id='word_1_290' title='bbox 488 4641 495 4656; x_wconf 95' lang='lat'>.</span> <span class='ocrx_word' id='word_1_291' title='bbox 513 4591 704 4676; x_wconf 82' lang='lat' dir='ltr'>divisissent,</span> <span class='ocrx_word' id='word_1_292' title='bbox 732 4615 770 4657; x_wconf 89' lang='lat' dir='ltr'>cx</span> <span class='ocrx_word' id='word_1_293' title='bbox 787 4593 905 4676; x_wconf 90' lang='lat' dir='ltr'>quibus</span> <span class='ocrx_word' id='word_1_294' title='bbox 921 4615 986 4657; x_wconf 89' lang='lat' dir='ltr'>una</span> <span class='ocrx_word' id='word_1_295' title='bbox 1004 4591 1188 4658; x_wconf 88' lang='lat' dir='ltr'>dimidietas</span> <span class='ocrx_word' id='word_1_296' title='bbox 1204 4615 1225 4658; x_wconf 92' lang='grc'>6</span> 
     </span>
     <span class='ocr_line' id='line_1_37' title="bbox 82 4696 1220 4785; baseline 0.002 -21"><span class='ocrx_word' id='word_1_297' title='bbox 82 4703 185 4784; x_wconf 85' lang='lat' dir='ltr'>parte</span> <span class='ocrx_word' id='word_1_298' title='bbox 201 4696 404 4763; x_wconf 89' lang='lat' dir='ltr'>meridionali</span> <span class='ocrx_word' id='word_1_299' title='bbox 420 4749 427 4764; x_wconf 87' lang='lat'><strong>.</strong></span> <span class='ocrx_word' id='word_1_300' title='bbox 444 4749 450 4764; x_wconf 93' lang='lat'><strong>.</strong></span> <span class='ocrx_word' id='word_1_301' title='bbox 467 4700 630 4784; x_wconf 88' lang='lat' dir='ltr'>sepedicto</span> <span class='ocrx_word' id='word_1_302' title='bbox 647 4700 673 4766; x_wconf 86' lang='lat' dir='ltr'>J</span> <span class='ocrx_word' id='word_1_303' title='bbox 673 4701 774 4767; x_wconf 90' lang='lat' dir='ltr'>aeobo</span> <span class='ocrx_word' id='word_1_304' title='bbox 792 4751 799 4764; x_wconf 91' lang='lat'><strong>.</strong></span> <span class='ocrx_word' id='word_1_305' title='bbox 817 4751 823 4765; x_wconf 94' lang='lat'><strong>.</strong></span> <span class='ocrx_word' id='word_1_306' title='bbox 840 4701 987 4766; x_wconf 89' lang='lat' dir='ltr'>similiter</span> <span class='ocrx_word' id='word_1_307' title='bbox 1018 4722 1075 4785; x_wconf 86' lang='lat' dir='ltr'>per</span> <span class='ocrx_word' id='word_1_308' title='bbox 1100 4706 1220 4766; x_wconf 89' lang='lat' dir='ltr'>sortem</span> 
     </span>
    </p>
   </div>
   <div class='ocr_carea' id='block_1_5' title="bbox 0 0 1570 5470">
    <p class='ocr_par' dir='ltr' id='par_1_5' title="bbox 0 0 1570 5470">
     <span class='ocr_line' id='line_1_38' title="bbox 0 0 1570 5470; baseline 0 4"><span class='ocrx_word' id='word_1_309' title='bbox 0 0 1570 5470; x_wconf 95' lang='lat' dir='ltr'> </span> 
     </span>
    </p>
   </div>
  </div>
 </body>
</html>
