3152 5472
586 502 682 566 1332.
698 519 766 568 ros.
785 503 814 566 3.
1185 501 1248 567 611

116 681 156 751 de
172 680 199 749 J
200 705 286 751 asow
304 683 426 751 ordinis
441 682 806 771 premonstratensium.
823 733 831 748 .
846 683 965 750 litteris
976 685 1102 751 comitis
1119 681 1251 751 Nicolai

116 792 302 862 siceiudiois
320 793 419 861 vestri
437 793 611 878 receptis..
632 815 705 860 cum
714 791 1250 881 DominicofilioPetrideMonay

115 903 247 970 homine
266 908 374 970 vestro
390 900 510 970 adhoc
526 900 682 990 deputato
708 902 853 969 misimus
874 899 1041 968 hominem
1067 907 1251 970 nostrum..

116 1034 176 1097 pro
198 1015 384 1081 testimonio
401 1013 458 1098 qui
474 1013 604 1079 tandem
620 1063 627 1078 .
645 1063 651 1080 .
668 1009 771 1079 'nohis
791 1011 1017 1079 concorditer.
1038 1063 1045 1079 .
1069 1010 1252 1080 retulerunt

117 1121 206 1206 quod
221 1121 283 1207 ipsi
299 1123 333 1188 in
350 1121 471 1188 octavis
487 1119 679 1188 Natiuitatis
694 1121 782 1187 beati
798 1120 959 1188 Johannis
974 1121 1126 1207 Baptista
1151 1173 1158 1189 .
1175 1171 1183 1187 .
1209 1120 1252 1188 ad

116 1231 228 1296 villam
244 1229 417 1318 Hegmegy
432 1235 582 1298 vocatam
599 1229 799 1298 devenissent
816 1230 911 1298 stibi
935 1229 1055 1297 Petrus
1081 1229 1107 1297 J
1108 1230 1250 1298 ohannes

117 1345 148 1405 et
163 1339 329 1406 Barrabas
344 1337 404 1406 filii
423 1338 546 1406 Powka
564 1339 708 1424 ipsorum
732 1338 949 1405 iuramentum
975 1342 1090 1406 contra
1113 1339 1251 1406 Petrum

117 1447 222 1514 filium
239 1445 399 1534 Stephani
415 1453 557 1515 actorem
574 1470 669 1514 cause
685 1448 719 1513 in
744 1447 827 1514 facie
850 1451 1014 1514 terrarum
1038 1448 1250 1534 prestandum

116 1555 254 1624 inductu
269 1557 447 1642 proborum
462 1557 605 1624 virorum
623 1557 757 1642 propter
772 1556 894 1623 honum
909 1557 999 1641 pacis
1019 1561 1052 1622 et
1078 1557 1249 1624 concordie

119 1665 324 1733 obmisissent
349 1670 382 1732 et
398 1665 512 1733 divisio
539 1665 614 1732 talis
638 1666 724 1731 inter
748 1669 857 1750 partes
882 1664 996 1732 fuisset
1021 1665 1180 1751 ordinata,
1212 1671 1250 1732 ut

118 1774 245 1860 capella
270 1775 414 1860 ipsorum
429 1773 625 1860 parochialis
641 1774 675 1840 in
691 1775 897 1858 terciaparte
907 1796 927 1840 a
938 1773 1037 1860 plaga
1047 1775 1250 1860 septemtrio·

118 1882 185 1948 nali
200 1907 267 1950 una
283 1899 356 1951 oum
372 1883 531 1951 cimiterio
548 1886 632 1951 esset
647 1882 787 1949 filiorum
797 1883 919 1950 Powka
928 1884 1168 1950 nominatorum
1188 1884 1250 1951 due

118 2013 192 2058 1616
223 1997 334 2078 partes
370 2014 443 2058 oum
478 1993 635 2058 cimiterio
662 2013 786 2059 annexu
817 1993 1021 2076 pertinerent
1050 1992 1151 2060 Petro
1182 1991 1250 2059 filio

117 2099 279 2185 Stephani
294 2107 328 2167 et
342 2101 498 2168 Ladislao
515 2099 583 2166 filio
599 2099 624 2166 J
625 2100 762 2166 ohannis
773 2122 792 2166 a
802 2105 896 2184 parte
906 2100 1109 2168 meridionali
1128 2101 1251 2167 unicui·

118 2230 181 2294 que
197 2209 386 2292 cognacioni
404 2207 638 2294 perpetualiter
648 2207 851 2292 assignando,
871 2213 945 2293 post
954 2207 1017 2275 hoc
1026 2211 1136 2275 autem
1146 2215 1250 2276 osten·

116 2317 240 2384 dissent
255 2319 394 2403 primam
409 2321 530 2383 metam
545 2317 581 2382 in
595 2336 628 2382 se
644 2315 786 2400 lapidem
802 2315 975 2382 habentem
990 2337 1090 2403 prope
1111 2317 1250 2383 rivulum

116 2426 149 2491 in
170 2425 277 2492 medio
292 2425 367 2492 11116
392 2429 564 2509 meantem,
590 2423 707 2490 deinde
736 2445 796 2509 per
827 2424 1020 2490 cimiterium
1053 2425 1249 2492 transeundo

116 2534 315 2601 indicassent
330 2533 428 2600 aliam
443 2536 562 2598 metam
578 2533 613 2598 in
628 2533 713 2598 valle
730 2553 840 2598 versus
855 2531 950 2599 Laalr
975 2537 1008 2599 et
1032 2553 1090 2618 per
1114 2533 1249 2599 eandem

115 2642 235 2710 vallem
268 2642 469 2709 ascendendo
499 2640 806 2708 demonstravissent
830 2639 911 2707 duas
942 2645 1064 2707 terreas
1094 2647 1197 2708 metas
1229 2663 1249 2707 a

115 2756 208 2836 parte
218 2751 483 2835 septemtrionali,
493 2749 608 2816 deinde
618 2769 730 2815 cursus
740 2749 915 2832 angulatur
924 2747 967 2816 ad
977 2756 1094 2816 metam
1108 2755 1248 2815 terream

116 2858 176 2924 sub
194 2859 311 2925 arbore
327 2860 467 2944 positam
483 2879 502 2924 a
517 2840 613 2943 parte¹
628 2857 787 2941 orientali,
803 2856 933 2924 scinde
955 2856 1170 2924 ostendissent
1185 2861 1249 2922 ter·

114 2989 204 3034 ream
220 2973 341 3033 metam
356 2967 390 3032 in
416 2965 532 3032 rubeto
556 2967 706 3050 positam,
733 2967 861 3032 domum
886 2968 920 3032 in
946 2967 1029 3033 colle
1052 2966 1249 3033 indicassent

115 3082 183 3141 tres
198 3079 300 3142 metas
316 3081 437 3142 terreas
461 3096 525 3160 que
541 3073 688 3141 dividunt
703 3076 791 3140 inter
805 3075 916 3142 villam
927 3073 1247 3143 Thumordohannis

115 3185 196 3251 dicti
211 3183 291 3250 Elea
308 3189 341 3250 et
355 3186 440 3250 inter
462 3185 558 3269 ipsos,
578 3184 638 3250 tali
663 3185 769 3269 specie
794 3184 957 3252 divisionis
981 3186 1143 3252 mediante
1167 3188 1205 3251 ut
1229 3207 1249 3251 a

113 3295 220 3378 prima
236 3299 323 3359 meta
338 3314 439 3378 usqne
456 3293 499 3358 ad
513 3293 663 3359 ultimam
678 3315 699 3359 a
714 3299 808 3378 parte
825 3293 1028 3360 meridionali
1044 3301 1127 3362 esset
1137 3293 1249 3360 iuridi-

115 3403 201 3469 cium
216 3401 451 3468 hereditarium
466 3399 560 3467 Petri
576 3399 635 3466 filii
645 3399 803 3486 Stephani
816 3408 848 3468 et
857 3402 1004 3468 Ladislai
1014 3401 1074 3468 filii
1084 3401 1108 3470 J
1110 3403 1246 3470 ohannis

114 3516 191 3576 ante
207 3511 454 3595 nominatorum,
471 3515 597 3595 aparte
614 3517 722 3576 autem
739 3511 997 3596 septemtrionali
1013 3515 1099 3577 esset
1122 3507 1248 3577 herediss

113 3624 165 3685 tas
181 3618 381 3714 perpetualis
398 3617 493 3684 Petri
509 3618 533 3684 J
535 3618 672 3685 ohannis
690 3623 722 3684 et
737 3618 885 3686 Barrahe
901 3618 1044 3686 filiorum
1070 3619 1194 3686 Powka
1208 3619 1248 3685 ac

113 3748 246 3793 suorum
263 3727 494 3811 proximorum,
511 3728 685 3810 presertim
701 3726 801 3794 iidem
816 3727 936 3794 Petrus
952 3730 986 3794 et
1004 3727 1180 3794 Ladislaus
1207 3726 1248 3792 de

114 3834 250 3920 propria
265 3835 420 3918 porcione
436 3835 580 3921 ipsorum
596 3835 731 3901 fundum
748 3858 847 3901 unum
863 3837 928 3902 sive
944 3837 1067 3903 curiam
1092 3835 1249 3902 deberent

115 3943 193 4008 dare
212 3947 246 4008 et
262 3943 429 4027 assignare
445 3943 568 4029 capelle
586 3944 766 4029 parochiali
792 3945 835 4010 ad
861 3945 1064 4012 commodum
1090 3949 1122 4010 et
1140 3945 1248 4012 'usum

114 4050 309 4120 sacerdotis'¹
324 4052 520 4136 parochialis
545 4057 702 4138 perpetuo
727 4053 962 4139 possidendam,
996 4053 1056 4121 tali
1088 4051 1248 4120 nihilomi-

112 4182 174 4227 nus
192 4159 406 4245 obligacionis
421 4159 550 4227 vinculo
565 4162 737 4246 mediante,
749 4163 836 4249 quod
847 4165 874 4229 si
885 4184 950 4248 qua
959 4163 1106 4249 parcium
1115 4163 1248 4248 premis·

114 4294 183 4338 sam
217 4271 406 4338 divisionem
431 4275 594 4338 terrarum
618 4293 769 4340 revocare
800 4275 962 4340 niteretur
987 4295 1026 4340 ex
1051 4279 1130 4340 tunc
1160 4274 1247 4358 parti

113 4379 305 4446 divisionem
320 4379 407 4446 inter
422 4379 510 4464 ipsos
526 4380 666 4466 positam
686 4380 821 4464 pacifice
846 4381 1016 4448 tolleranti
1040 4403 1097 4448 sex
1121 4401 1248 4448 marcas

112 4493 190 4554 ante
206 4485 276 4554 litis
291 4489 470 4573 ingressum
486 4487 564 4554 darc
581 4489 614 4556 et
628 4489 753 4555 solvere
769 4492 943 4575 teneretur,
974 4490 1113 4557 iudicem
1138 4487 1252 4556 autem*

111 4595 234 4662 Petrus
249 4594 337 4662 filius
353 4595 512 4683 Stephani
528 4599 562 4662 in
579 4597 705 4665 duabus
721 4597 870 4683 partibus
886 4597 1006 4684 iudicii,
1037 4599 1157 4667 Petrus
1172 4621 1248 4666 vero

1094 4706 1156 4770 39*
