3172 5462
364 407 425 464 166
723 417 910 464 Αὶωουκοιυ
926 405 1142 463 onutsrrln.

362 581 575 646 Benedictum
594 580 717 645 dictum
732 579 821 644 Weu
836 577 875 643 de
892 578 1007 660 Batur,
1018 575 1193 644 Nicolaum
1211 577 1251 642 de
1267 577 1402 660 Bagach,
1415 575 1464 640 Pe-

361 695 448 754 trum
465 695 498 754 et
513 688 687 754 Nicolaum
703 688 787 753 filios
803 685 900 754 Abas
917 687 957 753 de
981 685 1129 772 Scenyes,
1145 686 1319 753 Nicolaum
1333 708 1464 769 magnum

362 803 395 862 et
410 793 581 862 Andream
604 795 708 861 filium
723 795 822 860 Pauli
843 795 882 860 de
907 796 1007 880 Pylys
1032 801 1111 860 tuno
1135 796 1292 880 temporis
1316 795 1465 859 servientes

362 926 445 986 suos,
462 903 537 969 filiis
563 903 687 968 Thome
713 909 745 967 et
770 902 931 968 Lothardi
957 924 996 968 ac
1012 901 1163 968 omnibus
1188 903 1231 968 ad
1248 903 1371 968 eosdem
1387 904 1466 985 perti·

361 1011 512 1077 uentibus
529 1018 608 1076 tnnc
638 1010 823 1075 infidelibus
839 1011 959 1075 nostris
985 1011 1172 1093 specialiter
1189 1009 1301 1076 Deseu
1316 1009 1378 1074 filio
1393 1009 1467 1073 Petri

363 1121 402 1186 de
420 1119 566 1203 Samson,
583 1116 726 1202 Georgio
752 1117 820 1183 filio
844 1117 969 1184 Elekus
994 1118 1034 1183 de
1050 1117 1255 1203 Pristarcosy
1280 1115 1469 1183 seruientibus

361 1235 440 1294 turns
455 1227 595 1292 filiorum
610 1227 781 1309 Lothardi,
805 1227 883 1291 item
900 1227 1008 1291 Deseu
1025 1227 1113 1292 dieto
1130 1226 1257 1311 Kopoz,
1275 1225 1429 1310 Stephano
1443 1231 1467 1288 et

361 1335 515 1400 Michaeli
532 1335 571 1399 de
588 1334 697 1419 Tynis,
722 1335 799 1399 item
816 1333 972 1398 Ladislao
992 1333 1059 1399 filio
1084 1333 1250 1420 Hegun*)
1276 1333 1467 1400 servientibus

357 1444 484 1526 Kopoz,
500 1443 577 1508 item
604 1443 752 1508 Fabiano
777 1442 844 1506 filio
860 1441 980 1506 Burita
1005 1442 1219 1507 servientibus
1243 1440 1403 1507 Johannis
1423 1439 1468 1502 filii

359 1551 507 1616 Ladislai
523 1551 636 1615 fratris
647 1550 725 1614 dicti
736 1549 852 1634 Kopon
869 1555 902 1613 et
918 1549 1027 1614 Bekeo
1045 1549 1085 1613 de
1100 1549 1275 1633 Degniled
1292 1570 1329 1613 eo
1345 1555 1468 1631 tempore

360 1657 474 1740 quoin
498 1659 618 1722 nostris
644 1659 785 1723 serviciis
811 1658 845 1721 in
871 1663 977 1722 castro
1003 1663 1113 1722 nostro
1140 1655 1292 1742 Gyluach
1318 1661 1422 1720 vocato
1439 1655 1470 1718 de
1556 1694 1561 1707 ·

359 1771 470 1830 nostro
487 1765 641 1829 mandato
658 1765 743 1829 idem
760 1765 785 1829 J
786 1763 928 1828 ohannes
945 1787 1017 1830 cum
1028 1765 1183 1849 predictis
1200 1765 1266 1829 suis
1282 1763 1471 1828 servientibus

360 1873 558 1957 morabatur,
575 1873 721 1956 irrogata
748 1872 827 1937 data
843 1879 876 1936 et
891 1873 987 1938 illata
1002 1874 1132 1957 penitus
1150 1873 1300 1938 duximus
1315 1870 1472 1937 relaxanda
1562 1901 1563 1904 ¹

360 1983 447 2064 ipsos
473 1981 605 2044 racione
629 1982 858 2064 premissorum
883 1980 1053 2044 reddentes
1073 1981 1251 2064 expeditos,
1269 1979 1413 2044 fidelitati
1432 1999 1472 2042 re·
1560 2042 1564 2051 ,

361 2095 427 2153 stre
458 2087 594 2152 firmiter
628 2088 836 2172 precipiendo
877 2089 1068 2154 mandamus
1111 2095 1272 2171 qnatenus
1305 2088 1473 2152 iamdictnm

361 2197 552 2277 magistrum
578 2195 765 2260 dohannem
791 2203 824 2261 ct
851 2197 918 2261 eius
935 2197 1110 2261 servientes
1125 2197 1291 2280 predictos
1307 2192 1472 2261 huiusmodi
1560 2220 1565 2229 ·

363 2305 552 2368 damnorum
579 2311 845 2369 nocumentorum
872 2311 904 2369 et
938 2306 1130 2369 iniuriarum
1162 2311 1314 2388 pretextu
1350 2304 1475 2368 iudicare

362 2412 549 2478 nullomodo
565 2415 792 2496 presummatis
819 2415 902 2477 sicut
917 2435 976 2478 nos
993 2415 1136 2496 graviter
1163 2412 1325 2478 offendere
1340 2411 1476 2478 formida·
1565 2424 1566 2435 ³

363 2522 414 2604 tis,
430 2520 522 2585 aliud
537 2520 644 2584 facere
659 2543 724 2584 non
740 2521 904 2584 audentes.
915 2520 1040 2584 Datum
1056 2522 1089 2584 in
1106 2519 1322 2604 Vyssegarad‚
1339 2521 1372 2584 in
1385 2519 1477 2604 vigilia
1564 2545 1565 2606 3

364 2627 517 2693 Omnium
534 2626 739 2710 Sanctorum,
771 2650 854 2693 anno
881 2629 1001 2694 domini
1027 2627 1203 2693 Millesimo
1220 2626 1322 2694 0000
1340 2627 1475 2712 vigesimo
1564 2627 1565 2668 ³

366 2741 491 2818 quarto.

472 2881 623 2945 Hdtlnpjrin
635 2882 728 2944 ¹peoset
749 2883 923 2946 nyonnaival;
945 2881 1076 2946 erodetije
1089 2897 1105 2930 a
1124 2881 1349 2945 gyulaselrdrvdri
1361 2882 1475 2944 kdptalen

366 2969 498 3020 ltdraibau.
512 2971 588 3020 Misc.
602 2971 624 3019 Ι.
640 2975 663 3020 6.
679 2976 720 3022 30.
734 2971 831 3022 Kozli:
850 2973 934 3036 Pesty
947 2972 1070 3036 Frigyes.

897 3279 969 3340 151.

369 3440 464 3502 1324.
491 3463 560 3503 noo.
585 3442 615 3504 9.
642 3443 669 3504 Ι.
697 3443 823 3524 Ku'rolp
848 3440 960 3524 ttnttp
977 3441 1049 3522 Il‘fi
1064 3441 1171 3504 Jonas
1205 3443 1326 3526 repcuzi
1341 3442 1373 3504 c's
1389 3435 1482 3503 de'desi

488 3553 669 3633 oriruoppot
691 3547 944 3633 Tcnlccs-Ujfutu
970 3547 1162 3612 birtoleddon
1182 3552 1375 3632 streperositt.

474 3687 621 3754 Karolus
638 3741 644 3755 .
661 3741 668 3755 .
686 3713 743 3755 rex
758 3741 765 3754 .
782 3740 789 3755 .
806 3691 848 3755 ad
874 3692 1096 3754 universorum
1112 3690 1268 3754 noticiam
1284 3689 1401 3754 harum
1416 3687 1483 3752 serie

367 3799 514 3863 volumus
533 3800 709 3882 pervenire,
727 3799 815 3882 quod
832 3821 905 3864 cum
920 3797 945 3863 J
947 3799 1091 3862 ohannes
1107 3797 1195 3862 filius
1211 3797 1266 3862 Ite
1281 3796 1483 3863 vicecastells-

368 3931 429 3973 nus
452 3909 492 3972 de
517 3908 651 3992 Regech
676 3910 764 3974 etde
788 3909 897 3973 Dedes
913 3931 933 3972 a
949 3915 1062 3974 nostra
1086 3909 1259 3972 maiestate
1275 3929 1371 3990 prece
1396 3905 1484 3972 subie-

368 4017 453 4082 ctiva
470 4017 664 4099 postulasset
674 4023 711 4081 ut
728 4017 887 4100 quasdam
903 4017 1118 4100 possessiones
1134 4036 1234 4080 unam
1250 4015 1399 4080 videlicet
1414 4011 1484 4076 Ten·

367 4122 581 4207 lieshuyfalua
606 4129 754 4189 vocatam
780 4145 800 4187 a
824 4122 977 4188 Johanne
1004 4130 1038 4187 et
1061 4123 1234 4187 Dominioo
1249 4120 1327 4187 filiis
1343 4121 1483 4194 Mattius,

368 4231 466 4296 aliam
483 4231 612 4313 quidem
629 4231 860 4313 possessionem
869 4230 1074 4314 Kaprunoha
1089 4231 1292 4297 nominatam
1312 4251 1332 4293 a
1348 4229 1374 4296 J
1374 4229 1485 4295 ohanne

369 4337 436 4404 filio
461 4338 655 4404 Macrabeus
680 4360 737 4422 per
762 4360 835 4404 eum
860 4339 969 4422 precio
996 4342 1200 4422 comparatas
1226 4338 1260 4402 iu
1286 4339 1439 4404 comitatu
1452 4333 1485 4398 de

479 4571 504 4636 *)
516 4571 541 4624 A
553 4572 697 4640 kdptatani
709 4573 852 4626 atirstbau
867 4573 979 4641 Heguri.
