3172 5462
541 463 634 528 1324.
652 485 724 529 aen.
752 464 779 529 7.
1174 470 1236 536 125

102 650 246 711 castrum
261 644 349 710 Leta
374 644 574 710 conservavit
600 665 658 709 seu
674 665 774 728 usque
801 649 1043 718 restitucioncm
1068 649 1170 735 ipsius
1188 673 1238 716 ca-

102 756 160 819 stri
186 753 448 840 quandocunque
473 755 652 837 cuicunque
678 755 729 820 vel
755 756 1001 842 quibuscunque
1026 765 1095 824 tam
1119 759 1162 826 ad
1177 781 1235 826 nos

102 863 341 945 pertinentibus
358 883 454 946 quam
470 863 543 928 aliis
560 867 593 927 et
608 862 793 947 ubicunque
810 865 905 932 datas
931 874 963 932 et
989 869 1098 934 illatas
1115 869 1154 933 de
1171 867 1237 952 ple·

103 972 253 1038 nitudine
269 971 360 1054 regie
375 971 548 1055 potestatis
573 977 606 1036 et
622 972 733 1056 gracia
749 974 883 1058 speciali
900 999 979 1060 pure
996 983 1029 1042 et
1045 978 1237 1060 simpliciter

104 1082 288 1146 relaxantes
313 1082 516 1164 ignoscentes
534 1087 566 1146 11
590 1102 648 1164 per
664 1083 771 1147 omnia
795 1083 1011 1170 indulgentes,
1027 1107 1154 1152 omnem
1169 1108 1236 1150 111-

104 1191 219 1257 teriam
245 1191 428 1274 qnescionis
453 1211 643 1273 omnemque
670 1211 800 1256 causam
825 1193 893 1258 litis
919 1201 951 1260 et
976 1195 1140 1260 accionem
1175 1216 1238 1278 que

104 1319 140 1362 ex
156 1298 324 1382 premissis
340 1298 391 1362 vel
408 1298 517 1381 aliquo
533 1298 763 1382 premissorum
788 1298 980 1368 damnorum
997 1306 1029 1366 et
1044 1301 1236 1367 iniuriarum

105 1405 255 1472 datarum
282 1412 316 1470 et
341 1406 505 1471 illatarum
530 1427 633 1490 usque
658 1405 798 1490 predicti
824 1410 923 1474 castri
948 1409 1190 1474 restitucionem
1215 1431 1235 1474 a

104 1537 297 1600 quocunque
323 1522 433 1582 actore
460 1537 568 1582 coram
594 1517 706 1600 quovis
731 1516 837 1583 iudice
854 1525 925 1585 orte
941 1519 991 1584 vel
1016 1525 1104 1585 mote
1131 1525 1236 1586 essent

104 1631 160 1691 aut
175 1632 310 1710 possent
327 1625 404 1690 oriri
420 1626 453 1689 in
469 1624 615 1690 futurum
632 1631 746 1692 contra
770 1627 954 1710 predictum
971 1628 1121 1694 comitem
1136 1626 1235 1693 Nico-

104 1733 190 1796 laum
215 1732 301 1797 filios
317 1753 391 1797 suos
408 1738 441 1797 et
457 1732 631 1799 eorundem
648 1733 783 1798 heredes
809 1735 983 1800 servientes
1000 1741 1033 1800 et
1048 1735 1235 1818 iobagiones

104 1863 141 1906 ac
158 1841 323 1924 quoslibet
347 1841 547 1926 pertinentes
573 1841 615 1905 ad
641 1839 780 1924 eosdem,
807 1841 919 1924 vigore
943 1844 1103 1926 presentis
1118 1843 1236 1928 pagine

103 1953 235 2034 penitus
261 1958 475 2037 amputamus,
501 1951 549 2016 111
573 1956 610 2015 11
637 1950 734 2016 iidem
761 1971 866 2016 comes
881 1950 1038 2017 Nicolaus
1063 1950 1122 2016 filii
1139 1953 1188 2016 sui
1205 1957 1238 2016 et

104 2082 214 2126 eorum
231 2060 368 2126 heredes
393 2082 490 2144 super
514 2057 678 2142 premissis
703 2081 768 2125 non
785 2058 925 2125 debeant
950 2082 1012 2125 nec
1037 2061 1162 2145 possint
1178 2081 1236 2143 per

104 2170 289 2255 quempiam
305 2171 340 2234 in
364 2168 484 2234 iudicio
500 2168 553 2233 rel
569 2175 662 2233 extra
686 2169 840 2234 iudicium
862 2170 1024 2235 conveniri
1041 2176 1098 2235 aut
1115 2171 1237 2254 aliqua·

103 2279 180 2343 liter
197 2278 383 2357 molestari3
401 2276 548 2342 volumus
564 2277 675 2360 itaque
699 2282 731 2341 et
747 2277 901 2361 palatine,
918 2277 1016 2343 iudici
1037 2278 1124 2342 curie
1140 2280 1237 2360 regie,

103 2386 239 2452 roivode
255 2385 478 2468 Transilvano,
489 2385 660 2450 comitibus
678 2407 716 2450 ac
727 2387 883 2451 uniuersis
900 2386 1061 2452 iudicibus
1077 2388 1110 2450 in
1126 2393 1238 2452 nostro

103 2515 205 2579 regno
230 2516 317 2559 nuuc
343 2499 457 2578 cipro
482 2499 627 2577 tempore
652 2494 835 2560 constitutis
861 2516 1053 2580 quacunque
1079 2493 1238 2578 dignitate

102 2605 234 2669 nomine
272 2609 305 2668 et
330 2603 426 2667 titulo
451 2601 710 2686 prefulgentibus
734 2604 883 2688 vicesque
917 2625 1026 2669 eorum
1051 2603 1237 2687 gerentibus

102 2714 194 2795 regio
212 2711 273 2776 sub
289 2716 442 2794 precepto
468 2732 526 2794 per
543 2716 708 2793 presentes
725 2711 838 2776 damus
862 2709 999 2777 firmiter
1015 2711 1049 2776 iu
1065 2709 1236 2794 mandatis,

102 2829 266 2906 quatenus
301 2819 464 2904 predictos
499 2820 649 2884 comitem
681 2819 854 2885 Nicolaum
888 2819 972 2886 filios
1004 2841 1077 2885 suos
1112 2841 1237 2885 eorum-

102 2952 165 3013 que
192 2929 329 2994 heredes
362 2929 396 2992 in
428 2928 526 2992 nullis
559 2929 664 2992 causis
699 2933 732 2992 et
763 2949 934 2992 causarum
968 2929 1116 2993 articulis
1140 2929 1238 2993 motis

104 3043 223 3102 contra
248 3057 302 3102 eos
327 3035 379 3100 111
395 3035 559 3100 movendis
584 3058 623 3100 ex
648 3035 813 3120 premissis
839 3042 896 3100 111
927 3037 1037 3120 aliquo
1068 3037 1238 3120 premisso-

102 3167 173 3210 mm
203 3143 393 3209 damnorum
426 3149 459 3208 11
488 3145 680 3208 iniuriarum
712 3143 862 3208 datarum
878 3149 911 3208 et
941 3143 1109 3208 illatarum
1134 3165 1238 3227 usque

101 3252 349 3318 restitucionem
379 3251 519 3334 predicti
552 3253 650 3317 castri
669 3251 764 3336 Leta,
795 3258 833 3317 ut
859 3257 908 3316 est
939 3252 1071 3335 dictum,
1097 3251 1223 3316 debean

101 3361 250 3427 iudicare
274 3365 332 3424 aut
362 3380 419 3424 suo
439 3365 547 3424 astare
574 3359 694 3425 iudicio
719 3361 900 3444 conpellere
927 3365 1133 3442 presumant;
1165 3360 1236 3442 qui-

101 3491 233 3555 cunque
257 3475 365 3535 autem
397 3469 431 3533 iu
453 3468 628 3534 iudicando
643 3468 694 3533 vel
720 3468 851 3534 ferendo
877 3469 1074 3534 sentenciam
1100 3469 1139 3532 de
1165 3489 1237 3551 pre-

100 3579 211 3643 missis
241 3577 292 3642 111
323 3577 432 3660 aliquo
475 3577 703 3659 premissorum
734 3581 847 3642 contra
878 3577 965 3661 ipsos
996 3577 1146 3641 comitem
1176 3573 1236 3640 Ni-

100 3687 232 3752 colaum
248 3684 332 3750 filios
348 3707 422 3750 suos
439 3689 471 3749 et
486 3685 620 3750 heredes
637 3683 822 3750 eorumdem
846 3684 922 3750 huic
938 3685 1055 3768 pagine
1072 3685 1234 3748 contraire

99 3795 322 3880 presumserit,
347 3794 469 3877 regiam
501 3793 761 3878 indignacionem
786 3795 933 3860 incurrat
968 3798 1001 3857 11
1025 3791 1235 3857 nihilominus

99 3904 259 3970 iudicium
268 3923 325 3967 seu
335 3901 532 3966 sentenciam
544 3900 622 3967 data
631 3924 689 3986 per
698 3904 804 3986 ipsum
825 3903 858 3966 in
868 3901 930 3967 hac
940 3907 1033 3985 parte
1043 3921 1109 3964 non
1125 3905 1235 3964 teneat

99 4034 159 4078 nec
175 4013 322 4096 vigorem
332 4017 365 4075 et
376 4009 616 4075 amminiculum
627 4011 707 4075 iuris
724 4012 758 4075 in
768 4011 878 4093 aliquo
895 4009 1071 4088 sorciatur;
1087 4013 1235 4090 preterea

98 4143 230 4186 omnem
248 4119 458 4185 donacionem
476 4124 508 4184 et
534 4119 744 4184 collacionem
763 4119 790 4183 si
807 4139 905 4202 quam
922 4117 961 4181 de
977 4113 1234 4200 possessionibus

98 4231 149 4294 vel
165 4229 209 4295 de
224 4229 339 4311 aliqua
353 4229 554 4311 possessione
571 4228 671 4312 ipsius
689 4228 815 4292 comitis
840 4225 970 4292 Nicolai
987 4247 1027 4289 ex
1044 4242 1235 4308 quacunque

100 4361 201 4406 causa
228 4339 381 4420 cuiquam
405 4336 562 4402 hacteuus
586 4335 781 4420 fecissemus,
810 4335 1006 4400 auctoritate
1032 4333 1234 4415 presencium

98 4469 301 4530 revocamus,
317 4466 427 4510 omnes
452 4467 581 4530 quoque
606 4447 735 4512 litteras
751 4451 880 4511 nostras
906 4449 939 4508 et
955 4441 1101 4526 quelibet
1116 4440 1236 4504 instru-

99 4564 213 4622 menta
239 4577 336 4638 super
361 4553 546 4619 huiusmodi
572 4554 806 4620 donaciouibus
831 4552 1069 4636 possessionum
1086 4547 1167 4614 dicti
1183 4569 1234 4612 co·

99 4669 187 4732 uritis
216 4663 349 4729 Nicolsi
375 4663 526 4746 cuiquam
552 4683 720 4728 concessas
747 4667 890 4728 cassatas
917 4710 923 4725 .
950 4709 956 4724 .
981 4680 1048 4722 uun
1058 4657 1179 4722 ciamus
1195 4647 1212 4723 ’.
