3172 5462
503 483 596 550 1324.
614 505 681 550 ocu.
702 484 751 550 14.
1140 489 1202 552 163

88 663 126 728 cia
139 659 205 726 fieri
222 662 394 744 consuevit,
410 663 555 730 volentes
565 686 606 729 ne
616 666 736 730 nostris
751 667 951 749 temporibus
962 667 1080 752 quibus
1090 667 1203 733 divina

88 771 247 836 clemencia
277 776 440 835 annuente
471 793 606 854 regnum
638 779 784 838 nostrum
814 773 953 838 feliciter
984 773 1204 858 gubernamus

87 879 190 944 iniuria
208 879 360 961 cuiquam
374 879 538 961 irrogetur
554 902 614 945 nec
630 901 649 944 a
665 880 759 946 nobis
774 881 904 946 iusticie
920 881 1100 967 denegetur
1115 882 1202 948 unde

87 989 146 1052 iuro
159 992 347 1070 nascuntur,
372 984 556 1052 affirmante
582 989 684 1054 eciam
709 988 821 1053 eodem
841 990 998 1072 magistro
1023 991 1140 1056 Desew
1156 990 1203 1055 di·

87 1101 144 1158 ctas
158 1095 376 1177 possessiones
396 1117 415 1160 a
431 1095 524 1161 nobis
540 1098 721 1162 nescienter
736 1097 888 1181 petivisse
904 1099 1001 1162 immo
1018 1099 1204 1184 postulante

86 1201 144 1283 ipso
158 1208 195 1268 ut
211 1202 298 1268 dicte
315 1201 443 1268 domine
459 1209 492 1268 et
508 1203 574 1270 lilio
591 1227 648 1270 suo
665 1205 794 1269 easdem
807 1206 1058 1290 restitueremus,
1075 1205 1205 1271 easdem

84 1311 288 1392 possessiones
311 1310 536 1376 Farkesfewld
561 1319 593 1377 et
617 1312 739 1377 Kwesd
763 1319 959 1378 memoratas
983 1314 1024 1378 ab
1050 1315 1120 1397 ipso
1136 1335 1204 1378 ma·

85 1418 172 1500 gistro
188 1418 307 1484 Desew
317 1426 431 1504 utpote
447 1421 549 1487 tacita
564 1422 701 1486 veritate
717 1423 899 1506 postulatas
916 1419 1101 1488 sufferendo
1118 1421 1205 1486 litte-

85 1547 190 1610 rasqne
207 1532 335 1594 nostras
351 1529 568 1612 privilegiales
594 1536 627 1596 et
643 1531 724 1595 alias
744 1531 1013 1616 qualitercunque
1038 1551 1135 1612 super
1150 1528 1200 1593 his

86 1632 139 1698 sibi
154 1655 322 1701 concessas
346 1637 475 1720 penitus
500 1642 533 1702 et
557 1659 618 1721 per
634 1638 741 1704 omnia
760 1658 869 1703 coram
886 1639 998 1722 quovis
1014 1636 1121 1702 iudice
1138 1657 1205 1702 eas·

86 1749 163 1806 satas
197 1749 231 1807 et
261 1743 383 1808 viribus
407 1741 591 1810 nunciando
622 1746 792 1829 carituras,
817 1767 890 1811 cum
922 1745 1071 1811 omnibus
1096 1766 1208 1810 earum

87 1851 275 1916 utilitatibus
293 1859 326 1917 et
341 1854 548 1936 pertinenciis
565 1853 974 1920 universiseidemdomine
991 1859 1024 1918 et
1040 1851 1208 1937 Stephano

87 1957 146 2022 filio
169 1960 237 2024 eius
262 1959 507 2026 reddidimus..
533 1960 574 2026 de
600 1962 732 2026 oonsilio
758 1961 959 2046 prelatorum
990 1967 1023 2026 et
1047 1960 1208 2026 baronum

86 2066 170 2148 regni
184 2068 291 2131 nostri
307 2065 439 2149 pacifice
455 2067 665 2150 possidendas
682 2119 688 2132 .
705 2119 712 2134 .
729 2068 855 2134 Datum
871 2089 930 2152 per
945 2090 1059 2133 manus
1076 2067 1210 2132 discreti

87 2173 140 2236 riri
154 2175 301 2257 magistri
317 2173 446 2240 Endere
469 2176 623 2260 prepositi
649 2177 780 2242 ecclesie
805 2175 968 2241 Budensis
992 2176 1129 2260 auleque
1148 2196 1204 2240 no-

86 2287 145 2345 stre
159 2283 415 2348 vicecancellarii
432 2283 544 2348 dilecti
561 2289 593 2348 et
614 2283 721 2348 fidelis
737 2285 850 2366 nostri,
867 2306 951 2350 anno
968 2284 1089 2348 domini
1100 2282 1209 2348 Mille-

86 2389 158 2454 simo
168 2388 269 2456 000⁰
278 2391 432 2474 vigesimo
443 2397 570 2474 quarto,
582 2393 695 2474 quinto
707 2413 808 2458 nones
820 2389 981 2474 Octobris,
991 2391 1084 2474 regni
1100 2398 1209 2456 autem

84 2501 181 2564 nostri
204 2519 289 2564 anno
315 2499 463 2564 similiter
478 2500 632 2582 vigesimo
649 2505 774 2583 quarto.
791 2499 1060 2567 Venerabilibus.
1072 2550 1078 2564 .
1092 2497 1211 2583 ,stb.*)

186 2645 338 2711 Zsigmond
350 2645 497 2710 kiralynak
523 2649 657 2696 1392-ben
678 2647 737 2697 kelt
750 2647 907 2707 atimtrtbdl,
929 2647 1059 2709 melynek
1082 2643 1212 2707 credetije

85 2749 196 2798 megran
208 2751 240 2786 az
254 2751 324 2786 orez.
338 2737 393 2785 lter·
407 2737 505 2787 lrincst.
517 2743 586 2787 oszt.
598 2737 632 2787 N.
646 2739 677 2788 R.
688 2738 721 2788 A.
734 2740 794 2788 565,
806 2740 849 2786 26.
860 2737 957 2786 Kozli:
972 2736 1080 2786 Kovetcs
1090 2736 1211 2784 Neorion

568 2900 725 2910 .--..-.-.

611 3061 684 3124 148.

85 3220 177 3283 1324.
194 3231 249 3284 oct.
268 3223 319 3284 14.
332 3219 379 3284 ΑΖ
396 3221 463 3305 egri
478 3221 638 3306 lcdptalao
655 3223 727 3286 clerc
742 3221 862 3304 Bodofi
874 3215 1077 3303 Corrdrdfio
1095 3222 1127 3284 c'e
1147 3221 1213 3283 oer-

84 3328 218 3392 rolouae'
232 3330 373 3393 Marciae
390 3331 422 3393 ds
445 3329 599 3413 Toiclcciuy
616 3330 768 3415 Zcmple‘n
788 3331 971 3416 udrmepyci
995 3327 1212 3394 ttrrokaittot

84 3459 138 3519 epp
156 3439 245 3519 r·e'szt‚
261 3437 565 3524 leibe'kttle‘sfeje'lrcn
582 3439 719 3522 Simoufi
744 3437 863 3502 Teneris
880 3437 1013 3520 fiairrelc
1030 3435 1212 3501 Douclrrrulc

327 3548 359 3610 e's
375 3546 557 3610 Ldsztonrdr
574 3546 740 3611 tirrotuba
757 3545 960 3610 docsdtanale.

191 3700 259 3768 Nos
275 3701 457 3785 capitulum
473 3703 607 3768 ecclesie
622 3700 794 3785 Agriensis
811 3751 817 3767 .
835 3751 841 3766 .
860 3699 1062 3765 declaremus
1078 3749 1085 3764 .
1102 3747 1108 3764 .
1125 3696 1215 3781 quod

83 3813 237 3892 magister
261 3811 381 3876 Donch
406 3810 493 3877 filius
518 3810 642 3876 Thome
662 3810 721 3876 filii
746 3809 886 3877 Simonis
903 3829 960 3892 pro
977 3828 1011 3871 se
1027 3812 1060 3871 et
1076 3827 1134 3889 pro
1150 3805 1215 3869 La·

83 3914 186 3982 dislao
204 3919 304 3984 fratre
331 3940 389 3984 suo
415 3940 453 3983 ex
478 3940 552 4002 una,
577 3925 671 4003 parte
688 3919 729 3984 ab
755 3919 860 3982 altera
876 3937 950 3980 vero
967 3913 1110 3980 Thomas
1126 3912 1213 3977 filius

83 4021 238 4092 Corrardi
261 4027 322 4094 lilii
347 4026 442 4092 Boda
466 4049 525 4112 pro
551 4049 584 4092 se
610 4033 641 4092 et
666 4049 725 4112 pro
741 4025 892 4110 Zebegne
912 4045 951 4089 ec
967 4021 1121 4106 Philippo
1138 4019 1213 4085 filiis

83 4130 178 4200 Boda
195 4134 304 4200 fratris
330 4135 390 4218 sui,
414 4133 573 4200 Nicolaus
589 4134 675 4200 filius
700 4135 850 4200 Mathius
865 4133 925 4198 filii
941 4133 1042 4215 ipsius
1059 4129 1216 4195 Corrardi

82 4263 140 4323 pro
157 4263 194 4307 se
208 4251 241 4308 et
264 4264 323 4328 pro
349 4241 512 4308 Michaele
529 4264 568 4308 ac
591 4243 825 4308 Bartholomeo
841 4241 998 4306 fratribus
1023 4239 1089 4302 suis
1106 4257 1216 4302 coram

81 4348 176 4414 nobis
194 4349 407 4434 personaliter
424 4352 593 4416 constituti
609 4357 846 4436 proposuerunt
871 4351 944 4414 viva
959 4367 1044 4430 uoce,
1062 4344 1149 4428 quod
1165 4367 1217 4409 su-

194 4585 219 4646 *)
231 4585 263 4636 L.
275 4585 355 4650 Fejtr
369 4585 432 4637 cod.
455 4587 530 4650 Dipl.
550 4589 627 4640 VIlI.
642 4593 666 4639 2.
682 4593 751 4649 537„
764 4588 813 4637 hol
835 4601 900 4636 ezen
924 4582 1080 4635 oklevelbol
1100 4581 1218 4646 egyedttl

80 4689 112 4725 az
127 4675 247 4740 egyhr'rz·
260 4675 287 4724 ts
300 4676 510 4742 orszdgnagyok
522 4679 602 4730 nerei
616 4680 803 4730 ktlzttltetnolr.

1052 4759 1112 4826 11*
