3130 5470
312 537 377 600 426
665 551 853 600 uuaourzoar
869 541 1086 601 assaumis.

312 715 473 784 hominem
489 735 549 798 pro
564 715 746 780 testimonio
764 737 837 780 eum
854 737 918 800 quo
935 719 968 782 et
982 737 1091 782 eoram
1107 739 1172 802 quo
1189 713 1337 784 Andreas
1351 717 1426 786 filius

311 821 458 890 Panahul
483 822 534 888 vel
558 821 714 889 Nicolaus
739 823 778 888 de
812 823 901 907 Zazy
925 825 952 888 si
976 824 1114 891 alterum
1139 826 1249 893 abasse
1275 829 1427 913 contingat

310 935 405 998 homo
422 937 531 998 noster
546 934 653 998 videat
669 939 701 998 at
716 931 829 998 audiat
845 933 968 998 dietum
984 935 1156 1000 arbitrium
1172 941 1205 1000 et
1231 937 1424 1022 composicio-

310 1063 383 1106 nem
399 1047 608 1108 memoratam
625 1045 656 1106 et
687 1045 785 1126 prout
799 1041 888 1106 vobis
904 1041 944 1105 da
960 1041 1071 1107 eodem
1087 1043 1223 1108 arbitrio
1241 1049 1273 1108 et
1288 1045 1427 1128 composi·

311 1151 402 1214 aione
418 1150 503 1214 inter
536 1149 663 1214 easdam
693 1154 801 1234 partes
831 1151 949 1214 raritas
974 1151 1156 1216 eonstiterit
1182 1153 1276 1216 nobis
1299 1151 1425 1218 fideliter

310 1257 501 1322 rescribatis.
517 1256 641 1324 Datum
656 1259 690 1323 in
705 1257 787 1324 Alto
802 1257 937 1343 Lepida,
953 1259 1004 1324 die
1020 1259 1181 1326 dominico
1198 1261 1342 1344 proximo
1358 1268 1423 1345 post

310 1365 427 1432 festum
444 1367 529 1432 beati
545 1368 728 1452 Laureneii,
745 1388 829 1432 anno
846 1367 968 1432 damini
992 1367 1046 1432 Μ0
1062 1365 1163 1435 000ο
1178 1369 1327 1434 vicesimo
1342 1391 1426 1434 noua.

417 1530 443 1581 A
455 1530 534 1596 ςγδι-ἰ
546 1531 736 1596 kaptalanaak
751 1535 827 1582 1329.
841 1533 992 1584 november
1006 1533 1110 1584 aaaiki
1123 1531 1277 1584 atiratabbl
1290 1549 1297 1598 ς
1317 1536 1335 1584 1.
1347 1533 1427 1583 alsat.

796 1705 954 1718 ᾖ-

840 1950 913 2012 372.

319 2129 410 2190 1329.
428 2151 500 2213 arsy.
530 2130 579 2190 19.
604 2131 730 2216 Daraya
755 2131 861 2196 Janos
888 2132 995 2196 acidus·
1022 2128 1187 2196 Cluatnuka'
1213 2131 1358 2195 Beuedek
1372 2131 1428 2215 fiu't

312 2235 444 2300 Mikldst
469 2237 622 2301 Berze'tba
655 2240 686 2301 a's
712 2239 966 2304 Kraszuaborka
992 2239 1096 2302 acirab·
1122 2263 1155 2304 es
1181 2238 1430 2326 turtozma'ayuik

466 2343 634 2410 birtoba'ba
649 2369 688 2410 aa
705 2349 775 2431 agyra'
790 2348 952 2432 ieciptalaa
967 2347 1050 2412 ditari
1067 2347 1281 2433 beiktauatja.

421 2573 427 2587 .
444 2573 451 2588 .
468 2523 608 2606 capitulo
625 2525 756 2591 aeclesia
771 2522 942 2610 Agriensis
973 2524 999 2592 J
1000 2525 1142 2591 ohannes
1166 2525 1313 2609 Drugett
1328 2525 1430 2611 palati-

313 2654 372 2696 uus
389 2637 421 2696 et
437 2632 534 2696 iudex
560 2653 767 2698 comanorum
784 2685 790 2698 .
810 2683 816 2697 .
834 2633 914 2698 dicit
930 2633 1022 2699 nobis
1053 2632 1209 2699 Niaolaus
1234 2632 1321 2699 filius
1336 2634 1432 2698 Bene·

314 2739 392 2804 dieti
408 2739 446 2804 de
464 2739 618 2805 Ohutnuk
651 2742 739 2824 quod
755 2741 818 2806 duo
852 2748 956 2807 eastra
981 2741 1138 2806 Barzethe
1164 2748 1196 2806 et
1213 2739 1431 2806 Orazuaborba

314 2852 426 2911 vocata
442 2848 475 2911 in
492 2847 649 2913 comitatu
667 2848 705 2913 da
722 2847 850 2914 Gumur
868 2871 942 2914 cum
967 2847 1159 2932 quibusdam
1186 2849 1430 2932 possessionibus

313 2954 461 3020 videlieet
477 2954 713 3039 Zolouchbaza,
730 2955 870 3038 Kaurus.
886 2956 1015 3038 Rudna,
1036 2955 1249 3040 Seenegatew,
1282 2956 1430 3021 Berzetha

314 3069 345 3128 et
362 3061 590 3130 Oramaharka
605 3067 725 3131 voeatis
751 3069 855 3131 assant
886 3067 935 3130 sui
960 3066 1039 3131 iuris
1064 3071 1095 3130 et
1120 3085 1178 3149 per
1194 3064 1314 3130 alienas
1330 3085 1431 3130 manus

313 3172 453 3238 indebite
472 3172 511 3237 ab
529 3173 639 3237 eadam
655 3173 695 3238 ab
721 3175 854 3256 antiquo
880 3181 1046 3258 occupata,
1071 3194 1171 3258 quare
1195 3180 1332 3238 vestram
1362 3173 1431 3238 ami·

315 3281 429 3346 eiciam
453 3282 646 3364 requirimus
671 3281 842 3366 diligenter
868 3289 1027 3367 quatenus
1052 3283 1187 3346 mittatis
1203 3282 1363 3347 hominem
1385 3301 1430 3344 ra-

316 3397 418 3454 strum
448 3412 507 3474 pro
531 3391 713 3455 testimonio
731 3411 839 3456 eoram
856 3413 919 3474 quo
944 3391 1100 3457 Nicotaus
1116 3389 1202 3455 filius
1228 3389 1253 3456 J
1255 3391 1385 3455 ohannis
1400 3389 1433 3454 de

314 3496 450 3581 Malaby
479 3498 528 3563 val
545 3496 730 3564 Gabrianus
746 3499 832 3565 filius
847 3500 982 3566 Donath
999 3500 1038 3565 de
1062 3499 1207 3564 Malatha
1223 3499 1288 3565 alio
1313 3499 1433 3565 absente

315 3605 410 3672 homo
428 3612 536 3672 noster
552 3607 637 3671 dieta
654 3611 758 3672 castra
775 3613 807 3671 at
822 3608 1034 3691 possessiones
1050 3608 1290 3691 prenominatus
1306 3605 1431 3690 recapti-

315 3719 367 3778 vat
383 3719 578 3798 perveteres
594 3721 694 3779 metas
713 3721 745 3779 et
761 3717 909 3798 antiquas
926 3717 1107 3782 convocatis
1133 3717 1247 3781 vicima
1265 3721 1296 3780 at
1312 3733 1435 3780 eamme

315 3822 416 3886 tanais
432 3821 591 3886 dictorum
609 3827 788 3887 castrorum
819 3828 851 3886 et
866 3824 1100 3906 possessionum
1125 3820 1325 3905 prefatarum
1340 3841 1431 3885 ream·

316 3929 457 3996 bulando
475 3937 507 3995 et
521 3930 623 3995 eidem
649 3929 787 3997 Nicolao
804 3930 870 3998 filio
886 3931 1057 3996 Benedicti
1073 3933 1215 4014 resignet
1232 3936 1264 3996 et
1279 3929 1433 4012 relinquat

316 4037 447 4120 paciflua
465 4043 496 4101 et
513 4039 619 4120 quiete
636 4039 662 4103 si
677 4062 743 4103 11011
759 4039 857 4104 fuam't
882 4039 1126 4106 contradictum.
1157 4039 1282 4104 Datum
1308 4037 1432 4103 sabbato

319 4147 466 4229 proximo
482 4153 558 4229 post
574 4147 692 4212 festum
707 4145 930 4215 Assumaiouis
955 4149 1047 4214 beate
1063 4149 1205 4233 virginis
1221 4171 1306 4216 anuo
1326 4144 1437 4214 domini

319 4254 372 4322 M⁰
388 4251 489 4320 0000
514 4255 606 4320 XX⁰
621 4279 706 4322 nono

427 4417 468 4473 Aa
481 4420 540 4484 egri
554 4419 745 4486 ktptalannak
762 4424 839 4472 1329.
853 4425 937 4485 szept.
955 4419 1222 4486 ra-ikituratau61;
1237 4421 1256 4471 1.
1270 4420 1361 4470 altibb.

803 4671 961 4681 ——...-
