3130 5470
593 465 687 532 1329.
704 456 776 530 ule.
794 469 822 530 9.

665 864 738 925 355.

129 1019 231 1084 1329.
257 1021 427 1109 l‘’a‘sepr·cid,
444 1026 523 1109 radj.
538 1026 568 1089 9.
594 1025 660 1090 Pul
677 1026 865 1112 oreadpbr'ro'
880 1052 901 1092 a
911 1029 1011 1115 pitter·
1036 1033 1159 1114 cpdtot,
1176 1033 1264 1094 azert

128 1130 216 1214 bcpy
243 1129 365 1194 Szdutd
381 1143 461 1198 trev-u
478 1132 566 1198 Hcot
590 1137 779 1222 carmepyei
802 1136 989 1202 birtolca'boz
1014 1137 1131 1220 Beukfi
1155 1137 1264 1202 Junos

128 1240 332 1326 mapparddc'
361 1240 539 1306 oti-rotabat
571 1266 628 1329 epp
668 1246 751 1309 rdazt
781 1244 939 1330 elfoptalt,
979 1244 1155 1329 birsdqbau
1194 1268 1263 1309 mu-

619 1351 786 1436 rcsztuljo.

182 1519 185 1526 ⁴
241 1507 313 1574 Nos
338 1531 444 1575 comes
469 1508 594 1576 Paulus
618 1512 714 1577 iudex
740 1512 827 1578 curie
853 1511 1015 1577 ..damus
1030 1533 1090 1596 pro
1106 1514 1263 1579 memoria

126 1617 220 1700 quod
239 1619 416 1684 secundum
433 1621 669 1686 continenciam
695 1623 840 1706 priorum
865 1620 1051 1688 litterarum
1076 1627 1262 1688 nostrarum

125 1726 231 1790 series
257 1727 527 1794 reambulacionis
563 1731 756 1813 quantitatis
781 1729 952 1814 qualitatis
984 1737 1017 1794 et
1044 1731 1262 1797 estimationis

125 1833 303 1900 cuiusdam
316 1837 477 1919 particule
494 1843 580 1902 terre
605 1859 704 1920 quam
728 1837 831 1904 abbas
856 1837 1033 1922 Plysiensis
1059 1843 1098 1903 ut
1114 1843 1206 1904 actor
1221 1839 1263 1904 ad

123 1943 365 2024 possessionem
382 1945 514 2010 ecclesie
531 1966 587 2012 sue
603 1943 920 2030 PlysiensisZantou
936 1950 1084 2011 vocatam
1100 1947 1261 2029 pertinere

123 2051 299 2116 asserebat
324 2051 492 2118 Johannes
517 2075 592 2120 vero
616 2053 703 2120 filius
728 2053 824 2120 Benlr
849 2053 892 2120 ad
916 2055 1151 2138 possessionem
1168 2076 1260 2120 suam

123 2157 295 2244 Magarad
311 2166 458 2226 vocatam
490 2162 631 2227 attinere
646 2162 815 2245 allegabat
839 2162 873 2226 in
896 2161 1017 2228 litteris
1042 2161 1178 2246 capit-uli
1193 2161 1260 2228 Bu·

122 2268 237 2339 densis
253 2271 287 2334 in
304 2271 424 2336 octaris
440 2270 527 2338 beati
554 2268 690 2354 Georgii
716 2271 859 2338 martiris
884 2293 943 2356 per
968 2277 1125 2356 utrasque
1149 2278 1261 2356 partes

122 2377 221 2443 nobis
238 2379 403 2462 reportari
419 2367 601 2459 debuisset,
617 2377 750 2444 tandem
766 2379 845 2463 ipsis
861 2379 984 2446 octaris
1009 2379 1257 2446 advenientibus

121 2485 277 2568 prefatus
293 2485 318 2552 J
320 2486 462 2552 ohannes
493 2485 581 2551 filius
597 2485 692 2552 Benk
709 2488 827 2552 comite
842 2485 943 2552 Petro
959 2485 1098 2552 officiale
1114 2488 1259 2554 eiusdem
1378 2529 1380 2534 ,

121 2593 251 2658 domini
269 2593 397 2659 abbatis
406 2615 465 2677 pro
482 2593 596 2660 codem
613 2593 744 2659 dominc
760 2593 882 2659 abbate
893 2592 1072 2677 Plysiensis
1087 2643 1094 2657 .
1112 2593 1257 2660 ,ibidem

119 2707 281 2766 astante.
298 2701 448 2766 ,litteras
465 2701 544 2766 dicti
562 2701 698 2785 capituli
712 2699 874 2766 Budensis
891 2699 1205 2785 nobispresentauit,
1225 2703 1259 2766 in

121 2830 269 2892 quarum
286 2815 397 2876 tenore
412 2809 550 2875 vidimus
568 2809 726 2875 contineri
743 2808 832 2892 quod
857 2805 1046 2892 Stephanus
1071 2807 1159 2875 filius
1175 2809 1258 2875 Ibur

119 2917 224 2983 homo
250 2919 338 3000 regie
362 2919 542 2983 maiestatis
567 2921 717 3000 presente
743 2917 870 2982 Thema
895 2916 1076 3002 presbitero
1103 2918 1259 2984 canonico

119 3026 253 3109 capelle
269 3025 362 3090 beate
378 3025 511 3110 virginis
527 3026 713 3091 testimonio
730 3025 809 3090 dicti
835 3025 971 3109 capituli
995 3025 1158 3092 Budensis
1186 3027 1258 3093 sab-

119 3133 204 3199 bato
220 3135 369 3216 proximo
394 3140 471 3199 ante
486 3138 616 3224 octavas
641 3131 763 3198 Passce
779 3133 901 3198 domini
917 3153 1005 3198 nunc
1019 3135 1192 3218 preteritas
1215 3134 1258 3201 ad

118 3239 244 3306 faciem
261 3241 422 3308 dictarum
438 3243 675 3326 possessionum
692 3241 822 3308 Zantcu
842 3246 876 3306 et
891 3239 1055 3325 Magarad
1070 3247 1259 3308 vocatarum

118 3353 307 3418 vicinorum
323 3357 356 3417 et
372 3356 668 3418 commetaneorum
693 3349 870 3416 earundem
893 3350 1117 3416 universorum
1143 3372 1257 3418 conro-

119 3461 315 3529 cacionibus
330 3459 426 3527 factis
442 3460 651 3526 accessissent
667 3463 700 3525 et
715 3459 849 3526 eandem
860 3459 953 3524 iuxta
968 3471 1082 3524 cursus
1097 3465 1259 3527 metarum

117 3569 306 3638 secundum
320 3569 525 3654 privilegium
541 3567 663 3633 domini
687 3569 773 3652 regis
797 3567 880 3633 Bele
896 3567 939 3632 ad
949 3566 1195 3634 distincciouem
1220 3575 1254 3634 et

117 3679 370 3764 separacicnem
387 3677 548 3743 dictarum
564 3677 804 3760 possessionum
829 3675 907 3742 olim
923 3680 1105 3742 erectarum
1122 3680 1157 3740 et
1171 3694 1258 3744 nunc

117 3791 356 3853 renovatamm
372 3785 632 3850 reambulassent
647 3805 686 3850 ac
711 3783 877 3867 quandam
902 3784 1098 3867 particulam
1114 3787 1201 3848 terre
1217 3785 1258 3850 de

116 3894 279 3979 predicta
294 3894 495 3978 possessione
525 3893 625 3976 ipsius
642 3892 668 3957 J
669 3891 806 3957 ohannis
822 3889 882 3956 filii
907 3890 1002 3957 Benk
1016 3889 1180 3974 Magarad
1205 3907 1258 3958 ro·

117 4011 197 4071 cata
215 4003 262 4069 ad
278 4023 373 4068 usum
389 4003 484 4068 unius
515 4003 621 4068 aratri
636 4000 851 4067 sufficientem
866 4051 873 4065 .
891 4051 898 4066 .
914 4022 988 4066 cum
1013 3999 1140 4066 duabus
1164 4001 1260 4066 metis

116 4111 341 4197 pereundam
366 4110 518 4177 abbatem
543 4110 745 4195 Plysiensem
774 4107 814 4173 de
838 4130 921 4174 novo
948 4109 1065 4174 erectis
1080 4129 1178 4192 super
1194 4129 1261 4191 qua

116 4225 194 4306 ipsa
212 4220 284 4286 litis
302 4219 472 4285 contencio
483 4226 573 4286 mota
588 4219 696 4285 fuerat
712 4217 755 4284 ad
770 4215 951 4302 predictam
967 4221 1090 4282 terram
1106 4214 1260 4282 Zauthou

115 4335 278 4396 vocatam
288 4332 480 4412 occupatam
490 4377 497 4392 .
508 4327 700 4392 ‚invenisset
710 4325 913 4409 eandemque
928 4325 1126 4409 particulam
1137 4329 1260 4388 terre..

114 4461 178 4524 pro
189 4436 430 4504 tribusmarcis
440 4436 784 4520 estimasset,idemque
794 4433 901 4502 abbas
911 4434 953 4500 ad
964 4434 1260 4502 reambulacionem

114 4555 150 4614 et
160 4545 413 4613 estimacionem
421 4551 599 4612 memorate
608 4544 769 4629 particule
778 4547 865 4608 terre
873 4547 1006 4608 vocatus
1015 4543 1125 4608 venire
1140 4540 1259 4606 noluis-

115 4663 170 4721 set
187 4706 194 4720 .
215 4705 224 4720 .
243 4657 276 4718 et
293 4675 363 4718 cum
380 4653 423 4719 ad
439 4703 446 4718 .
463 4703 470 4718 .
487 4653 759 4719 deliberacionem
784 4649 880 4715 huius
906 4655 943 4714 ut
958 4649 1045 4715 idem
1070 4647 1172 4716 abbas
1186 4669 1259 4733 pre·
