3130 5470
328 423 395 486 434
695 441 883 490 uuoouuoui
899 432 1115 492 ouulnsula.

438 602 679 669 Pannoniarum
702 604 768 655 zaro
789 603 882 670 peceat
902 607 1080 672 nyomaiva13
1105 608 1236 674 credatije
1260 624 1291 658 az
1314 625 1374 661 orsa
1389 611 1434 661 llas

330 694 431 744 kincat.
445 697 511 745 caza
534 693 570 745 N.
591 693 623 745 R.
646 695 678 746 A.
700 697 760 746 259.
784 699 826 747 38.
840 695 907 760 dipl.
931 696 1002 748 lter:
1017 699 1096 748 2561.
1127 697 1226 748 Kozli:
1240 697 1338 750 Viucza
1350 699 1432 751 (labor.

815 889 975 900 ——u—-u—-u

860 1131 935 1194 380.

335 1293 430 1356 1329.
448 1291 555 1358 Κάίἰό.
572 1302 649 1378 sapt.
667 1293 719 1356 21.
737 1291 883 1377 Dauqeta
909 1291 1016 1357 Ja'ooa
1042 1293 1149 1360 asdor
1174 1318 1196 1358 a
1222 1293 1363 1361 Saulolca
1377 1300 1435 1361 odr-

332 1401 456 1486 mcyyci
469 1399 678 1494 lolizqylllc'aea
696 1397 839 1484 Semjana'
850 1399 1034 1463 Mazloaolc
1045 1401 1160 1465 Lideri
1176 1399 1332 1485 Sinkefic
1342 1403 1436 1467 Loisell

669 1505 766 1570 ellani
781 1505 923 1592 aegyalea
939 1508 1131 1573 iotezlcedik.

376 1669 379 1678 '
440 1665 511 1733 Nos
526 1664 551 1731 J
553 1665 696 1732 ohannes
711 1664 863 1748 Druge'ah
878 1666 1043 1750 palatinus
1068 1674 1102 1734 et
1126 1669 1225 1734 iudex
1256 1690 1437 1736 comanorum

336 1775 449 1840 damus
464 1797 524 1859 pro
541 1774 706 1860 memoria,
728 1773 816 1856 quod
840 1775 873 1838 in
905 1777 1157 1860 congregacione
1181 1782 1293 1844 nostra
1316 1778 1437 1862 generali

335 1883 419 1949 feria
435 1882 575 1947 secunda
590 1881 739 1967 proxima
754 1887 832 1947 ante
848 1881 967 1948 festum
981 1883 1071 1950 beati
1087 1883 1216 1950 Mathai
1232 1887 1365 1970 apostoli
1379 1887 1435 1951 uni·

336 1993 485 2058 versitati
502 1994 676 2059 comitatus
693 1992 733 2059 dc
763 1991 912 2059 Zobolch
937 1994 1024 2078 apud
1049 1995 1161 2060 villam
1177 1993 1280 2062 Kallo
1296 1996 1436 2062 celebrata

336 2102 514 2169 Ladislaus
544 2077 630 2168 filius
647 2101 823 2168 Michaelis
840 2102 879 2168 de
912 2087 1041 2168 Semien
1059 2152 1066 2168 .
1083 2153 1089 2168 .
1106 2105 1278 2188 proposuit
1292 2104 1348 2170 tali
1362 2103 1438 2168 modo

337 2211 425 2296 quod
439 2210 613 2277 Ladislaus
628 2209 714 2278 filius
731 2209 840 2295 Synke
855 2209 894 2274 de
906 2210 1007 2276 Lidar
1024 2210 1105 2298 feria
1115 2217 1208 2278 sexta
1222 2213 1363 2297 proxima
1376 2215 1438 2276 ante

338 2320 459 2386 festum
476 2317 671 2386 Natiuitatis
695 2319 830 2403 uirginis
846 2317 986 2402 gloriose
1002 2319 1093 2384 cuius
1109 2326 1202 2385 sexta
1217 2321 1370 2387 revolucio
1384 2338 1440 2403 pre-

336 2428 469 2494 ’oerisset
485 2427 633 2493 annualis
650 2426 732 2492 duos
756 2426 853 2492 boves
869 2427 969 2512 ipsius
994 2427 1075 2494 duas
1099 2449 1227 2494 marcas
1252 2429 1440 2494 valentesuo-

339 2543 453 2604 cturno
471 2541 616 2622 tempore
632 2557 729 2620 super
744 2537 946 2619 possessione
957 2557 1016 2601 sua
1031 2535 1104 2601 Ker
1119 2542 1234 2602 vocata
1243 2537 1441 2616 subtraxisset,

338 2641 526 2728 quiquidem
542 2643 717 2710 Ladizlaus
732 2642 820 2708 filius
831 2641 939 2729 syrke
949 2645 983 2708 in
998 2643 1069 2728 ipsa
1085 2647 1339 2728 congregacione
1348 2649 1442 2710 nostra

339 2774 406 2818 non
421 2752 603 2835 comparuit
618 2773 678 2817 nec
693 2751 836 2836 aliquem
852 2773 911 2836 pro
927 2773 962 2816 se
977 2753 1067 2818 misit
1082 2753 1298 2837 responsalem
1315 2774 1367 2838 per
1382 2771 1441 2836 pre

342 2861 466 2926 diclum
481 2859 672 2926 Ladislaum
689 2859 729 2924 de
754 2858 884 2926 Semicn
901 2859 1006 2926 tribus
1032 2860 1146 2926 diebus
1171 2863 1329 2956 continuis
1351 2881 1442 2927 coram

326 2967 811 3060 'nobis’legitimcqexpeclatus.
836 2968 963 3034 Datum
980 2974 1099 3053 quarto
1126 2969 1178 3044 die
1205 2968 1444 3054 congregacionis

341 3081 451 3141 nostre
483 3077 637 3162 predicte,
668 3079 740 3144 loco
772 3079 1005 3162 prenominato,
1037 3101 1122 3146 anno
1140 3079 1261 3146 domini
1291 3077 1444 3144 Millesimo

341 3181 443 3250 0000
457 3182 549 3250 XX⁰
564 3207 657 3252 nono.

449 3350 579 3400 zurlatan
603 3351 698 3414 peccel
710 3351 887 3420 nyomaival;
907 3351 1038 3420 credolije
1060 3352 1122 3403 aN.
1135 3352 1327 3416 Muzeumban,
1338 3349 1445 3411 aKlllay

341 3452 377 3488 cs.
391 3440 465 3490 lban.
483 3439 581 3491 Kozli:
602 3441 727 3508 Taganyi
740 3439 773 3492 K.

826 3605 986 3614 --—-—-

872 3855 945 3916 381.

345 4019 441 4082 1329.
458 4025 534 4103 sept.
552 4019 603 4080 29.
621 4014 668 4080 Aa
685 4017 753 4102 cyri
768 4015 929 4102 lodptolan
946 4015 1019 4079 clo'll
1036 4016 1101 4080 Pa'l
1117 4016 1181 4080 ba'n
1194 4016 1319 4098 fia'uulc
1342 4015 1448 4080 lala-clo·

343 4126 471 4209 aelafio
487 4125 619 4189 Fauian
636 4123 773 4211 Huqyaj
797 4133 879 4188 nevil
905 4122 1054 4188 Szooolcs
1078 4125 1264 4209 odrmeqqai
1290 4122 1448 4188 oirtolcolo

423 4243 559 4299 ouerezett
576 4233 641 4298 Pol
657 4233 846 4316 bdafia'aak
870 4233 993 4300 Vidnek
1010 4235 1043 4298 ea
1059 4233 1218 4296 tersunula
1234 4232 1382 4319 dtaugodi.

452 4395 523 4461 Nos
548 4397 725 4480 capitulum
750 4359 886 4462 ecclesia
913 4393 1085 4480 Agriensis
1111 4394 1225 4460 damus
1242 4417 1302 4479 pro
1317 4390 1449 4460 memoria

345 4502 431 4586 quod
445 4503 594 4568 Fabiano
610 4501 677 4569 filio
693 4505 840 4585 magistri
852 4502 1011 4587 Stephani
1021 4502 1081 4568 filii
1097 4502 1194 4569 Pauli
1211 4503 1371 4587 quondam
1387 4495 1450 4565 bani

345 4609 387 4674 ab
402 4632 468 4675 una
484 4617 577 4694 parte
594 4617 627 4676 el
642 4610 731 4695 Wyd
742 4609 815 4675 'filio
831 4611 974 4677 eiusdem
999 4611 1095 4676 Pauli
1112 4610 1189 4676 bani
1214 4633 1255 4676 ac
1285 4609 1383 4675 Paulo
1397 4604 1451 4671 lilio
