3240 5460
599 449 693 511 1322.
710 467 804 512 usar
832 452 881 512 18.

716 849 745 910 6.

169 1013 264 1076 1322.
287 1009 456 1074 Temescdr
472 1020 566 1074 mort.
584 1009 635 1073 18.
652 1009 806 1096 Lcrnpert
823 1013 1010 1098 accepire
1033 1013 1227 1102 Cbabaclccfi
1242 1019 1303 1084 Jd·
1416 1089 1418 1100 Ι

167 1145 225 1185 acc
240 1120 308 1202 ficit
333 1117 489 1199 Sc'mcelt,
514 1119 704 1183 testaceam
736 1119 920 1186 Lcszloaak
950 1128 1127 1212 pydnpydsc'
1152 1131 1184 1192 ec
1210 1129 1302 1214 eppe'd

166 1229 347 1294 birtolcoica
363 1228 540 1292 coactkozd
558 1227 789 1292 ellesmooddai
803 1231 941 1316 ttpyebea
967 1233 1077 1299 Ddzsc
1102 1236 1207 1300 cador
1223 1236 1302 1300 clleo

428 1361 466 1400 aa
482 1337 552 1422 6961
566 1336 724 1422 koiptalcs
740 1337 823 1401 cilici
839 1341 1041 1426 mepidc'zteti.

275 1491 591 1580 OapitquAgriensi
600 1498 755 1580 magister
764 1497 962 1584 Lampertus
972 1501 1071 1566 iudex
1082 1503 1169 1569 curie
1180 1502 1302 1570 domini

165 1607 253 1691 regis
272 1611 305 1672 et
331 1625 437 1671 comes
462 1601 695 1672 Ohenadieusis
712 1657 719 1671 .
736 1657 743 1672 .
759 1612 864 1672 vestre
890 1607 1082 1675 discrecioni
1098 1613 1301 1696 presencium

165 1722 278 1781 tenore
310 1715 521 1792 declaramus,
556 1715 645 1799 quod
675 1717 830 1800 magister
854 1712 1007 1782 Andreas
1032 1719 1299 1803 prothonotarius

165 1821 331 1908 magnifici
346 1824 407 1889 siri
432 1823 544 1889 Douse
568 1823 708 1908 palatini
733 1844 806 1890 cum
830 1827 1064 1908 procuratoriis
1088 1828 1209 1894 litteris
1234 1830 1300 1895 suis

163 1933 233 1998 vice
250 1937 283 1996 et
298 1933 428 1998 nomine
443 1933 545 2016 ipsius
563 1930 683 1997 Dowse
699 1933 839 2018 palatini
855 1934 890 1998 in
907 1935 1030 2000 octavis
1055 1934 1119 2000 diei
1145 1935 1299 2003 Oinerum

164 2041 208 2107 ad
232 2046 379 2106 nostram
405 2041 560 2106 accedens
584 2043 786 2125 presenciam
811 2041 905 2108 nobis
937 2031 1146 2127 quamplures
1170 2046 1299 2112 litteras

163 2150 288 2215 domini
304 2149 408 2213 nostri
424 2151 510 2232 regis
526 2156 559 2215 et
571 2155 696 2216 vestras
712 2172 751 2216 ac
766 2156 894 2216 nostras
909 2151 1049 2218 formam
1064 2153 1176 2218 iudicii
1192 2156 1298 2220 nostri

164 2259 405 2324 continenciam
421 2255 505 2344 (igy)
522 2263 556 2324 et
569 2259 738 2324 iudiciales
755 2260 1000 2343 demonstravit,
1019 2263 1053 2326 in
1073 2262 1191 2345 quibus
1206 2283 1298 2348 repe·

163 2369 267 2433 rimus
284 2388 434 2452 expresse
458 2368 625 2451 contineri,
652 2367 739 2451 quod
765 2369 841 2452 quia
867 2367 999 2435 Samuel
1023 2368 1110 2435 filius
1135 2368 1160 2435 J
1162 2370 1299 2438 ohannis

163 2475 223 2541 filii
239 2475 421 2542 Chabanlra
437 2477 628 2559 magistrum
653 2475 790 2542 Petrum
814 2473 918 2541 filium
942 2475 968 2541 J
969 2477 1106 2542 ohannis
1131 2477 1171 2542 (16
1197 2477 1297 2545 Kwni

163 2585 326 2652 hominem
342 2584 463 2649 domini
479 2585 565 2668 regis
580 2585 614 2650 in
629 2583 713 2651 festo
728 2585 819 2651 beati
833 2584 1006 2650 Michaelis
1016 2586 1201 2670 archangeli
1210 2609 1298 2653 nuno

162 2693 321 2778 preterito
337 2698 486 2777 presente
502 2699 609 2759 vestro
625 2695 811 2760 testimonio
830 2717 850 2759 a
867 2695 1048 2760 statucione
1065 2695 1208 2760 omnium
1223 2717 1296 2780 pos·

163 2802 429 2867 sessionariarum
445 2803 636 2886 porcionum
651 2803 799 2869 Ladislai
823 2802 935 2869 fratris
959 2805 1060 2888 ipsius
1086 2803 1246 2870 Samuelis
1262 2805 1296 2869 in

163 2907 349 2994 Gyungyws
367 2915 399 2975 et
415 2910 489 2975 aliis
513 2911 758 2994 quibuscunque
782 2913 889 2996 ipsum
915 2912 1175 2994 contingencium
1190 2913 1224 2977 in
1240 2934 1296 2979 no-

162 3023 248 3083 stras
263 3039 379 3084 manus
394 3018 582 3084 iudiciarias
599 3024 632 3083 et
655 3021 758 3104 ipsius
782 3020 900 3086 Dowse
924 3021 1063 3105 palatini
1088 3021 1199 3086 ordine
1214 3023 1295 3087 iudi·

162 3127 263 3191 ciario
280 3126 506 3192 devolutarum
521 3126 614 3193 nobis
631 3129 742 3213 stipsi
758 3129 905 3213 palatino
930 3128 1079 3194 facienda
1102 3151 1169 3195 nou
1186 3130 1295 3213 prohi-

161 3234 270 3300 bendo
287 3234 329 3301 ab
345 3236 468 3300 eisdem
486 3236 694 3320 porcionibus
718 3235 866 3302 Ladislai
892 3239 1082 3322 excluserat,
1107 3260 1180 3304 cum
1204 3239 1295 3322 regia

161 3343 348 3427 benignitas
372 3365 547 3428 agnoscens
573 3346 660 3430 quod
675 3345 760 3410 idem
786 3345 959 3412 Ladislaus
982 3347 1102 3412 nedum
1118 3347 1294 3412 amissioni-

160 3453 222 3518 bus
238 3474 370 3518 suarum
386 3455 623 3538 possessionum
648 3475 758 3520 verum
784 3456 886 3520 eciam
905 3457 1071 3520 sentencia
1096 3456 1294 3540 capitalius

161 3561 271 3627 divina
287 3562 410 3645 pietate
426 3567 588 3628 annuente
604 3562 765 3628 demedio
781 3562 876 3628 huius
891 3563 991 3628 seculi
1016 3563 1170 3647 temporis
1194 3565 1293 3630 inter·

159 3670 247 3735 vallo
263 3669 411 3736 sublatus
427 3671 596 3756 extitisset,
612 3670 746 3737 deberet
765 3671 982 3755 condemnari,
1001 3671 1169 3737 scribendo
1186 3678 1292 3738 vestre

158 3776 312 3843 fidelitati
327 3777 490 3844 mediante
505 3779 662 3863 magistro
678 3779 780 3845 Petro
797 3778 864 3844 filio
884 3777 909 3844 J
910 3779 1048 3845 ohannis
1064 3779 1104 3844 de
1120 3777 1220 3844 Kwui
1235 3778 1292 3844 ho-

158 3887 245 3952 mino
261 3908 320 3952 suo
336 3886 396 3952 sub
412 3891 520 3954 vestro
544 3890 729 3954 testimonio
747 3889 911 3954 universas
935 3889 1152 3972 possessiones
1168 3888 1291 3954 dictum

158 3993 353 4061 Ladislaum
378 3999 602 4082 contingentes
626 3999 661 4063 in
686 3999 811 4064 duabus
827 3999 974 4082 partibus
998 3999 1118 4064 nostris
1141 3999 1291 4064 manibus

156 4103 337 4170 iudiciariis
352 4105 386 4169 in
403 4107 506 4171 tercia
521 4127 597 4172 vero
612 4107 713 4190 ipsius
729 4107 846 4174 Dowse
861 4108 1000 4192 palatini
1016 4108 1183 4173 statuisset
1198 4107 1289 4172 nullo

158 4212 401 4280 contradictore
440 4220 618 4298 apparente
649 4215 868 4300 possidendas,
906 4217 1075 4300 ipsumque
1107 4214 1290 4282 Samuelem

158 4329 275 4388 contra
298 4344 358 4388 uos
384 4329 417 4389 et
440 4325 546 4408 ipsum
566 4324 719 4392 Dowsam
742 4326 925 4410 palatinum
953 4325 993 4390 (16
1018 4347 1074 4391 sue
1098 4325 1289 4409 importuni-

159 4431 238 4497 tatis
259 4433 484 4516 presumcione
501 4440 533 4498 et
549 4432 694 4517 audacia,
718 4439 757 4498 ut
774 4433 937 4499 hominem
963 4433 1086 4500 domini
1110 4435 1198 4518 regis
1223 4453 1290 4499 non

158 4561 219 4625 pro
249 4539 390 4606 bibendo
422 4542 625 4608 contradicat
656 4541 713 4607 sed
743 4543 822 4607 iuris
853 4542 966 4608 ordine
998 4543 1146 4626 exigente
1177 4563 1288 4627 proce·

159 4647 289 4716 dentem
304 4649 438 4738 propria
461 4653 628 4738 presumat
652 4651 849 4721 auctoritate
876 4649 1047 4720 excludere
1074 4655 1107 4716 et
1130 4653 1287 4740 potencia,
