3132 5470
270 439 334 500 376
628 449 817 499 aurouuoar
834 437 1050 499 cantuaria.

268 618 371 702 ipsam
391 617 629 702 possessionem
655 614 823 680 Zarberen
848 637 907 700 per
932 635 1025 680 veras
1051 619 1085 680 et
1109 616 1262 698 antiquas
1292 620 1408 680 metas

269 725 526 792 reambulassent
541 723 844 808 reambulutamque
859 724 952 791 iuxta
983 727 1173 810 preceptum
1198 730 1304 789 vestre
1331 745 1405 788 ma-

269 833 447 918 gnitudinis
458 831 634 899 secundum
650 832 747 898 fidem
764 840 796 898 et
813 834 1046 898 conscienciam
1062 833 1248 898 eorumdem
1272 833 1348 898 risis
1364 841 1402 898 et

269 941 480 1008 consideratis
497 942 638 1006 eiusdem
669 942 869 1008 utilitatibus
895 964 1046 1008 mensura
1070 943 1172 1027 regali
1198 944 1291 1008 iuxta
1306 943 1405 1026 regni

271 1051 534 1117 consuetudinem
550 1057 792 1117 mensurassent
808 1053 889 1118 etin
900 1057 970 1116 tota
981 1051 1093 1116 eadem
1103 1053 1305 1136 possessione
1315 1050 1401 1115 Zar-

270 1162 368 1227 beren
384 1161 418 1226 in
436 1161 531 1225 terris
547 1160 725 1226 arabilibus
743 1166 775 1225 et
791 1160 1027 1246 campestribus
1051 1163 1179 1246 pascuis
1195 1161 1348 1226 senilibus
1368 1166 1406 1225 et

270 1270 443 1354 piscaturis
461 1292 533 1334 cum
559 1291 710 1336 mensura
734 1271 838 1354 regali
864 1272 1072 1355 septingenta
1096 1273 1210 1354 iugera
1236 1277 1406 1336 terrarum

272 1379 429 1444 contineri
446 1378 644 1462 reperissent
660 1383 693 1442 et
708 1379 845 1462 triginta
861 1384 985 1462 septem
1000 1380 1074 1445 loca
1089 1379 1281 1445 sessionalia
1306 1379 1341 1442 in
1368 1399 1407 1443 se

273 1487 429 1552 contineri
447 1490 480 1550 et
504 1506 637 1550 nemora
661 1487 695 1551 in
723 1487 892 1570 sexaginta
917 1487 1021 1552 tribus
1046 1487 1213 1570 iugeribus
1239 1493 1405 1551 terrarum

272 1593 458 1658 adiacencia
475 1614 537 1676 que
561 1593 706 1678 predicte
731 1592 896 1660 abbatissa
921 1599 954 1658 et
978 1595 1240 1662 sanctimoniales
1270 1595 1346 1662 loca
1361 1595 1409 1659 vi-

272 1725 405 1771 nearum
421 1703 497 1768 olim
513 1703 613 1768 fuisse
629 1703 844 1768 asseruissent
862 1725 924 1787 qne
940 1725 1027 1770 nunc
1043 1705 1175 1769 minime
1191 1711 1409 1788 apparerent,

275 1819 309 1878 et
324 1833 443 1896 aquam
458 1810 604 1876 Balatun
621 1810 663 1876 ad
680 1811 921 1894 longitudinem
937 1813 1145 1896 septuaginta
1160 1813 1323 1896 iugerinm
1341 1821 1408 1877 ter·

273 1943 383 1988 rarum
406 1921 494 1986 intra
518 1925 622 1985 metas
646 1921 751 1986 tocius
776 1922 986 2005 possessionis
1011 1920 1179 2002 Zarberen
1205 1923 1345 2007 asistere
1370 1929 1407 1986 et

273 2032 380 2096 iacere
419 2027 573 2119 dixerunt
611 2049 645 2094 se
684 2029 865 2113 reperisse,
903 2028 1020 2093 rubeta
1052 2049 1127 2094 vero
1161 2034 1195 2094 et
1231 2049 1406 2093 numerum

274 2139 427 2204 silvarum
458 2158 521 2220 que
552 2141 686 2220 propter
718 2158 830 2202 earum
860 2136 1097 2221 longitudinem
1130 2142 1163 2202 et
1193 2136 1406 2202 latitudinem

208 2317 210 2324 ,
273 2247 455 2312 mensurari
485 2246 616 2310 minime
645 2246 800 2310 valebant
831 2246 914 2310 scire
939 2251 972 2309 et
1004 2249 1181 2330 conputare
1206 2247 1408 2328 nequissent,

273 2354 399 2420 iuribus
441 2357 474 2418 et
513 2352 768 2436 possessionibus
803 2353 939 2436 capituli
973 2353 1224 2436 Vesprimiensis
1265 2352 1402 2416 ecclesie

274 2463 398 2528 scilicet
429 2462 525 2526 terris
565 2460 608 2526 ad
648 2461 712 2526 tria
743 2467 855 2526 aratra
894 2458 1129 2526 sufficientibus
1168 2460 1249 2525 locis
1288 2456 1406 2524 sessio·

274 2569 402 2636 nalibu's
418 2569 518 2634 vineis
535 2569 622 2634 silvis
638 2568 886 2635 condicionariis
912 2573 945 2633 et
960 2569 1033 2634 aliis
1048 2567 1249 2633 utilitatibus
1264 2568 1336 2651 ipso
1353 2588 1409 2633 ca-

274 2680 380 2765 pitulo
411 2677 647 2762 Vesprimiensi
671 2679 765 2744 iuxta
789 2677 933 2760 vigorem
958 2698 1089 2742 suorum
1113 2678 1407 2742 instrumentorum

277 2787 516 2872 pertinentibus
531 2787 567 2852 in
583 2787 701 2870 quibus
716 2788 821 2871 ipsum
838 2783 1018 2870 capitulum
1034 2785 1275 2871 Vesprimiense
1291 2807 1405 2852 secun·

276 2896 352 2960 dum
369 2895 512 2960 edictum
527 2901 631 2960 vestre
647 2894 880 2980 magnitudinis
895 2892 1030 2978 pacifice
1056 2901 1089 2960 et
1105 2897 1213 2979 quiete
1230 2895 1408 2960 commisis-

277 3009 350 3070 sent
363 3008 400 3099 et
416 3004 545 3070 easdem
560 3006 622 3089 ipsi
639 3004 783 3089 capitulo
799 3003 1000 3085 statuissent,
1027 3003 1231 3088 supradictas
1256 3002 1407 3067 dominas

276 3114 308 3177 in
325 3113 560 3195 possessionem
576 3112 812 3196 preallegatam
839 3111 1006 3177 Zarberen
1023 3112 1119 3177 salvis
1134 3110 1262 3176 iuribus
1278 3117 1317 3176 ut
1332 3132 1406 3194 pre-

276 3220 414 3286 diximus
441 3220 576 3304 capitnli
600 3219 853 3304 Vesprimiensis
878 3219 1137 3292 introduxissent
1163 3225 1195 3284 et
1225 3219 1260 3282 in
1286 3217 1408 3282 eisdem

277 3328 510 3394 commisissent
535 3327 732 3393 auctoritate
747 3331 855 3393 vestra
870 3326 1005 3412 pacifice
1020 3347 1212 3412 permanere
1238 3325 1342 3390 donec
1366 3324 1409 3389 de

277 3435 436 3518 qualitate
453 3439 485 3498 et
501 3435 685 3517 quantitate
702 3441 735 3500 et
751 3434 951 3500 utilitatibus
967 3457 1007 3500 ac
1021 3435 1147 3501 iuribus
1163 3435 1265 3517 ipsius
1281 3453 1408 3516 posses-

184 3595 188 3602 .
276 3545 373 3610 sionis
390 3543 558 3610 Zarberen
573 3548 682 3609 vestra
698 3544 858 3611 discuciat
883 3545 1082 3628 magnitudo.
1109 3544 1233 3612 Cursus
1248 3563 1326 3608 vero
1342 3564 1411 3607 me·

276 3663 382 3719 tarum
394 3653 555 3737 sepedicta
565 3653 775 3735 possessionis
785 3652 952 3718 Zarberen
963 3653 1025 3718 hoc
1035 3652 1149 3719 ordine
1160 3652 1407 3735 distingvuntur

277 3761 454 3828 secundum
470 3761 684 3827 assercionem
714 3761 936 3844 predictarum
953 3759 1158 3828 dominamm
1183 3761 1273 3826 intra
1289 3759 1410 3844 quibus

277 3867 361 3955 (igy)
378 3870 595 3954 possessiones
621 3874 654 3932 et
670 3869 743 3934 iura
768 3869 948 3953 prescripta
974 3869 1076 3954 ipsius
1104 3868 1239 3952 capituli
1272 3866 1410 3950 Vespri-

171 3995 174 4002 ’
276 3978 407 4044 miensis
424 3977 557 4042 ecclesie
574 3983 607 4042 et
623 3976 826 4042 dominarum
842 3976 1103 4060 supradictarum
1113 3977 1221 4042 iacent
1238 3981 1272 4040 et
1286 3976 1408 4059 persis-

276 4092 359 4168 tunt,
376 4087 480 4170 prima
495 4085 646 4152 videlicet
670 4089 758 4151 meta
788 4108 808 4150 a
833 4090 926 4169 parte
957 4085 1104 4152 Balatun
1133 4085 1251 4168 incipit
1270 4085 1305 4148 in
1320 4084 1407 4149 valle

277 4193 465 4276 Scekehert,
476 4193 591 4259 deinde
602 4193 708 4259 tendit
718 4194 760 4259 ad
771 4198 896 4278 partem
912 4193 1155 4260 meridionalem
1172 4198 1205 4258 et
1220 4191 1410 4276 pervenitur

276 4303 318 4370 ad
335 4302 510 4370 secundam
526 4309 645 4368 metam
661 4302 840 4368 Fischeusa
855 4307 1004 4368 vocatam
1020 4307 1053 4368 et
1062 4303 1181 4368 abhinc
1196 4323 1256 4386 per
1266 4300 1404 4366 eandem

277 4413 407 4496 plagam
424 4411 666 4477 meridionalem
699 4411 835 4495 girando
851 4411 998 4494 peruenit
1023 4411 1065 4477 ad
1089 4417 1210 4476 metam
1237 4409 1409 4494 Segnagas

278 4527 498 4604 nuncupatam
515 4541 578 4602 que
596 4520 637 4586 ad
654 4526 780 4604 partem
790 4519 981 4584 orientalem
998 4525 1129 4603 separat
1146 4517 1268 4584 dictam
1285 4540 1408 4602 posses·

278 4629 400 4696 sionem
418 4626 584 4695 Zarberen
602 4633 634 4694 et
650 4626 693 4692 ad
709 4634 835 4712 partem
860 4626 1108 4694 meridionalem
1124 4631 1255 4712 separat
1280 4647 1403 4712 posses-
