3154 5474
342 523 406 584 502
715 531 903 582 ariensem
920 522 1135 580 oanlsrsln.

343 697 543 784 Scepsiensis
560 699 769 764 ecclesiarum
784 717 824 763 ac
839 701 968 762 nostrus
993 695 1189 762 multifarios
1214 696 1318 762 modos
1333 693 1463 760 citacio·

342 830 421 874 num
438 793 665 874 evocationum
682 812 714 872 et
729 806 1025 891 proclamacionum
1041 827 1080 872 ac
1095 805 1286 872 iudiciorum
1301 804 1461 870 continen-
1558 797 1559 868 l

342 923 401 1000 tes,
418 937 481 1001 que
497 916 688 1000 singillatim
698 915 865 980 iudiciaria
882 914 1130 980 deliberacionis
1146 913 1352 980 moderamini
1367 929 1465 995 appo-

343 1027 404 1092 site
421 1026 561 1092 causalis
593 1025 643 1089 sui
659 1044 828 1108 processus
854 1029 984 1089 tenores
1011 1023 1174 1106 explicans
1199 1044 1258 1088 sua
1282 1021 1370 1086 nobis
1384 1020 1466 1084 serie

344 1134 566 1216 declarabant,
581 1151 705 1216 nosque
722 1131 851 1196 iusticia
883 1138 1082 1215 congruente
1108 1130 1150 1196 ed
1174 1130 1354 1196 faciendam
1368 1125 1467 1193 vindi·
1558 1173 1559 1198 1

303 1271 307 1281 ·
346 1248 433 1308 ctam
463 1243 496 1308 in
528 1240 747 1305 melemeritos
779 1260 973 1324 consurgere
998 1241 1144 1306 mandati
1159 1239 1308 1304 dominici
1324 1236 1469 1304 doctrina
1558 1253 1559 1298 ῑ

344 1351 464 1416 nostris
480 1350 643 1415 in'stillens
659 1348 806 1414 auribus:
823 1349 915 1432 iuste,
926 1350 1067 1433 inquam,
1077 1347 1220 1414 iudicate
1235 1345 1294 1412 filii
1309 1345 1469 1410 hominum

345 1458 515 1524 iudiciaria
531 1457 725 1522 auctoritate
740 1461 1017 1540 transgressorum
1033 1455 1226 1522 insolencias
1252 1455 1422 1538 reprimere
1439 1455 1470 1514 et

346 1567 526 1633 insontium
557 1587 596 1630 ac
626 1564 831 1630 innoxiorum
862 1565 1017 1649 preconia
1042 1565 1200 1629 extollere
1215 1561 1418 1646 instigabant
1439 1560 1469 1623 in

348 1676 410 1740 hac
424 1673 538 1756 forma,
555 1681 592 1738 ut
616 1693 689 1737 cum
705 1692 790 1738 anno
807 1670 929 1737 domini
944 1670 1121 1738 Millesimo
1138 1669 1239 1740 000ο
1254 1670 1346 1736 XX⁰
1362 1677 1470 1736 octavo

347 1781 523 1848 Ladislaus
547 1781 633 1848 filius
657 1779 768 1848 Alexii
794 1783 834 1848 de
859 1781 972 1848 Karaz
997 1803 1057 1866 pro
1082 1783 1285 1867 potenciana
1309 1781 1471 1846 oblacione

348 1889 486 1960 duorum
503 1912 660 1975 equorum
676 1892 777 1975 ipsius
794 1892 922 1957 comitis
938 1891 1071 1958 Nicolai
1103 1891 1142 1956 de
1166 1891 1280 1975 Puryn
1305 1891 1408 1975 primo
1432 1888 1472 1953 ad

316 1980 324 2002 k
349 2003 480 2064 octavas
497 1997 523 2064 J
524 1998 661 2064 ohannis
677 1999 829 2083 Baptista
847 1999 986 2065 secundo
1005 2000 1047 2064 ad
1063 2005 1194 2065 octavas
1224 1998 1316 2063 beati
1332 1997 1471 2062 Michae-

350 2107 391 2172 lis
408 2105 594 2190 archangeli
612 2107 712 2172 tercio
729 2108 772 2172 ad
788 2113 919 2173 octavas
937 2107 1280 2191 Strennarumquarto
1296 2105 1473 2170 edocturus

350 2211 585 2278 Penthecostes
603 2215 717 2298 quinto
734 2213 779 2279 ad
795 2215 974 2298 quindenas
990 2215 1079 2281 beati
1095 2213 1121 2281 J
1122 2215 1217 2281 acobi
1233 2214 1372 2300 apostoli
1388 2219 1473 2278 sexto

351 2320 393 2386 ad
408 2327 539 2386 octavas
555 2320 644 2386 beati
661 2321 833 2387 Michaelis
849 2322 1036 2404 archangeli
1055 2345 1139 2388 anno
1156 2322 1279 2389 domini
1310 2320 1364 2385 M⁰
1380 2317 1475 2385 000ο

351 2426 443 2492 ΧΧ0
459 2450 544 2494 nono
562 2434 594 2493 et
611 2430 747 2515 septimo
773 2429 815 2494 ad
841 2429 1019 2513 quindenas
1044 2429 1230 2514 Epiphanie
1257 2428 1377 2494 domini
1393 2448 1474 2492 anno

352 2536 561 2622 subsequenti
578 2538 756 2602 successive
773 2539 947 2622 preteritas
964 2539 1108 2622 legitime
1125 2539 1295 2604 citationis
1311 2537 1404 2602 modo
1419 2557 1476 2618 per

351 2648 456 2730 ipsum
474 2645 622 2710 comitem
640 2642 815 2711 Nicolaum
831 2645 871 2710 de
887 2645 1001 2730 Puryn
1018 2646 1060 2712 ad
1091 2647 1214 2731 regiam
1231 2645 1428 2731 presenciam
1443 2646 1476 2708 iu

353 2775 484 2820 causam
497 2759 662 2819 attractus
678 2775 744 2819 non
761 2755 899 2818 venisset
916 2775 975 2819 nec
992 2755 1134 2838 aliquem
1150 2775 1209 2840 pro
1236 2775 1270 2818 se
1287 2754 1475 2818 destinasset

353 2869 386 2927 et
402 2863 449 2927 sic
464 2861 664 2927 diversorum
681 2860 874 2926 iudiciorum
892 2881 925 2925 se
942 2861 1185 2944 gravaminibus
1206 2860 1399 2940 innodasset,
1423 2858 1476 2923 de-

353 2971 451 3052 nique
468 2970 545 3054 qnia
560 2969 653 3034 iuxta
678 2968 769 3051 regni
801 2967 1107 3052 approbatissimam
1133 2968 1391 3034 consvetndinem
1412 2987 1475 3031 uon

279 3108 281 3111 ’
353 3080 461 3163 alique
478 3099 572 3144 cause
590 3078 667 3142 solis
684 3077 896 3142 citacionibus
912 3079 1038 3162 possint
1054 3079 1224 3144 terminari
1241 3078 1302 3142 nisi
1319 3077 1474 3144 evocecio-

352 3189 450 3255 nibus
465 3186 723 3271 possessionariis
738 3184 1037 3251 introducoionibus
1048 3187 1194 3251 immixte
1204 3192 1238 3251 et
1254 3184 1475 3269 proclamacio-

354 3319 410 3362 nes
427 3301 676 3380 cousequantur,
694 3315 767 3358 cum
783 3315 842 3359 nos
858 3295 1075 3379 prescriptum
1092 3295 1244 3360 comitem
1259 3293 1425 3359 Nicolaum
1435 3292 1474 3356 de

353 3405 466 3490 Puryn
481 3406 514 3470 in
530 3403 816 3487 possessionariam
832 3404 1025 3487 porcionem
1041 3403 1120 3468 dicti
1136 3403 1284 3468 Ladislai
1294 3401 1353 3466 filii
1367 3399 1472 3464 Alexii

353 3513 387 3578 in
402 3512 515 3578 Karaz
527 3513 633 3596 ipsum
650 3512 890 3594 contingentem
910 3510 1093 3594 quindecim
1105 3509 1218 3576 diebus
1234 3530 1472 3594 permansurum

354 3621 519 3704 victuique
535 3619 639 3685 solum
656 3620 837 3684 necessaria
852 3625 1059 3704 recepturum
1075 3617 1325 3684 intromittendo
1345 3618 1404 3682 iem
1417 3639 1471 3682 no-

357 3731 517 3795 minatum
532 3727 725 3794 Ladislaum
740 3725 844 3792 filium
860 3725 973 3792 Alexii
990 3728 1030 3792 de
1047 3727 1198 3793 omnibus
1222 3726 1382 3811 premissis
1396 3725 1471 3790 iudi·

356 3839 413 3904 ciis
431 3837 675 3902 satisfacturum
693 3841 726 3901 et
743 3835 783 3900 do
799 3835 947 3919 predicto
973 3833 1061 3902 facto
1088 3835 1263 3920 principali
1288 3836 1469 3918 peremtoria

356 3965 585 4030 responsurum
601 3943 643 4008 ed
660 3943 745 4008 diem
776 3943 872 4008 medii
889 3939 1147 4026 Quadragesime
1171 3963 1257 4007 anno
1285 3947 1361 4007 tunc
1374 3941 1472 4006 subse·

357 4053 468 4135 quenti
500 4053 626 4118 evocari
642 4049 836 4133 fecissemus,
863 4049 1046 4134 sepedictus
1073 4049 1249 4116 Ludislaus
1273 4049 1357 4115 filius
1371 4047 1472 4116 Alexii

356 4161 473 4244 spiritu
492 4159 608 4224 ductus
624 4158 810 4224 rebellionis
827 4160 935 4223 venire
952 4159 1171 4243 autaliquem
1196 4180 1256 4242 pro
1273 4179 1307 4223 se
1323 4159 1473 4224 transmit

356 4273 424 4333 tere
440 4289 507 4333 non
540 4273 702 4348 curasset3
734 4289 850 4350 nempe
880 4268 1044 4352 premissis
1070 4269 1116 4332 sic
1142 4267 1326 4352 peragratis
1341 4266 1472 4332 solentes

357 4373 464 4440 adhuc
481 4375 617 4440 eundem
632 4375 825 4442 Ladislaum
841 4373 944 4440 filium
970 4371 1083 4440 Alexii
1099 4395 1120 4440 a
1135 4375 1305 4459 proposito
1330 4375 1471 4458 premisse

356 4501 413 4546 sue
429 4481 613 4547 rebellionis
629 4504 686 4565 per
715 4483 800 4547 riam
831 4480 1000 4548 iudiciarie
1025 4481 1289 4547 misericordialis
1314 4483 1473 4548 amonioio

357 4589 407 4651 nis
424 4587 466 4651 ad
482 4588 560 4652 iuris
576 4589 740 4654 tramitem
771 4590 910 4654 invitare
935 4589 1106 4655 scribendo
1131 4589 1280 4674 predicto
1305 4589 1474 4657 honorabili

359 4693 500 4777 capitulo
518 4691 697 4780 Scepsiensi
713 4717 771 4782 per
786 4695 812 4761 J
814 4695 973 4764 ohannem
989 4695 1092 4766 filium
1110 4695 1136 4763 J
1137 4697 1229 4763 akow
1254 4697 1411 4766 hominem
1425 4699 1475 4766 do·
