3152 5472
555 483 649 546 1332.
665 488 738 547 uls.
757 486 807 546 29.
1179 487 1243 550 599

103 663 136 724 et
161 665 237 727 octo
262 662 379 728 marcis
404 681 425 728 a
449 661 615 728 Lucachio
640 662 757 730 clerico
783 653 1009 750 comparasset,
1043 685 1061 729 a
1086 685 1239 732 converso

104 775 214 836 autam
230 769 303 854 ipsa
317 771 434 836 relicta
449 769 541 835 Petri
561 766 576 854 (
592 818 720 836 ......
735 767 749 855 )
767 791 802 836 as
817 778 967 855 patentes
983 773 1100 856 prioris
1115 777 1149 840 et
1165 793 1240 839 con·

104 882 220 944 ventus
231 878 464 946 cruciferorum
476 878 608 944 ecclesia
619 876 740 945 Sancta
750 877 924 946 Trinitatis
940 879 981 946 da
996 879 1121 948 Calidis
1133 878 1242 966 Aquis

106 987 254 1054 exhibuit
269 989 356 1056 couti
382 986 398 1074 (
413 1037 636 1054 ..........
652 986 666 1074 )
693 989 782 1072 quod
796 991 931 1056 terciam
955 993 1082 1076 partam
1098 989 1240 1058 eiusdem

106 1095 239 1162 macelli
271 1095 396 1162 Paulus
429 1097 516 1162 filius
548 1096 692 1162 eiusdem
717 1095 848 1164 Nicolai
874 1098 983 1164 claudi
1014 1097 1124 1166 fratris
1156 1098 1241 1164 dicte

105 1209 258 1270 matrone
282 1225 302 1270 a
328 1202 387 1288 Ο(
402 1253 506 1270 .....
522 1203 708 1289 lmagistro
728 1205 841 1272 ordine
863 1205 1033 1272 iudiciario
1056 1225 1243 1292 recuperas·

106 1321 156 1380 set
181 1320 216 1382 et
233 1315 277 1382 sic
303 1315 415 1381 eadem
440 1319 590 1381 matrona
614 1315 774 1400 prefatam
800 1315 935 1381 terciam
959 1319 1086 1400 partem
1112 1316 1242 1382 macelli

105 1421 222 1489 habita
237 1422 392 1488 divisione
417 1445 490 1488 cnm
507 1424 619 1490 eodem
634 1422 740 1490 Paulo
756 1423 859 1490 fratre
884 1444 942 1490 suo
969 1422 1097 1490 adeam
1114 1423 1244 1490 devolu-

106 1535 174 1596 tam
193 1530 360 1598 asserebat
379 1531 520 1616 reliquas
546 1552 621 1598 vero
648 1531 728 1598 duas
754 1532 922 1616 porciones
948 1531 1091 1598 eiusdem
1117 1531 1244 1597 macelli

106 1641 176 1704 iure
194 1638 393 1706 hereditario
419 1641 479 1706 sibi
505 1641 737 1725 proveniendas
753 1637 925 1723 allegabat,
951 1637 1036 1704 unde
1052 1659 1126 1704 cum
1141 1637 1240 1703 iidem

107 1749 229 1814 iudices
246 1749 364 1833 quibus
389 1752 619 1816 discussionem
643 1752 743 1835 ipsius
770 1769 865 1816 cause
889 1749 956 1814 vice
980 1754 1091 1815 nostre
1107 1769 1244 1834 persone

109 1859 372 1924 commiseramus
398 1881 463 1925 una
480 1881 552 1925 cum
569 1860 642 1925 aliis
652 1857 815 1926 nobilibus
831 1865 863 1923 et
872 1858 982 1943 probis
997 1857 1073 1922 viris
1089 1843 1242 1922 iudicium

109 1963 217 2031 lacere
234 1966 412 2032 uoluissent
436 1967 522 2034 inter
538 1961 878 2051 partes,'memoratus
903 1966 1056 2047 magister
1080 1963 1243 2030 Emiricus

120 2079 202 2140 urta
218 2073 459 2139 ordinacionem
479 2080 513 2140 et
528 2075 797 2159 composicionem
820 2073 995 2140 eorundem
1018 2071 1194 2157 proborum
1211 2079 1244 2138 et

110 2182 269 2248 nobilium
303 2181 446 2248 virorum
485 2183 692 2249 medietatem
724 2181 876 2248 'eiusdem
906 2181 1034 2248 macelli
1065 2180 1244 2264 prescripta

111 2298 262 2356 mat-rone
282 2297 319 2356 nt
335 2291 396 2356 sibi
413 2291 453 2356 de
477 2292 547 2356 iure
572 2292 741 2376 provenire
765 2288 935 2356 videbatur
966 2292 1000 2354 at
1024 2289 1092 2354 eius
1117 2288 1244 2354 filiabus

109 2419 166 2465 seu
199 2398 370 2465 heredibus
400 2400 580 2483 reliquit..
619 2403 774 2483 perpetuo
806 2397 938 2482 pacifice
969 2395 1243 2480 possidendam..

109 2507 172 2572 alia
207 2507 405 2574 dimidietate
436 2508 537 2593 ipsius
563 2507 691 2572 macelli
715 2505 877 2591 prelibato
909 2505 1064 2586 magistro
1090 2501 1242 2568 Emerico

109 2615 259 2682 similiter
269 2619 424 2699 perpetuo
435 2613 791 2680 1·emanente..Datnm
809 2614 844 2678 in
860 2607 942 2678 Alto
959 2609 1085 2693 Castro,
1105 2609 1243 2675 sabbato

111 2723 259 2807 proximo
276 2731 352 2789 anto
371 2723 488 2789 festum
504 2723 591 2789 beati
614 2719 740 2790 Urbani
765 2740 849 2806 pape
874 2723 907 2785 et
922 2719 1072 2801 martiris,
1088 2739 1173 2785 anno
1190 2717 1243 2784 do-

109 2826 190 2898 mini
204 2829 382 2898 Millasimo
401 2832 627 2897 trecentesimo
644 2830 806 2895 tricesimo
826 2827 975 2895 secundo

221 2995 374 3060 Hdtlapjan
385 2993 478 3060 penset
490 2995 667 3060 nyomaiva13
683 2991 815 3058 eredetije
837 3007 869 3042 az
894 3005 965 3042 orsz.
988 2989 1043 3042 ltar
1056 2991 1156 3042 kinost.
1176 2993 1245 3040 oszt.

113 3087 147 3135 N.
160 3085 195 3136 R.
210 3085 243 3136 A.
257 3091 318 3138 860.
335 3093 375 3137 14.
389 3087 455 3152 dipl.
469 3088 541 3138 ltar:
557 3091 635 3138 2725.
649 3084 746 3136 Kozri:
766 3083 875 3134 Koveics
887 3081 921 3134 N.

667 3487 740 3548 511.

116 3657 214 3718 1332.
232 3609 432 3736 Eszrevrpom,
459 3656 535 3735 mdj.
554 3651 605 3714 29.
622 3649 717 3712 Pe'ter.
742 3647 886 3711 soordoai
900 3645 1068 3731 sdesperoa
1084 3645 1116 3705 e'a
1132 3664 1171 3704 az
1188 3661 1248 3703 esz-

115 3761 253 3848 terpomi
269 3760 358 3825 e'mek
374 3758 572 3843 belyturto'jo
597 3780 618 3820 o
643 3747 750 3819 derebi
775 3753 921 3838 temptem
940 3751 1167 3835 deyyuroadpo
1183 3746 1249 3810 dol·

333 3869 440 3952 pridoa
465 3889 505 3930 oz
525 3860 964 3948 illetdfelelrnelc-balaaztcist
980 3858 1033 3922 od.

228 4027 262 4094 N
263 4051 297 4094 os
314 4028 468 4112 magister·
484 4026 602 4091 Petrus
619 4023 865 4090 archidiaconus
882 4019 921 4084 de
936 4015 1079 4086 Sombon
1096 4015 1135 4082 de
1151 4015 1250 4082 eccle-

113 4140 163 4204 sia
179 4135 339 4220 Agriensi
364 4135 525 4219 generalis
546 4133 706 4199 vicarius¹
726 4181 733 4195 .
759 4125 942 4195 Chanadini
959 4177 991 4193 ..
1017 4123 1251 4208 archiepiscopi

114 4243 349 4329 Strigoniansis
375 4243 582 4324 eiusdemque
592 4239 655 4305 loei
673 4238 798 4303 comitis
814 4235 964 4320 perpetui
980 4233 1093 4298 damus
1110 4252 1168 4315 pro
1185 4251 1249 4294 me-

114 4357 230 4438 moria,
247 4353 338 4437 quod
355 4373 427 4417 cum
437 4353 527 4416 iuxta
539 4347 776 4415 continenciam
786 4340 931 4429 priorum
941 4342 1111 4407 literarum
1129 4343 1251 4404 nostra·

115 4487 190 4530 rum
215 4465 251 4530 in
268 4460 441 4546 quindenis
456 4458 535 4524 serie
547 4462 634 4522 sexta
651 4455 796 4539 proxime
813 4457 889 4517 ante
905 4457 1037 4516 octavas
1052 4445 1257 4513 Invenoionis

116 4580 232 4640 sancte
249 4571 353 4636 crucis
379 4570 532 4651 magister
547 4565 671 4631 Paulus
697 4561 944 4628 archidiaconus
960 4555 1145 4622 Waeiensis
1170 4552 1255 4618 filius

114 4680 142 4746 J
143 4680 285 4748 ohannis
298 4678 376 4744 dicti
393 4675 507 4743 Ohenlr
524 4681 557 4740 et
573 4670 738 4755 Georgius
753 4669 856 4735 l'rater
872 4665 1022 4750 eiusdem,
1038 4665 1117 4729 item
1132 4661 1253 4727 Petrus
