3172 5462
552 459 646 524 1324.
662 477 763 524 nanu.
782 461 833 523 25.
1194 466 1257 526 119

129 646 269 706 strorum
285 639 372 706 velut
388 637 568 704 modestum
587 636 652 704 fide
678 641 881 706 constantem
907 646 940 706 et
963 643 1052 724 pacis
1079 646 1258 710 amatorem

129 752 160 815 in
175 748 366 833 woyuodam
381 745 576 831 profecimus
601 747 860 832 transsilvanum‚
887 770 1013 814 omnem
1038 753 1258 836 tranquillita-

130 865 191 924 tem
208 864 244 923 et
257 855 499 924 observanciam
523 855 652 921 iusticie
677 856 712 920 in
736 855 843 922 medio
868 857 1054 923 eorumdem
1078 859 1257 928 invenimus

129 988 286 1048 exercere,
302 969 399 1049 prout
414 963 476 1030 hoc
496 983 535 1027 ex
561 963 723 1028 relacione
747 965 892 1048 ipsorum
917 967 1208 1036 transsilvanorum
1225 977 1258 1038 ct

129 1075 350 1160 probabilibus
366 1073 565 1138 documentis
581 1073 695 1138 exinde
711 1073 796 1140 datis
824 1074 987 1158 colligitur
1004 1076 1176 1162 evidenter,
1192 1081 1259 1146 vni·

128 1205 239 1250 uersas
270 1183 396 1266 gracias
427 1187 554 1248 nostras
586 1183 802 1267 exempcionis
818 1233 850 1248 ..
875 1204 1063 1250 revocamus
1089 1192 1122 1251 et
1148 1209 1258 1254 omnes

129 1313 241 1358 causas
257 1292 508 1375 occupationum
523 1293 761 1375 possessionum
773 1296 805 1356 et
824 1293 905 1358 alias
917 1315 1124 1378 quascunque
1135 1299 1258 1364 arduos

128 1415 154 1468 ct
172 1403 301 1486 infimas
316 1420 374 1484 per
389 1398 551 1482 prefatum
567 1399 727 1464 Thomam
742 1400 930 1484 uoyuodam
955 1407 988 1466 et
1004 1423 1079 1468 suos
1097 1424 1257 1472 successo-

129 1533 177 1576 res
191 1507 365 1593 woyuodas
381 1509 616 1574 transsilvanos
631 1529 691 1592 pro
708 1511 854 1592 tempore
871 1510 1122 1596 constituendos,
1143 1535 1183 1579 ne
1198 1535 1258 1598 per

129 1620 253 1701 aliquas
268 1617 484 1682 retractiones
501 1638 521 1681 a
536 1637 593 1681 suo
610 1615 727 1682 iudicio
743 1617 794 1682 vel
821 1616 863 1682 ad
887 1618 1048 1684 emciones
1073 1621 1257 1703 graciarum

129 1727 311 1792 voaodatui
328 1723 411 1810 (igy)
428 1725 610 1809 derogetur,
626 1725 710 1792 sicut
725 1725 880 1810 woyuode
896 1728 1040 1811 antiquis
1056 1729 1255 1812 temporibus

128 1837 370 1922 progenitorum
386 1840 569 1900 nostrorum
585 1834 748 1918 qnondam
764 1835 939 1900 illustrium
955 1857 1068 1920 regum
1083 1836 1257 1922 Hungarie

127 1945 324 2027 iudicabant,
341 1965 466 2009 exnunc
490 1945 524 2010 in
540 1950 706 2029 posterum
726 1944 841 2010 habita
858 1966 930 2010 cum
945 1945 1122 2011 baronibus
1138 1949 1257 2014 nostris

129 2052 365 2118 deliberacione
389 2059 578 2136 prematura
603 2057 760 2136 perpetuo
786 2053 986 2118 decrevimus
1009 2055 1200 2121 iudicandas
1225 2061 1257 2122 et

130 2163 324 2227 auctoritate
340 2162 543 2246 presencium
560 2160 669 2226 debito
686 2158 750 2226 fine
776 2161 980 2246 decidendas,
1006 2163 1149 2246 exceptis
1165 2163 1256 2230 dum·

127 2275 219 2336 taxat
236 2271 342 2336 causis
368 2269 583 2335 collacionum
608 2269 846 2352 possessionum
870 2268 1049 2336 infidelium
1073 2277 1257 2339 nostrorum

126 2400 182 2462 per
197 2399 259 2444 nos
274 2377 435 2443 factarum
460 2397 564 2460 usque
591 2375 687 2442 modo
714 2382 747 2442 et
771 2377 873 2442 eciam
897 2379 1025 2443 iniuriis
1050 2379 1257 2448 ablacionum

126 2487 337 2570 pecuniarum
361 2485 585 2550 transsilvanis
610 2506 668 2568 per
698 2484 845 2551 homines
871 2487 1005 2552 alterius
1030 2489 1134 2570 partis
1160 2491 1254 2573 regni

126 2596 227 2659 nostri
242 2595 295 2660 vel
311 2594 430 2660 eisdem
446 2615 505 2679 per
520 2595 752 2660 transsilvauos
781 2596 933 2678 irrogatis
948 2617 1030 2679 quas
1045 2595 1114 2661 fore
1130 2599 1254 2682 sopitas

124 2703 270 2768 volumus
286 2707 319 2768 et
334 2704 463 2786 inanes;
489 2708 689 2787 quapropter
712 2706 859 2770 volumus
883 2710 916 2769 et
939 2705 1093 2789 woyuode
1109 2708 1254 2772 transsil-

124 2835 203 2878 vano
220 2833 308 2877 nunc
325 2811 502 2876 constituto
520 2816 553 2875 ct
569 2811 795 2876 constituendo
811 2811 845 2876 in
861 2810 1007 2877 futurum
1032 2813 1121 2896 regio
1146 2814 1254 2880 edicto

123 2922 320 3006 precipimus
336 2941 395 3003 per
409 2925 576 3004 presentes
587 2923 747 3002 quatenus
758 2920 924 2986 vniuersas
935 2941 1049 2985 causas
1063 2969 1070 2985 .
1087 2970 1093 2985 .
1109 2921 1255 2988 iudicare

121 3037 153 3092 et
182 3030 347 3095 discutere
372 3027 537 3093 debeat..
562 3025 686 3092 Datum
712 3048 771 3111 per
794 3049 909 3093 manus
940 3028 1088 3111 magistri
1107 3014 1254 3095 ¹andree

120 3137 254 3202 lectoris
270 3137 403 3202 ecclesie
421 3131 772 3218 Quinqueecclesiensis
788 3135 862 3200 aule
875 3142 986 3201 nostre
996 3136 1250 3220 vicecancellari,

121 3244 230 3310 dilecti
249 3251 284 3309 et
299 3242 403 3308 fidelis
419 3244 533 3326 nostri,
549 3265 635 3308 anno
663 3241 785 3308 domini
809 3241 864 3310 Μ0
888 3239 990 3309 000Ο
1005 3241 1098 3306 XX⁰
1123 3251 1253 3328 quartoi

120 3359 232 3419 octavo
262 3351 417 3418 kalendas
443 3348 581 3434 Aprilis,
611 3352 704 3434 regni
729 3357 839 3416 autem
865 3353 968 3416 nostri
993 3373 1077 3416 anno
1103 3352 1252 3418 similiter

121 3459 212 3525 XX⁰
227 3465 358 3545 quarto.
375 3458 627 3530 Venerabilibus
637 3509 644 3524 .
656 3509 681 3526 ..
697 3457 789 3544 stb.¹)

225 3626 269 3675 Aa
284 3625 389 3689 erdelyi
403 3624 593 3690 kaptalannak
610 3625 684 3673 1325.
698 3622 763 3688 maj.
779 3623 859 3673 Itan
873 3622 933 3673 kelt
945 3623 1114 3689 satientatem
1129 3624 1147 3674 l.
1161 3625 1252 3675 alabb.

119 3715 216 3766 Kozli:
237 3717 321 3779 Nagy
334 3714 432 3780 Gynla.

227 3917 245 3977 1)
253 3915 285 3964 Is.
293 3913 407 3965 fontebb
418 3920 475 3964 105.
483 3930 518 3964 sz.
529 3929 553 3964 a.
564 3929 580 3964 a
590 3913 972 3964 kavetkezcvaltozasokkal:
983 3914 1089 3963 Hearilr
1100 3915 1252 3977 veszprdnri

120 4005 273 4070 puspoknsl
287 4020 327 4056 az,
336 4009 414 4055 »aule
427 4005 521 4069 regine
535 4003 726 4064 cancellario«,
740 4003 830 4066 Fiildp
852 4003 986 4053 nadornal
1008 4019 1024 4054 a
1049 4003 1156 4054 »iudice
1169 4005 1252 4056 bisse·

118 4109 243 4158 norum«,
257 4095 362 4146 Miklds
376 4093 510 4144 slavonici
525 4091 626 4144 banndl
639 4108 655 4143 a
670 4092 787 4143 »comite
802 4092 982 4158 Supruniensi
996 4097 1024 4143 et
1034 4093 1067 4143 (le
1080 4093 1250 4145 Komarum«

117 4183 535 4250 czimelralmaradtak,b1ykch
555 4183 695 4246 kiralyndi
716 4181 817 4232 tetrnok
840 4181 976 4234 czimdhez
995 4183 1078 4253 pedig
1099 4185 1251 4240 hozzaada

118 4274 158 4324 tilr
173 4275 296 4327 »comite
311 4273 345 4327 de
360 4273 442 4325 Serus
455 4279 484 4324 et
497 4273 529 4324 de
542 4273 682 4337 Zemlyn.«

618 4470 765 4482 nun—u·—
