3132 5470
338 485 403 547 356
689 497 877 547 succurrens
900 485 1118 546 osulurnlu.

873 881 949 946 318.

344 1045 441 1112 1328.
459 1049 536 1131 mctj.
553 1046 604 1109 11.
621 1041 651 1108 A
667 1044 803 1107 caecari
827 1042 988 1128 lco‘ptalan
1013 1042 1194 1127 Baracpar‘
1219 1041 1307 1106 Imrc
1332 1042 1474 1107 lcc're‘atre

344 1155 449 1219 Kutua
475 1151 633 1218 birtotrct
659 1151 745 1216 szclc
769 1153 802 1214 sla
826 1151 949 1216 Mittor
974 1149 1258 1236 clorszdgbirtihoz
1286 1152 1411 1216 instrat
1439 1154 1474 1215 tc

651 1257 762 1324 otllul
777 1258 1025 1344 vatcjeleorcstt
1040 1260 1153 1344 dtirja.

455 1418 527 1488 Nos
552 1419 733 1504 capitulum
758 1419 892 1485 ecclesie
908 1421 1014 1485 sancti
1029 1418 1203 1485 Michaelis
1227 1419 1418 1502 archangeli
1440 1419 1477 1484 de

350 1528 574 1600 Oestrclerreo
605 1528 719 1596 damus
734 1549 793 1612 pro
819 1528 983 1612 memoria,
1011 1525 1100 1612 quod
1124 1525 1284 1610 magister
1308 1525 1476 1594 Emericus

348 1638 435 1704 filius
460 1636 626 1704 chnoldi
650 1638 691 1703 de
715 1636 850 1704 Barana
883 1658 1019 1721 sponsus
1042 1657 1119 1702 vero
1145 1635 1296 1719 magistri
1321 1632 1419 1702 Guke
1443 1635 1480 1699 de

350 1745 465 1812 Kutus
481 1745 525 1811 ad
540 1767 599 1812 nos
624 1747 838 1830 personaliter
863 1744 1046 1811 accedendo
1071 1743 1220 1809 exhibuit
1244 1744 1339 1811 nobis
1355 1745 1479 1809 litteras

350 1860 479 1922 nostras
505 1854 632 1920 clausas
657 1853 717 1920 sub
743 1854 879 1939 antiquo
905 1853 1013 1938 sigillo
1039 1857 1150 1920 nostro
1175 1852 1343 1919 confectas
1367 1858 1479 1937 petens

351 1983 410 2029 nes
426 2013 433 2028 .
449 2013 463 2056 ,μ
473 1966 511 2027 ut
527 1959 657 2028 casdem
672 1961 802 2028 litteras
817 2011 824 2026 .
842 2010 849 2026 .
864 1961 998 2027 rescribi
1008 1959 1189 2028 laceremus
1199 1967 1232 2026 ct
1243 2011 1250 2026 .
1261 2011 1267 2026 .
1280 1982 1363 2027 noro
1373 1967 1481 2027 nestro

353 2071 461 2154 sigillo
478 2069 686 2153 dignaremur
702 2070 901 2154 consignare,
915 2091 1053 2154 quarum
1068 2119 1076 2136 .
1092 2121 1100 2135 .
1116 2075 1210 2136 tenor
1226 2068 1303 2135 talis
1319 2077 1387 2136 est:
1404 2069 1481 2138 Vim

356 2177 497 2244 discrete
514 2175 653 2244 Nicolao
668 2176 837 2242 viceiudici
853 2176 926 2242 aule
941 2177 1031 2260 regie
1041 2177 1220 2260 capitulum
1236 2177 1372 2241 ecclesie
1383 2179 1481 2242 sancti

356 2283 531 2352 Michaelis
548 2284 588 2349 de
604 2282 828 2351 Oastrcferreo
845 2333 852 2350 .
868 2333 876 2350 .
891 2284 985 2349 iuxta
1008 2289 1156 2350 tenorem
1167 2284 1353 2348 litterarum
1369 2291 1482 2350 vestra·

354 2418 428 2463 rum
461 2445 469 2462 .
501 2395 698 2462 .Jacobum
747 2396 947 2463 sacerdotem
981 2397 1021 2462 de
1053 2396 1195 2463 Telshus
1224 2398 1388 2464 hominem
1417 2415 1484 2458 nos

355 2510 444 2569 trum
474 2502 604 2570 fidelem
636 2526 709 2570 cum
740 2503 833 2571 Sixto
859 2505 988 2572 homine
1006 2505 1127 2572 domini
1145 2508 1230 2589 regis
1256 2505 1483 2572 transmisimus

356 2611 564 2677 reambularc
579 2617 702 2678 terram
717 2611 742 2678 J
744 2614 859 2678 cwauii
876 2620 909 2679 et
924 2613 1046 2680 Bricoii
1056 2613 1170 2680 Kutus
1179 2621 1329 2681 vocatam
1345 2610 1483 2679 aKaluu

359 2718 427 2785 filio
443 2718 554 2786 Kalnz
570 2726 604 2785 et
618 2721 778 2805 inspicere
795 2723 863 2786 eius
879 2723 1107 2807 quantitatem,
1137 2724 1193 2808 qui
1218 2723 1350 2790 demum
1373 2720 1412 2786 ad
1425 2738 1482 2783 nos

361 2824 493 2892 rediens
507 2827 623 2893 retulit
638 2827 732 2894 nobis
747 2829 850 2911 ipsam
868 2835 992 2896 terram
1017 2851 1086 2896 csse
1111 2830 1284 2897 duodecim
1309 2834 1483 2894 aratrorum

363 2929 421 2996 sed
437 2931 543 2998 dictus
553 2931 662 2999 Kaluu
673 2933 837 3000 confessus
848 2940 897 3001 est
913 2935 1042 3002 cosdem
1057 2935 1205 3002 Iwanum
1215 2942 1249 3002 et
1263 2935 1423 3002 Briccium
1436 2931 1482 2997 ibi
1564 2919 1565 2926 ἵ

360 3045 485 3106 terram
499 3063 565 3108 uon
580 3040 709 3127 habere,
726 3049 836 3110 tamen
862 3043 976 3110 Pouca
1001 3043 1261 3128 archidiaconus,
1286 3042 1485 3108 Andornicus

361 3147 449 3214 filius
479 3148 628 3235 Fabiani,
653 3151 852 3218 Benedictus
882 3152 968 3219 filius
999 3153 1089 3220 Posa
1119 3153 1241 3218 etalio
1267 3151 1483 3235 generationes

366 3257 550 3324 eorumdem
567 3257 677 3324 Bricci
705 3258 809 3326 Iwani
838 3266 871 3326 et
895 3259 1005 3326 Kaluz
1030 3260 1252 3345 predictorum
1277 3261 1421 3324 dixerunt
1441 3253 1484 3317 ibi
1563 3339 1564 3342 Ἴ

368 3371 490 3430 terram
505 3366 625 3432 habere
636 3366 781 3434 Iwanum
798 3373 831 3434 et
846 3367 1014 3434 Briccium
1030 3367 1242 3452 supradictos.
1259 3367 1379 3434 Datum
1394 3360 1484 3427 tercia
1563 3355 1564 3394 l

366 3470 448 3536 feria
463 3474 611 3556 proxima
626 3482 701 3558 post
717 3482 848 3566 octavas
857 3475 1051 3542 Nativitatis
1066 3476 1162 3542 beate
1176 3476 1318 3560 virginis
1334 3468 1482 3538 Ncscuim

369 3627 378 3646 .
394 3630 402 3646 .
418 3579 546 3646 easdem
561 3581 690 3648 litteras
707 3581 747 3647 dc
762 3583 860 3650 verbo
875 3583 918 3650 ad
934 3584 1068 3652 verbum
1083 3582 1291 3650 rescribendo
1307 3583 1392 3647 iuxta
1401 3575 1484 3656 regis·

373 3689 552 3754 maiestatis
568 3695 758 3775 preceptum
785 3712 824 3756 ao
848 3691 1038 3758 mandatum
1062 3713 1145 3758 novo
1169 3691 1278 3775 sigillo
1301 3693 1401 3756 nostro
1414 3681 1485 3745 feci·

372 3817 443 3862 mus
467 3797 658 3880 consignari.
683 3797 808 3864 Datum
832 3799 868 3864 in
891 3799 1004 3882 vigilia
1018 3795 1230 3866 Ascensionis
1245 3796 1378 3876 Domini,
1400 3809 1481 3858 anno
1562 3767 1563 3859 l

373 3903 516 3970 ciusdem
531 3903 588 3971 Μο
603 3903 706 3971 000ο
722 3905 817 3972 XX⁰
831 3912 955 3973 octavo.

482 4068 614 4118 zarlatain
628 4070 713 4121 kerck
738 4070 832 4134 pecstt
845 4072 1021 4136 nyomaiva13
1041 4072 1172 4137 crcdstije
1195 4087 1228 4122 az
1252 4087 1319 4124 craz.
1344 4071 1371 4121 lt
1390 4065 1488 4116 lineat.
1561 4125 1562 4128 Ἴ

375 4159 444 4207 onze.
459 4155 492 4209 u.
506 4157 538 4209 u.
552 4159 585 4210 n.
599 4162 676 4212 1711.
691 4164 714 4210 2.
729 4159 796 4223 dipl.
811 4162 841 4212 u.
857 4165 934 4212 cccc.
948 4161 1030 4210 sonu
1042 4177 1048 4210 ι
1061 4163 1141 4228 uagy
1154 4162 1253 4228 cyuu.
