3112 5466
527 443 620 507 1325.
637 463 738 508 unns.
756 448 806 510 21.
1171 451 1234 512 183

103 621 201 689 fratre
218 621 346 689 Glisma
362 623 533 706 degenere
550 621 809 707 Soentemaguch
825 624 866 690 ab
886 625 992 690 altera
1011 648 1150 694 unacum
1165 628 1234 691 viro

103 733 251 815 religioso
268 731 370 798 fratre
386 731 565 799 Benedicto
582 733 749 799 sacerdote
765 735 852 800 socio
877 741 989 801 nostro
1013 741 1046 800 et
1071 735 1162 801 iuxta
1187 743 1233 802 te·

103 860 209 904 11010111
235 839 404 906 literarum
429 837 592 922 magnifici
617 839 748 906 baronis
773 840 894 906 domini
923 841 1070 926 Philippi
1094 842 1233 928 palatini

104 947 139 1013 ad
163 947 371 1030 exsequenda
394 945 601 1032 infrascripta
619 969 678 1031 pro
695 949 880 1014 testimonio
896 971 954 1033 per
969 971 1028 1016 nos
1044 951 1233 1016 transmisso

105 1077 209 1122 coram
233 1055 328 1120 nobis
358 1055 573 1138 personaliter
604 1057 788 1122 constitutis
813 1059 1015 1142 propositum
1041 1059 1151 1124 extitit
1174 1079 1234 1142 per

105 1161 238 1249 eosdem:
255 1169 288 1228 et
304 1163 453 1246 relatum,
472 1163 561 1247 quod
576 1164 609 1229 in
626 1185 724 1230 causa
741 1165 821 1230 furti
846 1187 944 1248 quam
968 1165 1054 1230 idem
1077 1167 1234 1249 magister

104 1271 258 1338 Nicolaus
276 1276 389 1337 eontra
410 1272 546 1338 eundem
565 1273 756 1355 magistrum
780 1272 806 1338 J
807 1273 967 1339 ohannem
986 1295 1095 1339 coram
1120 1273 1232 1340 eodem

103 1379 227 1446 domino
242 1380 389 1464 palatino
406 1379 556 1446 movebat
580 1401 677 1463 super
696 1401 762 1464 qua
777 1381 879 1446 eciam
904 1381 1049 1446 duellum
1073 1382 1161 1447 inter
1177 1403 1232 1460 eos

102 1487 276 1554 iudicatum
302 1489 456 1554 extiterat
480 1494 513 1554 et
538 1487 742 1572 postmodum
758 1488 843 1554 idem
869 1489 1013 1556 duellum
1038 1511 1096 1574 per
1121 1512 1228 1574 prece·

102 1601 189 1678 ptum
215 1595 337 1661 domini
359 1596 446 1680 regis
462 1595 505 1660 ad
520 1596 721 1680 presenciam
737 1595 877 1662 eiusdem
898 1597 1020 1664 domini
1037 1599 1121 1682 regis
1138 1597 1232 1664 deve-

102 1711 198 1787 nerat,
217 1705 253 1768 in
269 1724 346 1769 area
360 1703 463 1788 ipsius
479 1701 580 1768 duelli
596 1724 634 1767 ex
650 1705 859 1786 permissione
877 1705 977 1788 ipsius
999 1705 1120 1771 domini
1144 1707 1231 1790 regis

103 1811 315 1878 mediantibus
344 1817 376 1876 01
395 1809 649 1894 conponentibus
674 1809 855 1896 magnificis
879 1812 1056 1879 baronibus
1080 1813 1232 1882 videlicet

103 1920 227 1987 domino
243 1919 413 1986 Demetrio
429 1919 585 2002 magistro
606 1920 846 1986 tavarnicorum
866 1919 986 1986 domini
1002 1922 1097 2005 regis,
1114 1923 1231 1988 comite

105 2025 292 2094 Alexandro
309 2027 413 2094 iudice
424 2027 511 2092 curie
521 2023 664 2091 eiusdem
680 2026 800 2092 domini
817 2028 910 2111 regis²
920 2029 1075 2111 magistro
1085 2026 1233 2114 Myuckh

102 2138 254 2220 magistro
269 2139 510 2203 tavernicorum
524 2134 653 2200 domine
663 2136 783 2218 regine,
797 2135 903 2201 Paulo
920 2135 1005 2201 bano
1022 2137 1061 2202 de
1077 2135 1230 2223 Machou

101 2246 254 2328 magistro
269 2244 562 2329 Eadm-preposito
581 2243 726 2308 Budensi
746 2249 779 2308 et
804 2243 1067 2310 vicecancellario
1088 2245 1231 2311 eiusdem

102 2351 219 2418 domini
243 2355 338 2437 regis,
361 2373 485 2418 necnon
501 2352 631 2418 domino
648 2351 775 2418 Thema
791 2353 926 2419 voivoda
942 2354 1045 2437 partis
1070 2353 1230 2420 Transsil-

102 2483 177 2528 vane
194 2513 201 2528 .
216 2512 223 2528 .
239 2463 273 2527 111
289 2461 376 2528 facto
392 2461 492 2545 ipsius
518 2460 619 2526 duelli
651 2461 762 2526 taliter
780 2461 866 2526 inter
882 2483 914 2526 se
931 2461 1204 2528 concordassent.
1221 2512 1229 2530 .

103 2569 184 2652 ‹puod
200 2570 285 2635 idem
300 2570 456 2654 magister
472 2567 628 2634 Nicolaus
652 2568 786 2634 totalem
811 2569 974 2662 accionem
999 2589 1091 2635 suam
1115 2570 1229 2654 preha-

102 2679 198 2745 bitam
232 2701 330 2763 quam
356 2684 470 2745 contra
496 2677 632 2743 eundem
657 2678 849 2760 magistrum
874 2676 1060 2744 Johunnem
1084 2686 1230 2748 moverat

103 2790 225 2854 racione
261 2788 349 2872 furti,
374 2787 523 2852 totaliter
548 2793 581 2852 et
607 2787 736 2852 omnino
772 2787 876 2853 eidem
900 2788 1056 2870 magistro
1081 2787 1229 2854 Johanni

101 2899 319 2964 relaxasset..
348 2917 519 2963 econverso
547 2901 657 2962 autem
672 2895 758 2960 idem
777 2899 932 2981 magister
951 2896 977 2962 J
978 2896 1121 2963 ohannes
1147 2895 1228 2964 duas

101 3008 312 3090 possessiones
337 3027 411 3072 suas
436 3003 580 3070 Zalatna
606 3009 639 3069 01
664 3003 771 3090 Bykol
801 3007 984 3072 nominatas
1010 3007 1044 3070 in
1070 3007 1227 3072 comitatu

102 3113 273 3181 Tholnensi
299 3115 473 3180 existentes
490 3113 531 3180 ab
547 3109 723 3178 Ambrosio
743 3111 811 3178 filio
831 3112 984 3179 Barnabe
1009 3113 1227 3180 mediantibus

101 3222 348 3309 privilegialibus
378 3221 482 3288 literis
518 3222 637 3287 nostris
669 3225 781 3302 emtas,
807 3227 839 3285 et
864 3243 924 3305 pro
949 3241 986 3286 eo
1012 3223 1115 3288 eciam
1140 3221 1227 3305 quod

102 3333 206 3398 eedem
236 3333 298 3397 due
329 3331 544 3423 possessiones
576 3327 618 3394 ad
649 3328 865 3412 possessiones
891 3328 1027 3414 predicti
1057 3325 1227 3397 Ambrosii

101 3441 301 3526 pertinebant
327 3461 407 3523 quas
432 3439 579 3504 dominus
605 3459 661 3503 rex
691 3437 793 3502 eidem
819 3437 976 3521 magistro
1001 3435 1140 3505 Nicolao
1165 3461 1225 3524 pro

101 3549 243 3616 fidelibus
261 3548 403 3614 serviciis
419 3547 485 3612 suis
502 3545 680 3612 donaverat
693 3552 726 3611 et
736 3551 996 3629 perpetuaverat,
1005 3567 1064 3629 pro
1075 3567 1112 3613 00
1123 3547 1226 3613 eciam

103 3659 185 3741 quod
198 3658 282 3723 idem
298 3656 454 3738 magister
469 3653 628 3720 Nicolaus
644 3676 703 3738 pro
719 3653 876 3739 predictis
895 3655 1149 3738 possessionibus
1169 3656 1225 3720 tri·

101 3767 189 3850 ginta
203 3785 329 3832 marcas
344 3763 501 3848 persolvit
525 3763 609 3829 sicut
624 3763 658 3828 in
680 3763 800 3829 litteris
824 3762 945 3828 nostris
970 3761 1107 3827 vidimus
1124 3763 1225 3829 conti·

103 3876 178 3956 neri,
187 3874 209 3940 J
211 3874 331 3940 ohanni
347 3871 512 3938 antedicto
522 3871 582 3936 sub
599 3871 785 3937 testimonio
800 3871 939 3956 predicti
957 3871 1035 3936 socii
1044 3876 1077 3937 01
1086 3870 1225 3938 bominis

101 3985 199 4049 nostri
235 4003 346 4050 coram
386 3980 503 4046 00111110
541 3979 642 4045 Ρο11·0
683 3977 784 4046 Kaba
818 3979 904 4046 dicto
943 3979 1072 4046 homine
1103 3978 1241 4045 domini

101 4091 182 4176 regis
217 4089 422 4176 presentibus
460 4089 680 4154 conmetaneis
711 4095 744 4153 et
773 4087 886 4152 vicinis
920 4088 1079 4171 simulque
1110 4109 1225 4155 convo-

101 4199 180 4264 cat-is
205 4199 355 4264 videlicet
388 4195 541 4264 Johanne
574 4195 642 4262 filio
676 4196 803 4262 comitis
832 4195 925 4261 Petri
949 4195 989 4261 de
1012 4194 1126 4280 Kubli,
1152 4193 1224 4262 Ste-

100 4307 202 4390 phano
215 4307 281 4374 filio
298 4304 467 4388 (1011110111,
477 4305 659 4371 Laurencio
669 4303 737 4370 filio
747 4303 840 4386 Iucu,
852 4303 1005 4371 dohanne
1020 4301 1224 4389 [1110111001-

101 4415 148 4497 sii,
177 4417 236 4482 alio
266 4413 419 4480 Johanne
449 4412 516 4480 filio
544 4413 642 4480 Pauli
667 4420 701 4479 et
726 4413 798 4480 aliis
824 4411 996 4496 nobilibus,
1011 4433 1071 4495 per
1098 4418 1223 4478 veteres

101 4531 200 4589 suetas
230 4523 332 4588 eidem
366 4523 521 4606 magistro
564 4521 703 4589 Nicolao
739 4520 877 4586 Treutul
910 4520 998 4586 dicto
1032 4519 1175 4586 dedisset
1191 4570 1221 4586 ..

100 4633 170 4700 iure
199 4637 351 4722 perpetuo
377 4680 384 4696 .
411 4681 417 4697 .
448 4629 660 4720 possidendas
686 4679 726 4698 ..
758 4627 880 4699 Cursus
921 4633 1030 4696 autem
1061 4635 1221 4700 metarum
