3130 5470
488 499 583 561 1330.
603 517 698 561 rnna.
718 501 767 560 14.
1137 502 1201 562 461

61 673 193 739 cionem
227 675 369 740 eiusdem
401 675 531 739 termini
562 696 621 759 per
651 682 779 760 patrem
811 697 904 742 snum
939 677 1141 760 assignatum
1173 679 1205 742 in

55 781 172 847 eodem
200 788 293 848 statu
308 781 502 848 observaret.
527 781 652 854 Datum
677 784 711 848 in
727 784 854 868 Wysul
880 785 913 848 in
930 782 1101 866 quindenis
1117 784 1197 867 Epi-

59 889 183 972 phanie
202 890 334 974 domini,
367 913 451 956 anno
468 892 612 957 eiusdem
628 891 750 956 domini
768 893 942 958 Millesimo
967 894 1196 958 trecentesimo

58 999 238 1063 tricesima

169 1162 305 1212 zar-laten
319 1161 410 1227 pecsdt
423 1164 600 1228 nyomaiva13
615 1165 745 1230 eredetije
758 1180 775 1214 a
788 1166 819 1216 N.
833 1166 1026 1228 aneumban‚
1040 1180 1057 1214 a
1070 1165 1194 1228 Hamvay

59 1268 97 1302 cs.
111 1253 191 1302 lbsn.

556 1401 713 1413 ——ss-..u

597 1654 672 1715 403.

66 1815 166 1877 1330.
176 1813 267 1900 febr.
286 1813 337 1875 14.
355 1810 384 1876 A
400 1815 495 1898 pydra'
505 1815 664 1900 kdptalan
676 1815 747 1878 eldtt
763 1839 801 1880 az
821 1815 878 1880 Osl
894 1816 1117 1901 nemszeae‘qtot
1127 1817 1206 1882 eald
1243 1899 1245 1901 Ι

67 1921 243 2003 Her-dordfi
271 1919 385 1982 Istvda
410 1945 431 1985 a
456 1921 599 1986 Drriedn
625 1922 672 1986 tat
700 1921 797 2005 feked
827 1925 977 1988 naseinai
1003 1924 1144 1988 tirtokcir
1168 1949 1205 1988 aa

66 2050 268 2113 etqyanazon
285 2027 509 2113 nemzetsc'pbdt
524 2029 600 2092 eald
616 2031 702 2093 Intra
710 2029 829 2112 fidnak
847 2031 1044 2095 Ldrincanet·
1078 2027 1118 2113 (a
1135 2032 1202 2094 Ka-

273 2137 424 2200 nizsnicrlc
442 2134 571 2221 fraenet)
588 2137 764 2218 e'sflainak
781 2137 1012 2222 elzdloqositja.

178 2295 252 2363 Nos
262 2297 442 2382 capitulum
457 2294 641 2360 Jauriensis
657 2296 790 2361 ecclesis
801 2346 808 2361 .
819 2346 826 2361 .
837 2295 1054 2380 significamus
1072 2349 1078 2363 .
1096 2347 1102 2364 .
1120 2298 1207 2382 quod

68 2403 261 2488 Stephanus
292 2404 380 2470 filius
396 2403 564 2470 Herbordi
580 2403 620 2469 de
636 2425 754 2486 genere
770 2403 830 2470 Osl
855 2427 915 2488 pro
941 2427 975 2470 se
1001 2413 1034 2470 et
1050 2404 1075 2470 J
1077 2407 1204 2471 ohanne

73 2511 141 2578 filio
160 2515 226 2578 suo'
239 2513 281 2578 ab
298 2535 363 2578 una
379 2517 481 2597 parte,
497 2514 652 2596 magister
668 2511 870 2578 laurencius
895 2512 982 2578 filius
1007 2513 1143 2579 Emirici
1167 2514 1207 2579 de

78 2621 198 2686 eadem
228 2621 440 2706 generatione
471 2621 620 2687 similiter
650 2643 709 2706 pro
740 2642 774 2686 se
805 2627 838 2686 et
868 2643 927 2706 pro
959 2619 1125 2706 Stephano
1149 2621 1208 2688 Jo-

68 2728 180 2794 hanne
212 2729 345 2794 Leukus
376 2735 408 2794 et
439 2731 512 2795 aliis
537 2728 613 2794 filiis
630 2731 695 2794 suis
721 2751 760 2794 ex
775 2731 882 2794 altera
898 2751 1007 2796 coram
1023 2731 1115 2816 nobis
1131 2753 1202 2816 per-

70 2837 232 2902 sonaliter
247 2838 426 2920 oonstituti,
443 2837 626 2902 antedictus
643 2833 828 2921 Stephanus
844 2837 1053 2904 medietatem
1069 2839 1205 2905 totalem

70 2943 243 3010 cuiusdam
259 2945 468 3027 possessionis
499 2967 555 3010 sue
570 2946 659 3011 ultra
675 2943 807 3010 fluvium
822 2943 939 3011 Draus
955 2948 1123 3012 existentis
1139 2970 1203 3012 uno

69 3053 204 3118 nomine
219 3052 455 3136 Herborthyka
471 3053 536 3144 alio
552 3075 628 3119 vero
643 3055 779 3120 nomine
795 3053 922 3119 Rezene
948 3059 1061 3120 veeste
1076 3056 1110 3118 in
1136 3077 1201 3140 qua

71 3161 206 3244 quidem
238 3163 438 3246 possessione
469 3163 604 3228 ecelesia
620 3159 774 3228 Omnium
805 3160 1002 3228 Sanctorum
1018 3169 1051 3228 et
1067 3163 1204 3230 ecclesia

68 3269 161 3334 beati
188 3269 351 3335 Johannis
377 3271 528 3356 Baptista
554 3277 631 3338 sunt
656 3275 842 3338 constructe
859 3321 865 3336 .
882 3321 889 3336 .
907 3293 979 3337 oum
1005 3272 1205 3338 utilitatibus

70 3379 232 3442 universis
248 3428 255 3442 .
271 3429 278 3443 .
296 3401 316 3442 a
341 3378 423 3444 sesto
439 3377 686 3444 Purificaoionis
701 3379 796 3444 beate
813 3377 960 3462 Virginis
976 3380 1042 3444 iam
1058 3380 1204 3463 proxime

70 3488 234 3569 preterito
245 3508 347 3572 usque
360 3487 403 3552 ad
414 3487 572 3552 decimam
585 3487 758 3552 annualem
769 3487 1006 3552 revolricionem
1022 3489 1123 3570 ipsius
1133 3488 1208 3554 sesti

75 3616 136 3678 pro
154 3595 396 3678 quinquaginta
427 3597 543 3662 marcis
561 3596 775 3684 denariorum
800 3596 943 3660 latorum
968 3598 1207 3680 upennensium

73 3753 100 3768 ..
117 3703 251 3787 pignori
268 3702 424 3786 obligavit
440 3705 596 3788 magistro
612 3705 796 3770 Laureneio
814 3711 847 3769 et
871 3703 946 3769 filiis
972 3705 1039 3769 suis
1056 3753 1062 3768 .
1079 3752 1086 3768 .
1105 3725 1142 3769 eo
1159 3707 1203 3770 vi·

74 3811 197 3877 delicet
211 3811 308 3877 modo
334 3811 423 3895 quod
437 3833 539 3896 usque
555 3812 599 3878 ad
623 3812 759 3878 eandem
784 3812 1023 3878 revoluoionem
1049 3796 1208 3876 decimam

74 3920 215 3986 eandem
231 3921 436 3987 medietatem
467 3921 674 4006 possessionis
698 3921 896 4005 prescriptos
922 3919 1108 4003 Stephanus
1125 3921 1207 3986 redi·

74 4051 164 4096 mere
181 4051 248 4096 non
264 4031 394 4114 valebit,
411 4031 520 4114 elapso
538 4036 647 4096 autem
670 4031 808 4095 termino
826 4079 833 4094 .
850 4079 857 4094 .
874 4028 1131 4112 quandocunque
1147 4029 1209 4110 ipsi

73 4137 244 4224 Stephano
270 4139 320 4203 vel
338 4139 404 4204 suis
436 4139 632 4204 heredibus.
650 4138 813 4204 ,facultas
838 4141 990 4221 suppetet
1017 4136 1142 4201 salvum
1157 4137 1207 4200 ius

73 4267 133 4330 pro
168 4247 284 4313 eadem
314 4269 439 4313 summa
464 4297 495 4312 ..
520 4247 688 4312 habebunt
712 4245 891 4312 redimendi
922 4247 990 4312 sine
1022 4244 1207 4327 gravamine
1283 4263 1290 4280 ⁴

74 4354 202 4438 duppli,
218 4361 368 4438 preterea
384 4354 570 4420 ordinatum
587 4357 719 4420 extitit.
735 4404 742 4420 .
760 4354 848 4437 quod
863 4354 1031 4419 universas
1046 4352 1208 4418 utilitates

75 4466 296 4544 proventuum
322 4483 378 4527 seu
410 4459 575 4526 fructuum
600 4461 819 4545 quorumlibet
844 4459 971 4544 prefate
996 4458 1207 4542 possessionis

73 4569 312 4654 Herborthyka
328 4591 430 4654 usque
440 4569 790 4654 tempusredemcionis
800 4569 833 4634 in
844 4568 924 4634 duas
940 4567 1087 4632 divident
1097 4565 1208 4632 eedem

73 4685 189 4762 partes
208 4678 339 4760 equales
370 4679 549 4762 porciones,
565 4699 631 4742 una
657 4677 743 4762 apud
758 4675 922 4762 prefatum
948 4674 1151 4764 Stephanum
1175 4660 1209 4744 et
