3172 5462
328 421 390 485 176
683 429 870 482 nnrocrtonr
886 413 1103 479 cnulnrrin.

325 603 413 666 xime
428 606 504 664 ante
520 597 637 664 festum
663 595 877 662 conversionis
893 594 980 658 beati
1003 593 1102 658 Pauli
1126 593 1272 675 apostoli,
1297 613 1384 656 anno
1402 589 1461 656 ‹lo-

327 708 405 772 mini
421 706 475 771 Μο
491 703 591 772 0000
607 704 699 769 XX⁰
715 704 838 788 quinto.

433 869 563 920 Zerlatstn
577 869 668 933 pecset
689 865 1018 932 nyomniva15eredetije
1039 880 1071 914 az
1095 879 1164 914 orsz.
1187 863 1242 912 lter
1264 863 1364 912 lineet.
1388 867 1461 912 oszt.

325 961 359 1013 N.
372 963 405 1012 rt.
421 961 453 1011 A.
471 964 545 1011 1535.
561 965 585 1010 4.
599 961 664 1023 dipl.
678 959 749 1009 ltdr:
764 961 842 1008 2283.
858 957 939 1007 Kczli
951 974 956 1006 :
970 957 1050 1020 Nagy
1064 955 1162 1018 Gynla.

810 1139 968 1149 -.----——

858 1375 930 1437 159.

329 1541 424 1604 1325.
457 1539 613 1624 Viseprc'ct
629 1542 704 1624 jan.
730 1537 782 1600 25.
808 1535 930 1601 chslet
961 1535 1093 1600 Sdndor
1124 1534 1320 1619 orszdpbiro',
1338 1533 1466 1599 Miletos

326 1649 486 1734 ctyjdnolc
511 1647 719 1710 Benedelcnek
736 1645 904 1710 elneoezc'ac
923 1644 1014 1707 irctot
1032 1667 1053 1706 u
1066 1645 1219 1729 pozeepai
1234 1643 1398 1728 kdptalan
1417 1649 1466 1706 pp.

684 1758 750 1838 jein
766 1752 958 1837 cizspe‘lctct
976 1752 1093 1816 rendcl.

436 1912 588 1998 Capitulo
605 1913 645 1978 de
660 1913 791 1996 Poscga
801 1934 907 1978 comes
924 1909 1115 1978 Alexander
1130 1911 1228 1978 iudex
1238 1913 1326 1978 curie
1338 1911 1468 1976 domini

327 2021 435 2104 regis.
453 2071 460 2086 .
477 2021 688 2103 declaramus,
705 2019 883 2104 quodcum
898 2018 1153 2085 Nicolausfilius
1172 2019 1347 2086 Benedicti
1363 2041 1469 2103 quem

327 2129 484 2212 magister
498 2125 650 2194 Andreas
666 2128 795 2193 nomine
811 2127 869 2194 filii
886 2127 1057 2193 Benedicti
1073 2129 1113 2194 de
1129 2127 1219 2212 Sagh
1239 2127 1354 2194 ordine
1379 2127 1469 2192 iudi·

329 2235 428 2300 ciario
444 2235 479 2301 in
494 2237 658 2301 sentencia
684 2237 816 2319 capitali
833 2240 866 2302 et
881 2237 1054 2304 amissione
1074 2237 1217 2302 omnium
1237 2257 1370 2302 suerum
1390 2259 1469 2321 pos-

329 2343 506 2408 sessionum
523 2343 713 2428 convicerat,
729 2343 763 2409 in
778 2343 844 2409 suis
862 2343 1172 2429 conprovincialibus
1188 2365 1221 2409 se
1238 2343 1342 2408 filium
1357 2343 1470 2408 Bene-

330 2451 409 2517 dicti
424 2473 489 2517 non
505 2450 544 2516 de
561 2449 791 2535 Saaghvocari
810 2453 867 2519 sed
883 2455 1013 2520 nomine
1032 2453 1092 2518 filii
1110 2453 1282 2518 Benedicti
1298 2451 1339 2518 de
1356 2451 1471 2537 Zuey-

329 2557 414 2626 boch
439 2560 620 2644 nuncupari
638 2565 670 2624 et
687 2561 826 2626 eundem
841 2561 1057 2628 Benedictum
1075 2567 1202 2646 patrem
1218 2583 1310 2626 suum
1329 2583 1399 2626 non
1428 2563 1471 2626 de

331 2664 421 2749 Sagb
437 2666 492 2732 sed
508 2666 548 2732 de
572 2666 750 2752 Zueybocb
774 2670 935 2735 nominari
959 2669 1142 2753 allegasset,
1154 2667 1187 2754 *)
1218 2669 1472 2752 prenominatus

330 2796 405 2840 vero
422 2777 575 2859 magister
590 2773 742 2843 Andreas
762 2777 977 2843 Benedictum
996 2784 1124 2862 patrem
1150 2777 1229 2842 dicti
1254 2775 1387 2842 Nicoloi
1410 2800 1472 2842 sue

332 2886 429 2950 etatis
444 2889 589 2969 ternpore
605 2907 732 2970 semper
748 2887 787 2952 de
801 2885 911 2970 Seagh
928 2893 961 2952 et
977 2909 1042 2952 non
1058 2887 1097 2952 de
1108 2885 1285 2971 Zueyboch
1301 2887 1473 2969 appellari

332 2993 443 3060 esuis
474 2993 786 3077 conprovincialibus
811 3001 843 3058 et
868 2995 941 3060 aliis
960 2993 1163 3078 affirmasset,
1188 3014 1312 3077 nosque
1337 2993 1380 3058 ad
1410 2993 1474 3058 bu-

332 3099 472 3167 iusmcdi
503 3103 738 3185 segregacionis
769 3101 860 3168 dubii
893 3102 1075 3168 uberiorem
1110 3103 1273 3168 cautelam
1297 3101 1474 3167 bominem

333 3207 455 3276 domini
480 3209 583 3274 nostri
599 3211 682 3292 regis
698 3209 757 3275 sub
773 3217 879 3276 vestro
896 3211 1082 3276 testimonio
1102 3211 1337 3276 decreverimus
1359 3215 1474 3276 trans-

333 3316 528 3382 mittendum
554 3340 595 3382 ne
612 3318 710 3383 elicui
730 3320 875 3403 parcium
891 3341 949 3404 per
964 3320 1168 3386 iudiciariam
1187 3319 1385 3384 sentenciam
1415 3319 1478 3384 de-

333 3431 476 3509 rogetur,
507 3426 686 3492 amiciciam
715 3433 856 3492 vestram
880 3427 1084 3512 presentibus
1108 3428 1303 3512 requirimus
1329 3425 1480 3511 diligen-

334 3540 393 3617 ter,
417 3539 576 3618 quatenus
610 3556 748 3600 unacum
781 3535 845 3619 Fyl
869 3535 937 3602 filio
963 3536 1051 3620 Byze
1083 3536 1134 3600 vel
1165 3537 1193 3600 si
1223 3537 1292 3619 ipse
1324 3533 1479 3602 defuerit

334 3641 519 3708 Laurencio
536 3641 602 3708 filio
619 3644 687 3710 Bor
702 3643 831 3710 homine
849 3644 969 3709 domini
987 3645 1089 3710 nostri
1106 3645 1192 3728 regis
1207 3649 1351 3708 vestrum
1365 3643 1481 3710 borni-

335 3771 407 3816 ncm
424 3773 482 3835 pro
499 3753 682 3816 testimonio
702 3751 907 3837 fidedignum'
920 3753 1159 3835 transmittatis,
1177 3752 1233 3835 qui
1249 3752 1355 3817 sciant
1371 3757 1409 3815 et
1426 3753 1481 3818 in-

337 3861 470 3944 quirant
501 3865 609 3924 utrum
635 3859 780 3944 pressius
816 3861 1015 3926 Benedictus
1040 3867 1135 3944 peter
1161 3859 1241 3924 dicti
1265 3857 1397 3924 Nicolai
1434 3860 1480 3926 de

337 3966 426 4052 Sagh
442 3967 624 4051 appelletur
641 3969 698 4033 aut
715 3967 914 4034 Benedictus
930 3969 969 4033 de
981 3967 1156 4052 Zucybocb
1172 3989 1231 4052 per
1247 3989 1321 4034 suos
1331 3988 1480 4052 conpro-

336 4075 488 4140 vinciales
504 4075 694 4141 nominetur.
714 4075 839 4140 Datum
855 4076 890 4138 in
905 4075 1075 4158 Visegrad,
1092 4076 1125 4139 in
1141 4073 1223 4140 festo
1250 4078 1479 4145 conversionis

336 4179 424 4248 boati
441 4181 538 4248 Pauli
554 4184 703 4267 apostoli,
715 4205 800 4250 anno
817 4183 939 4250 domini
957 4183 1010 4248 Μ0
1022 4181 1122 4249 0000
1133 4181 1226 4248 XX⁰
1242 4185 1367 4269 quinto.

445 4400 470 4462 *)
485 4384 605 4451 li'rdelres
619 4400 768 4462 adatarra,
792 4402 868 4468 hogy
881 4418 912 4452 az
936 4417 1018 4468 egyes
1041 4401 1219 4468 csaltdtagolv
1242 4403 1304 4454 mer
1326 4403 1418 4454 ebben
1443 4419 1480 4457 az

340 4486 443 4540 iddben
456 4489 626 4556 labdhelyilk
640 4492 706 4541 ulan
720 4493 836 4556 uperttk
850 4493 1066 4545 elnevezsstket.
1323 4493 1419 4544 Bzerk.
