3240 5460
611 416 707 478 1322.
724 433 825 478 usur.
843 417 895 478 21.

726 800 762 872 ’7.

187 977 283 1040 1322.
299 986 393 1040 mart.
409 976 460 1039 21.
479 973 505 1038 I.
526 973 652 1060 Kdroly
670 973 780 1058 ttrdlp
797 972 890 1036 Pera·
904 972 1026 1054 fiducie
1044 972 1220 1052 Jakaoaak
1245 977 1315 1060 oe‘p-

182 1083 350 1149 rcndelcte‘t
365 1082 496 1147 Roziuc
512 1085 544 1148 e's
562 1081 711 1145 Zablotic
732 1080 939 1161 birtokob'ro'l,
963 1080 1072 1146 Orbcia
1087 1081 1140 1167 flu
1166 1079 1315 1170 Gydrfds

582 1193 702 1255 re'szere
727 1189 914 1276 meyerdsiti.

289 1349 436 1418 Karolus
452 1401 459 1417 .
476 1401 483 1416 .
499 1372 557 1417 rex
573 1401 579 1416 .
597 1401 604 1416 .
620 1350 664 1416 ad
678 1351 899 1416 universorum
915 1351 1068 1416 noticiam
1093 1349 1209 1416 harum
1234 1352 1315 1416 serie

180 1463 328 1530 volumus
343 1461 518 1545 pervenire,
535 1461 621 1543 quod
649 1481 722 1524 cum
747 1481 887 1525 unacum
913 1459 1108 1544 quibusdam
1133 1459 1266 1544 prelatis
1282 1465 1316 1524 et

179 1573 274 1656 regni
298 1571 402 1636 nostri
416 1569 592 1636 baronibus
607 1571 641 1636 in
659 1568 864 1635 Themeswar
880 1590 1019 1635 essemus
1038 1566 1214 1634 Gervasius
1229 1567 1315 1634 filius

179 1677 349 1744 Wrbanus
364 1678 470 1746 fidelis
486 1685 598 1745 noster
614 1678 657 1744 ad
672 1684 818 1744 nostram
834 1679 991 1745 accedens
1010 1678 1210 1762 presenciam
1228 1677 1314 1742 exbi-

178 1789 252 1855 buit
276 1788 368 1854 nobis
392 1789 521 1854 litteras
545 1787 703 1871 quasdam
728 1789 971 1854 testamentales
996 1809 1053 1854 seu
1082 1791 1315 1854 testamentum

178 1897 205 1964 J
207 1899 301 1965 acobi
315 1897 376 1963 filii
390 1896 484 1963 Petri
501 1899 721 1963 continentem
739 1895 830 1985 (igy),
856 1919 937 1983 quas
962 1919 1036 1964 cum
1060 1897 1179 1980 aperiri
1196 1900 1228 1962 et
1243 1917 1314 1981 per-

178 2009 246 2092 legi
260 2006 445 2073 fecissemus
462 2009 674 2092 comperimus
693 2009 727 2072 in
753 2007 873 2072 eisdem
898 2006 985 2090 quod
1011 2005 1168 2091 quasdam
1192 2027 1314 2090 posses·

179 2117 286 2182 sioues
300 2114 456 2200 Razanya
472 2120 504 2181 et
520 2115 674 2183 Zablatia
689 2121 819 2182 vocatas
833 2115 920 2182 idem
947 2113 972 2181 J
973 2114 1092 2181 acobus
1117 2114 1255 2180 existens
1280 2116 1315 2182 in

179 2225 245 2290 suis
261 2225 412 2290 extremis
428 2245 556 2308 compos
574 2230 685 2290 tamen
700 2245 755 2290 sue
780 2225 896 2290 mentis
912 2224 953 2290 ob
968 2224 1112 2290 favorem
1127 2223 1314 2307 proximita-

179 2335 222 2398 tis
237 2333 352 2398 ultime
377 2333 462 2398 vocis
490 2333 624 2416 eulogio
640 2333 745 2398 eidem
769 2335 910 2418 legasset
935 2339 968 2398 et
993 2334 1096 2398 eciam
1120 2333 1313 2416 reliquisset,

177 2441 266 2507 idem
281 2437 457 2508 Gersasius
472 2445 586 2524 petens
602 2462 660 2506 nos
675 2439 789 2509 humili
815 2464 887 2508 cum
911 2442 1071 2507 instancia
1087 2446 1125 2505 ut
1140 2442 1226 2524 ipsas
1242 2461 1313 2523 pos·

178 2550 336 2614 sessiones
352 2549 478 2633 legatas
494 2553 607 2614 nostra
623 2551 819 2616 auctoritate
835 2547 998 2616 ratificare
1018 2554 1051 2614 et
1076 2547 1257 2632 approbare
1273 2569 1313 2612 ac

178 2657 395 2742 approbatam
411 2655 495 2744 (igy)
521 2656 711 2724 confirmare
736 2659 953 2743 dignaremur.
978 2656 1048 2724 Nos
1073 2657 1174 2742 igitur
1200 2657 1313 2740 quiex

178 2765 284 2833 officio
301 2768 440 2850 suscepti
455 2767 619 2850 regiminis
635 2768 738 2833 nostri
752 2788 1013 2852 unumquemque
1029 2767 1063 2832 in
1079 2787 1136 2832 suo
1152 2767 1221 2832 iure
1238 2785 1312 2830 con·

176 2896 306 2941 servare
323 2881 356 2941 et
372 2897 482 2942 eorum
498 2876 672 2943 commodis
688 2899 727 2943 ac
742 2876 940 2961 profectibus
964 2876 1134 2960 invigilare
1150 2873 1311 2956 debemus,

177 2985 384 3051 attendentes
400 2985 487 3069 quod
502 2986 652 3052 voluntas
668 2987 847 3052 testatoriis
863 2982 945 3072 (tgy)
956 2985 1142 3050 execuoioni
1158 2987 1206 3048 est
1221 3002 1311 3048 mau-

178 3091 295 3176 dauda,
311 3094 401 3177 pium
418 3095 520 3160 eciam
545 3101 595 3161 est
620 3101 652 3160 et
676 3094 854 3162 humanum
878 3101 915 3160 ut
940 3093 1027 3178 quod
1052 3094 1086 3158 in
1110 3093 1178 3158 vita
1203 3093 1312 3177 agitur

177 3201 406 3284 superstitibus
422 3201 572 3286 proficiat
587 3203 630 3270 ad
645 3204 808 3270 iusticiam
824 3207 857 3267 et
873 3201 1034 3268 defunctis
1049 3201 1092 3266 ad
1107 3199 1255 3284 salutem,
1268 3201 1311 3265 ad

175 3311 283 3376 instar
298 3311 568 3379 consideracionis
584 3312 675 3380 ducti
700 3312 882 3380 huiusmodi
907 3333 1047 3377 unacum
1072 3309 1311 3376 venerabilibus

175 3417 326 3502 patribus
343 3416 481 3486 domino‘
492 3419 660 3506 Stephano
677 3421 948 3506 wesprimiensis,
965 3421 1038 3487 aule
1055 3420 1183 3486 domine
1199 3419 1310 3502 regine

177 3529 336 3593 consortis
361 3535 470 3596 nostre
496 3533 659 3597 carissime
685 3533 878 3598 cancellario
905 3535 938 3597 et
962 3528 1100 3596 Nicolao
1125 3526 1150 3593 J
1153 3529 1309 3594 auriensis

175 3635 386 3702 ecclesiarum
411 3640 567 3724 episcopis
594 3646 626 3706 et
642 3639 821 3726 magnificis
846 3641 922 3706 viris
947 3639 1038 3705 Dosa
1062 3637 1217 3722 palatino,
1242 3635 1308 3701 De-

174 3745 294 3810 metrio
324 3748 481 3830 magistro
512 3749 752 3816 tavernicorum
776 3755 969 3832 nostrorum,
1000 3747 1178 3830 Lamperto
1202 3743 1309 3810 iudice

174 3855 266 3921 curie
275 3861 385 3920 nostre
395 3860 428 3921 et
438 3857 510 3922 aliis
520 3858 613 3940 regni
622 3859 724 3922 nostri
733 3856 920 3942 proceribus
930 3857 1035 3939 regios
1045 3853 1183 3920 honores
1199 3859 1308 3918 tenen-

173 3963 264 4030 tibus
280 3970 314 4029 et
329 3964 532 4050 habentibus,
544 3987 583 4032 ex
599 3969 680 4032 serie
690 3967 830 4051 predicti
845 3967 1033 4032 testamenti
1048 3963 1245 4030 sufficienter
1260 3963 1308 4026 in·

173 4073 302 4157 structi,
318 4073 460 4140 volentes
475 4079 513 4140 ut
529 4077 715 4141 testamenti
732 4076 853 4141 conditi
868 4073 927 4140 fiat
943 4074 1101 4156 exacuam,
1125 4072 1308 4155 predictum

172 4186 407 4247 testamentum
423 4189 456 4248 et
480 4183 679 4266 legacionem
703 4184 854 4250 villarum
878 4183 1097 4267 predictarum
1122 4179 1209 4245 dioto
1225 4175 1306 4245 Ger-

171 4290 263 4355 vasio
277 4289 399 4356 factam
415 4295 522 4356 ratam
537 4291 694 4360 habentes
710 4293 934 4360 confirmamus
959 4297 992 4357 et
1016 4290 1142 4356 iusticie
1167 4289 1306 4354 tenendo

171 4401 341 4467 tramitem
358 4422 430 4467 cum
446 4401 594 4468 omnibus
610 4405 675 4468 suis
691 4403 890 4470 utilitatibus
910 4407 943 4466 et
958 4401 1165 4485 pertinenciis
1181 4399 1306 4464 uuiver-

171 4512 217 4578 sis
233 4511 293 4577 sub
309 4511 429 4577 eisdem
444 4513 538 4578 metis
557 4517 590 4578 et
614 4514 759 4579 terminis
785 4512 889 4579 eidem
913 4508 1070 4578 Gervasio
1096 4508 1214 4595 quibus
1237 4509 1306 4592 ipse

170 4619 198 4688 J
200 4619 321 4688 acobus
337 4621 443 4692 tenuit
458 4626 492 4686 et
514 4621 657 4712 possedit
680 4623 714 4688 in
738 4621 821 4694 filios
845 4621 985 4690 filiorum
1010 4625 1043 4688 st
1067 4618 1223 4687 heredum
1248 4637 1306 4706 per
