3132 5470
556 495 649 558 1328.
666 511 761 556 enen.
780 493 808 556 5.
1177 501 1240 562 345

106 693 177 739 nem
195 677 245 738 est
261 672 353 738 nobis
369 673 557 737 restitutum
574 693 670 756 super
686 673 835 738 omnibus
850 675 976 742 iniuriis
993 676 1119 744 damnis
1136 701 1234 744 nocu-

107 785 226 848 mentis
235 782 394 848 incendiis
405 782 555 847 villarum
566 781 843 848 destruccionibus
854 784 1115 852 desolacionibus
1127 788 1239 871 spoliis

109 891 392 962 combusoionibus
408 892 474 958 sive
490 890 768 957 confractionibus
779 893 990 960 ecelesiarum
1016 900 1050 960 et
1066 885 1239 962 domorum

107 1023 216 1066 rerum
233 1001 457 1067 oblacionibus
472 1001 638 1066 bominum
666 1001 836 1085 utriusque
853 1025 948 1068 sexus
965 1003 1239 1070 denudacionibus

107 1108 389 1175 vulneracionibus
405 1108 688 1175 interfectionibus
714 1110 988 1178 dimembracionil
1005 1136 1042 1178 us
1066 1133 1122 1178 seu
1137 1114 1238 1178 homi-

111 1219 204 1284 cidiis
221 1227 256 1284 et
283 1219 400 1284 saltem
426 1224 561 1302 excepta
587 1220 824 1302 possessionum
850 1222 1066 1304 occupacione
1095 1223 1241 1306 generali

107 1348 222 1392 vocum
238 1327 425 1411 prolecione
443 1347 540 1410 super
556 1331 746 1394 cunctorum
772 1329 933 1394 malornm
962 1329 1240 1396 commissionibus

107 1457 162 1519 per
181 1435 307 1501 dictum
321 1435 438 1501 Laehk
454 1435 700 1519 quibuscunque
716 1440 785 1500 tam
811 1437 974 1502 nobilibus
1000 1459 1099 1520 quam
1115 1438 1240 1521 ignobi-

108 1545 196 1610 libus
212 1550 246 1609 et
263 1545 401 1612 cuiusvis
417 1551 521 1610 status
537 1545 722 1611 hominibus
737 1567 840 1629 usque
856 1546 952 1612 modo
984 1546 1070 1612 datis
1096 1547 1191 1613 factis
1209 1555 1242 1615 et

109 1655 210 1719 illatis
228 1655 268 1718 de
285 1657 395 1737 gracia
412 1655 544 1738 speciali
561 1654 791 1720 indulserimus
806 1678 864 1739 per
880 1659 968 1740 regie
985 1659 1158 1741 potestatis
1174 1661 1240 1744 ple-

110 1762 293 1828 nitudinem
307 1763 479 1828 reddentes
495 1764 601 1846 ipsum
618 1763 657 1829 de
674 1766 836 1848 premissis
862 1767 991 1850 penitus
1009 1773 1042 1832 et
1059 1771 1241 1850 peremnia

109 1871 299 1955 expeditum
315 1872 350 1936 in
366 1869 448 1936 filios
464 1870 606 1937 filiorum
623 1874 691 1938 eius
708 1879 740 1938 et
756 1874 909 1955 heredes;
934 1876 1047 1958 itaque
1063 1876 1153 1941 vobis
1171 1878 1241 1941 uni-

110 1982 209 2045 vorsis
226 1981 434 2063 magnatibus
451 1987 484 2046 et
499 1981 661 2048 iudicibus
692 1983 784 2066 regni
801 1985 904 2048 nostri
920 1983 1070 2049 videlicet
1095 1986 1241 2068 palatino

110 2088 194 2154 bano
212 2091 319 2154 tocius
344 2087 515 2155 Solaronie
533 2091 666 2156 voivode
683 2091 916 2158 Transsilvano
932 2093 1032 2158 iudici
1058 2095 1146 2158 curie
1171 2117 1243 2159 nos·

109 2203 158 2261 tro
176 2197 352 2263 comitibus
368 2197 609 2280 parochialibus
625 2204 659 2264 et
674 2200 837 2266 iudicibus
847 2201 1004 2266 nobilium
1023 2203 1243 2284 quorumlibet

110 2311 326 2373 comitatuum
343 2330 382 2372 ac
397 2309 469 2372 aliis
488 2308 653 2390 quibusvis
669 2309 854 2374 iusticiariis
880 2311 970 2392 regni
988 2311 1091 2375 nostri
1107 2316 1243 2374 vestras·

111 2439 171 2498 que
188 2417 276 2480 vices
293 2416 481 2498 gerentibus
497 2417 684 2482 constitutis
701 2438 760 2500 pro
777 2423 924 2501 tempore
950 2422 983 2481 et
1008 2415 1243 2482 constituendis

112 2546 309 2609 quocunque
325 2525 455 2590 nomine
472 2531 669 2590 censeantur
686 2525 803 2608 quibus
834 2531 1001 2610 presentes
1028 2523 1245 2590 ostenduntur

111 2635 199 2717 regio
218 2632 328 2698 edicto
344 2635 543 2699 sanccientes
560 2632 697 2698 firmiter
707 2635 902 2718 precipimus
918 2655 977 2718 per
987 2637 1152 2716 presentes
1163 2653 1242 2716 qua·

112 2749 207 2808 tenus
240 2741 421 2825 predictum
447 2741 563 2807 Lachk
590 2749 623 2808 et
648 2765 723 2808 suos
748 2742 883 2807 heredes
908 2763 1006 2826 super
1021 2741 1242 2806 huiuscemodi

111 2852 206 2916 malis
225 2857 341 2916 contra
357 2851 527 2934 quospiam
543 2851 689 2917 iudicare
721 2873 777 2916 seu
792 2852 966 2916 molestare
991 2851 1082 2916 nullo
1099 2873 1243 2934 unquam

112 2967 261 3044 tempore
279 2959 427 3024 audeatis
438 2964 472 3024 et
487 2961 514 3024 si
525 2960 598 3042 quie
609 2981 701 3025 secus
716 2959 831 3025 fecerit
846 2961 969 3043 regiam
986 2958 1243 3039 indignacionem

111 3091 144 3132 se
161 3069 292 3134 noverit
308 3069 451 3150 graviter
467 3069 680 3152 incursurum,
698 3091 755 3133 nos
781 3068 911 3152 quidem
937 3067 1086 3150 deinceps
1113 3089 1239 3132 cassum

111 3200 233 3243 sarnum
251 3183 283 3241 et
299 3179 395 3242 inane
411 3176 482 3242 lore
497 3176 698 3242 decernimus
729 3178 756 3240 si
773 3199 831 3260 per
848 3177 1033 3268 quempiam
1050 3180 1164 3240 contra
1180 3175 1244 3240 sor-

108 3309 196 3350 mam
213 3285 301 3350 dicte
318 3285 425 3369 gracie
442 3291 553 3349 nostre
568 3284 667 3349 fuerit
684 3284 808 3368 aliquid
834 3289 1039 3348 attentatum.
1066 3281 1191 3346 Datum
1209 3283 1242 3346 in

111 3395 196 3460 Alto
214 3392 343 3474 Castro,
361 3394 462 3458 tercio
480 3393 531 3456 die
547 3391 622 3458 festi
638 3393 823 3476 Epiphanio
855 3392 985 3474 domini,
1002 3411 1087 3454 anno
1104 3390 1246 3456 eiusdem

110 3503 168 3567 Μ0
185 3501 289 3568 0000
303 3500 395 3566 XX⁰
411 3508 534 3567 octavo

223 3647 374 3712 Hsttlapjdn
387 3662 460 3713 nagy
475 3633 566 3711 peeset
580 3645 758 3711 nyomaival5
784 3613 973 3710 e1·edetijeaz
987 3659 1056 3694 orsa.
1078 3644 1132 3692 lter
1146 3644 1246 3693 kinost.

110 3743 177 3788 oszt.
203 3737 238 3786 N.
261 3737 292 3787 R.
315 3737 347 3787 A.
369 3741 446 3789 lesa.
473 3744 512 3788 10.
527 3737 593 3801 dipl.
618 3737 689 3787 liar:
705 3737 894 3786 2482.sz11:
910 3736 1013 3786 Vinczc
1029 3734 1129 3785 thor.

600 3882 757 3890 .-—-.—

647 4101 720 4162 307.

113 4246 307 4332 1328.febr.
324 4246 355 4308 5.
389 4244 419 4308 Λ
445 4245 546 4308 briccii
570 4245 729 4329 captatus
754 4243 825 4307 elta
847 4219 988 4308 (l-bttditi
1004 4243 1099 4305 Peter
1115 4249 1244 4324 iizveqpo

115 4357 290 4439 illaupycli,
315 4355 347 4416 e‘s
366 4349 520 4435 Gsclrefia
539 4354 666 4438 illllatlp
691 4378 712 4416 (t
729 4353 826 4415 laetat
851 4354 968 4435 beqycn
994 4351 1062 4413 loeo·
1088 4349 1246 4412 scottellus

482 4466 610 4545 cfpsuuis
627 4462 696 4524 ledat
713 4459 883 4523 ‹elesa-ltili.

224 4585 426 4676 Capitulum·
443 4583 604 4649 Budensis
630 4585 763 4651 ecclesie
781 4633 787 4648 .
804 4633 811 4648 .
828 4583 870 4648 ad
902 4571 1123 4648 universorum
1140 4633 1147 4646 .
1164 4633 1171 4647 .
1188 4604 1242 4648 no-

108 4696 224 4765 ticiam
241 4744 247 4758 .
264 4743 271 4758 .
288 4694 436 4758 volumus
468 4695 644 4786 pervenire,
677 4691 772 4776 quod¹
795 4691 925 4756 domina
949 4689 1110 4774 Mangioh
1126 4691 1242 4760 relicta
