3172 5462
554 455 648 518 1324.
664 459 737 518 nita
757 456 786 518 8.
1177 459 1240 520 135

111 631 306 700 inccndioin
327 632 466 698 cinerem
485 638 518 698 et
537 632 665 699 favillas
683 633 879 718 redigendo;
897 634 1079 718 cuiquidem
1104 633 1240 702 Matheo

110 742 281 826 nephanda
293 741 449 807 antedicti
460 740 605 808 infideles
615 743 648 808 in
659 743 791 808 crimino
802 743 869 808 lese
879 744 1060 810 maiestatis
1071 763 1165 828 pares
1176 747 1241 810 cxi·

112 856 232 916 stentes
249 855 283 914 et
301 851 424 915 innota
440 849 644 916 infidelitatis
661 851 837 934 utrobique
848 853 981 935 equales
1001 852 1144 917 eiusdem
1155 873 1243 918 exer·

111 960 192 1022 citus
208 956 301 1023 fuere
318 956 470 1022 ductores
486 963 518 1022 et
529 959 620 1042 regni
637 957 856 1024 destructores
873 959 1038 1042 speciales,
1058 961 1135 1026 item
1146 960 1243 1028 iidem

110 1065 254 1132 infideles
280 1067 314 1129 in
340 1064 489 1131 sordibus
515 1066 677 1132 obstinato
709 1067 837 1132 malicie
863 1074 897 1132 et
922 1068 1108 1152 contagioso
1133 1067 1244 1135 infide-

110 1177 213 1242 litatis
239 1175 425 1242 sordescere
450 1182 635 1259 satagentes
670 1183 708 1242 ut
738 1179 771 1242 in
801 1178 992 1270 pluralitate
1026 1199 1158 1242 suarum
1182 1179 1243 1243 ini·
1328 1183 1331 1188 '

112 1287 273 1368 quitatum
289 1285 435 1350 valerent
451 1287 609 1368 gratulari
628 1292 660 1350 et
677 1287 807 1351 malicia
824 1285 966 1371 gloriari,
985 1287 1081 1353 dictis
1098 1288 1241 1371 ipsorum

110 1395 287 1460 commissis
312 1394 442 1458 minime
468 1395 620 1476 contenti,
646 1417 719 1460 cum
744 1401 942 1460 memoratus
967 1395 1122 1461 Matheus
1138 1418 1239 1481 prope

111 1501 244 1567 Cassam
264 1507 372 1567 erecto
382 1523 438 1567 sue
453 1501 657 1568 infidelitatis
673 1504 791 1568 vexillo
808 1503 931 1568 bellum
947 1504 1115 1569 nobiscum
1132 1506 1243 1569 comit·

110 1619 176 1675 tere
192 1632 258 1674 non
275 1613 413 1694 expavit,
429 1611 463 1674 in
480 1611 615 1676 adversa
630 1612 725 1695 prelii
741 1617 774 1676 et
789 1611 935 1678 bellicosi
959 1613 1145 1677 certaminis
1162 1613 1243 1678 acie-

110 1725 223 1784 contra
240 1741 299 1783 nos
316 1726 348 1784 et
364 1720 452 1802 regie
469 1741 585 1785 corone
602 1720 735 1786 devotos
750 1721 785 1784 in
801 1722 905 1786 nostri
921 1720 1053 1786 honoris
1069 1721 1241 1786 detrimen-

111 1833 177 1891 tum
187 1827 351 1910 intrepide
361 1848 553 1910 pugnavere,
560 1826 616 1891 ubi
626 1833 735 1892 tamen
746 1849 856 1893 arcam
869 1829 1053 1893 certaminis
1063 1829 1155 1894 nobis
1165 1827 1243 1893 felix

111 1935 244 2018 reliquit
268 1935 404 2000 victoria
420 1941 454 1999 et
470 1935 530 2001 deo
540 1935 685 2018 propicio
702 1935 903 2020 triumphum
935 1936 1133 2002 obtinuimus
1149 1959 1240 2022 pero-

109 2050 255 2128 ptatum3
274 2044 453 2126 positaque
470 2044 525 2126 qui
542 2043 584 2108 ad
600 2043 729 2108 laudem
740 2044 897 2109 bonorum
918 2044 1003 2109 etad
1019 2045 1240 2127 reprimendas

109 2150 356 2216 malefactorum
372 2149 564 2215 insolencias
590 2150 691 2233 gladii
708 2173 727 2216 a
744 2150 874 2216 domino
898 2153 1079 2235 accepimus
1096 2157 1240 2235 potesta·

109 2270 180 2341 tem,
206 2258 415 2324 attendentes
440 2257 527 2341 quod
551 2257 680 2341 publice
705 2259 858 2323 utilitatis
882 2258 1011 2323 intersit
1041 2279 1081 2322 ne
1102 2259 1238 2324 crimina

108 2373 299 2432 remaneant
314 2367 464 2450 inpunita
489 2371 522 2430 et
539 2387 578 2429 ne
594 2387 652 2449 per
668 2367 862 2448 inpunitatis
879 2366 1048 2430 audaciam
1065 2367 1138 2430 aliis
1155 2368 1240 2432 simi·

108 2478 150 2540 lia
166 2475 428 2559 presumentibus
444 2474 523 2538 facti
539 2475 734 2558 perversitas
753 2480 899 2539 transeat
915 2475 948 2538 in
965 2474 1155 2556 exemplum,
1171 2496 1242 2557 pre-

109 2583 190 2649 fatos
216 2582 301 2647 filios
318 2581 410 2647 Petri
426 2581 485 2646 filii
499 2581 582 2666 Elyc
606 2581 824 2646 malemeritos
841 2587 873 2646 et
889 2580 1035 2646 infideles
1052 2581 1092 2646 de
1109 2582 1241 2646 consilio

107 2693 309 2774 prelatorum
334 2697 367 2756 et
391 2691 549 2756 baronum
576 2695 760 2754 nostrorum
786 2688 882 2754 dictis
907 2690 1021 2754 castris
1038 2695 1070 2754 et
1086 2690 1242 2754 universis

106 2803 250 2884 ipsorum
274 2799 526 2882 possessionibus
550 2799 689 2863 maxime
708 2795 869 2882 Rymolch
895 2803 927 2864 et
943 2797 1100 2882 Lopuhtu
1118 2799 1242 2863 vocatis

107 2910 138 2972 in
163 2909 325 2974 comitatu
349 2905 587 2990 Neugradiensi
612 2903 836 2970 adiacentibus
852 2905 1002 2971 duximus
1033 2907 1239 2990 spoliandos3

108 3039 168 3101 qne
185 3016 320 3101 quidem
346 3021 453 3080 castra
472 3037 511 3080 ac
526 3015 741 3098 possessiones
756 3015 922 3080 universas
939 3015 1078 3081 ubilibet
1093 3016 1127 3079 in
1143 3037 1242 3098 regno

109 3132 219 3190 nostro
238 3125 573 3207 existentessuperius
584 3124 781 3207 generaliter
797 3123 980 3189 declaratas
997 3131 1029 3190 et
1046 3125 1125 3190 duas
1142 3126 1242 3190 nomi-

107 3237 209 3300 natim
227 3256 397 3317 expressas
415 3255 487 3298 curn
504 3234 590 3298 omni
600 3233 790 3316 integritate
800 3233 879 3297 iuris
895 3233 1089 3317 earumdem,
1100 3233 1243 3316 pensatis

106 3342 323 3408 fidelitatibus
339 3349 372 3406 et
387 3341 532 3406 fidelium
549 3341 754 3406 serviciorum
770 3341 895 3406 meritis
919 3363 1031 3406 revera
1046 3362 1242 3406 recommen-

107 3450 244 3516 dacione
272 3450 376 3533 dignis
401 3449 564 3533 magnifici
589 3450 650 3514 viri
666 3448 789 3514 Thoms
812 3449 967 3532 uoyuode
984 3449 1192 3515 Transiluani
1209 3455 1242 3513 et

106 3561 231 3624 comitis
260 3558 300 3622 de
325 3557 442 3623 Zonuk
466 3557 524 3622 filii
551 3559 715 3642 quondam
740 3559 888 3641 magistri
903 3557 1053 3624 Farcasii
1079 3558 1189 3624 dilecti
1206 3563 1239 3622 et
1299 3541 1301 3546 ,

106 3667 206 3732 tidelis
232 3668 339 3732 nostri
372 3667 488 3750 quibus
515 3673 620 3732 atoto
637 3689 674 3732 eo
692 3673 838 3748 tempore
865 3688 929 3750 quo
946 3666 988 3731 ad
1004 3668 1241 3732 serenissimum

106 3777 232 3842 culmen
250 3775 418 3858 regiminis
430 3773 613 3857 Hungarici
629 3780 712 3839 nutu
728 3774 835 3839 divino
851 3775 1043 3839 accessimus
1059 3775 1241 3856 gubernan-

106 3884 180 3948 dum
205 3891 323 3949 nostro
349 3905 474 3966 semper
501 3884 598 3948 lateri
623 3881 809 3948 adherendo
835 3903 869 3947 se
885 3904 923 3948 ac
950 3904 1008 3946 sua
1023 3903 1082 3965 pro
1099 3883 1192 3948 nobis
1209 3890 1242 3948 ot

106 4015 161 4074 pro
177 3993 453 4076 augmentacione
468 3993 515 4056 rei
532 3991 660 4074 publico
677 4013 715 4056 ac
729 3991 962 4056 rol'ormacione
978 3992 1068 4074 pacis
1092 3991 1126 4054 in
1142 4012 1241 4074 regno

106 4101 209 4166 dubiis
226 4099 359 4165 fortune
376 4099 503 4164 casibus
513 4098 701 4182 exponendo
713 4103 745 4162 et
755 4099 939 4181 specialiter
949 4099 982 4162 in
999 4097 1144 4180 predicto
1155 4097 1240 4162 bello

106 4217 217 4274 contra
244 4229 306 4273 nos
332 4207 445 4272 habito
470 4229 529 4290 pro
554 4205 617 4270 fido
642 4207 730 4290 regie
756 4227 874 4272 corone
891 4205 1002 4272 debita
1021 4205 1161 4270 viriliter
1177 4226 1241 4270 noa

105 4317 226 4400 absque
253 4316 304 4380 sui
330 4315 493 4397 sangvinis
518 4311 672 4378 effusione
697 4314 786 4378 salut
802 4313 919 4378 milicie
936 4313 1048 4377 laurea
1064 4317 1238 4377 coronatus

105 4431 136 4488 ot
159 4423 237 4488 fidei
266 4423 370 4505 clipeo
391 4428 559 4488 contactus
575 4421 770 4486 decertando
796 4441 975 4503 gravesque
993 4420 1121 4484 dolores
1138 4421 1241 4484 vulni-

104 4529 178 4594 ficos
204 4531 240 4594 in
267 4552 302 4594 se
328 4529 511 4611 recipiendo
537 4529 701 4592 maiestati
726 4533 836 4592 nostre
853 4528 971 4590 meruit
988 4527 1188 4611 complacere
1205 4534 1239 4592 et

106 4661 136 4702 se
147 4638 288 4704 reddere
298 4638 487 4724 graciosum,
498 4638 532 4702 in
542 4637 873 4721 recompensacionem
891 4657 1021 4702 suorum
1032 4636 1239 4703 serviciorum
