3172 5462
540 452 634 518 1324.
651 473 751 518 eruar.
770 453 822 518 23.

648 745 721 808 105.

120 909 216 972 1324.
232 918 327 972 mart.
344 909 396 970 23.
414 907 442 970 Ι.
461 906 586 992 Kdroly
611 907 723 992 kirtly
739 931 760 970 a
776 906 887 972 blttlea
904 901 1115 990 Csdlofidaob·
1131 907 1252 974 Jdnos·

118 1017 185 1081 aab
200 1016 305 1101 Ecsep
326 1025 406 1080 cecil
423 1017 522 1079 odiat
538 1015 570 1078 e'c
586 1014 655 1078 to‘bb
671 1015 826 1078 birtolrait
851 1014 1096 1104 Horauuclmfcr
1117 1015 1251 1102 Ulcertp-

521 1122 581 1186 πῶς
606 1123 854 1208 odomdopozzo.

228 1281 376 1349 Karolus
392 1332 400 1348 .
416 1331 423 1348 .
439 1303 497 1346 rex
512 1331 519 1348 .
537 1331 544 1348 .
560 1281 603 1348 ad
628 1283 849 1350 amisersorum
866 1285 1021 1351 noticiam
1036 1284 1153 1350 harum
1169 1285 1250 1350 serie

119 1391 462 1476 uolumuspervenira
479 1391 657 1475 quodcum
682 1389 853 1458 Johannes
877 1391 964 1458 filius
989 1389 1104 1458 Ohaak
1130 1391 1252 1458 dudum

119 1499 306 1584 pocioribus
320 1500 419 1583 regiis
436 1506 469 1565 et
483 1500 577 1584 regni
593 1499 696 1565 nostri
711 1499 887 1566 honoribus
903 1499 943 1566 de
952 1505 1061 1566 nostre
1074 1499 1253 1566 maiestatis

119 1612 233 1694 gracia
249 1613 334 1676 esset
348 1611 472 1695 potitus
497 1613 693 1676 secretorum
709 1613 894 1676 nostrorum
918 1611 1090 1694 precipuus
1106 1610 1255 1676 consilia-

118 1719 196 1802 rius,
222 1718 355 1784 tandem
380 1718 512 1802 spiritus
539 1717 729 1784 tenebrosus
755 1719 800 1784 sic
826 1719 970 1785 animum
994 1719 1062 1784 eius
1088 1717 1255 1784 obcecavit

120 1826 210 1910 quod
225 1849 246 1892 a
261 1825 325 1892 fide
341 1832 454 1892 nostra
469 1826 623 1892 familiari
640 1827 713 1892 dolo
731 1827 892 1893 divertam
908 1848 1048 1893 unacum
1062 1825 1199 1893 Matheo
1216 1825 1255 1890 de

120 1935 289 2022 'Princhyn
305 1937 432 2002 notorio
448 1939 558 2002 nostro
574 1935 705 2002 infidele
720 1937 753 2002 in
770 1957 881 2002 necem
897 1943 1042 2003 nostram
1059 1942 1092 2002 et
1107 1937 1174 2001 lese
1190 1957 1256 2001 ma·

120 2045 250 2110 iestatis
275 2050 386 2111 nostre
412 2045 532 2111 crimen
553 2045 749 2128 conspiravit
766 2045 809 2110 ad
833 2047 938 2110 instar
961 2043 1050 2111 Jude
1075 2043 1256 2112 Scariothis

121 2153 208 2240 (igy)
225 2153 349 2219 domini
365 2155 415 2219 sui
431 2153 647 2220 benefactoris
663 2159 809 2219 nostram
821 2154 944 2220 scilicet
956 2175 1127 2238 personam
1142 2153 1256 2219 frivole

123 2263 347 2346 suggestionis
362 2263 473 2347 precio
489 2269 652 2329 mercatus
678 2264 766 2330 dioto
782 2263 919 2330 Matheo
935 2262 1174 2330 aduocandum
1190 2268 1256 2330 tra·

123 2371 202 2436 dere
219 2369 487 2454 prodicionaliter
502 2373 661 2456 apposuit,
688 2373 744 2438 sed
760 2394 842 2456 ecoe,
867 2373 1009 2456 qualiter
1026 2373 1257 2457 omnipotentis

122 2479 175 2544 dei
192 2479 415 2545 misericordia
430 2501 489 2563 pro
505 2479 597 2546 nobis
623 2479 860 2546 evidentissime
885 2485 1018 2564 pugnat,
1045 2480 1122 2563 quia
1138 2477 1257 2544 nedum

122 2586 305 2652 infidelium
321 2593 353 2652 et
373 2587 586 2672 superborum
611 2587 696 2653 colla
720 2587 869 2671 potencie
894 2593 1005 2652 nostre
1030 2585 1166 2670 pedibus
1182 2583 1255 2650 sub-

121 2695 201 2761 iecit
216 2696 275 2761 sed
291 2697 394 2762 eciam
409 2697 551 2762 animam
567 2701 712 2760 nostram
729 2695 768 2760 de
786 2694 935 2760 manibus
950 2694 1120 2760 familiaris
1138 2693 1257 2778 eripuit

128 2803 328 2887 proditoris,
354 2825 429 2870 nam
453 2811 626 2888 postquam
651 2805 737 2870 idem
761 2803 787 2868 J
790 2804 932 2870 ohannes
957 2803 1066 2870 divina
1090 2803 1151 2870 sibi
1176 2802 1259 2868 obsi·

122 2917 231 2977 stente
263 2913 414 2994 potencia
438 2917 506 2978 tam
534 2911 714 2978 execrabile
745 2909 870 2978 facinus
896 2918 1088 2996 conceptum
1112 2910 1258 2994 nequivit

123 3041 246 3104 ponere
261 3021 296 3084 in
313 3017 462 3086 effectum
478 3023 511 3085 et
526 3020 620 3086 nobis
637 3042 676 3086 ac
691 3019 811 3086 mundo
823 3021 1024 3104 publicatum
1040 3021 1130 3086 nullo
1147 3017 1258 3102 nequi-

124 3129 173 3192 cie
189 3149 246 3193 sue
263 3127 422 3194 velamine
439 3127 591 3211 detegere
607 3129 723 3212 potuit,
740 3149 773 3192 se
793 3127 836 3192 acl
861 3128 999 3194 eundem
1023 3127 1196 3193 Matheum
1212 3126 1258 3192 la·

123 3236 226 3300 tentis
241 3234 318 3320 fuge
334 3235 475 3319 presidio
491 3237 649 3320 recipiens
666 3237 759 3320 eique
775 3237 990 3320 malignitatis
999 3236 1108 3302 federe
1119 3237 1259 3302 sociatae

123 3342 254 3408 infinita
271 3345 412 3428 dampna
427 3351 460 3410 et
475 3365 686 3429 personarum
702 3345 829 3410 excidia
844 3346 964 3411 nostris
974 3345 1124 3411 fidelibus
1139 3345 1260 3429 iugiter

124 3453 286 3537 irrogavit
310 3457 343 3517 et
367 3453 571 3537 postmodum
587 3454 622 3518 in
638 3453 822 3518 huiusmodi
838 3451 1032 3519 infidelitate
1051 3475 1109 3518 sua
1125 3454 1259 3518 irreser-

124 3561 267 3626 tibiliter
297 3581 505 3645 perseverans
529 3559 634 3626 finivit
658 3559 887 3626 miserabiliter
914 3561 1013 3628 vitam
1038 3583 1148 3644 suam3
1173 3559 1259 3625 unde

125 3690 185 3734 nos
202 3718 209 3733 .
227 3719 234 3734 .
251 3669 390 3734 eundem
405 3667 431 3733 J
431 3669 610 3735 ohannem.
627 3720 634 3735 .
651 3675 759 3736 castro
776 3691 833 3734 suo
849 3669 963 3754 Echeg
980 3675 1094 3736 vocato
1111 3676 1144 3734 et
1159 3670 1260 3734 omni-

124 3775 187 3842 bus
203 3776 460 3861 possessionibus
477 3779 542 3843 suis
559 3777 599 3842 de
615 3779 817 3863 prelatorum
833 3784 867 3844 et
891 3779 1049 3846 baronum
1075 3784 1260 3845 nostrorum

125 3884 262 3950 consilio
278 3891 312 3949 et
329 3905 485 3950 consensu
501 3885 650 3950 duximus
677 3893 834 3971 perpetuo
862 3887 1075 3972 spoliandum,
1102 3886 1260 3971 quodqui-

125 3993 201 4058 dam
218 3999 362 4060 castrum
378 3993 490 4077 Echeg
505 3999 655 4059 vocatum
672 4016 745 4060 eum
762 4001 902 4079 quatuor
912 3994 1164 4079 possessionibus
1175 3997 1262 4061 circa

124 4100 159 4166 id
178 4107 324 4166 castrum
341 4101 554 4167 existentibus
571 4109 605 4168 et
620 4103 692 4168 aliis
702 4103 968 4186 possessionibus:
979 4103 1093 4188 Wysk‚
1105 4101 1261 4169 Scenthe·

125 4209 202 4293 gud,
218 4208 318 4292 Euri,
333 4207 469 4294 Vyfalw‚
485 4209 584 4294 Dani,
599 4208 732 4295 Parlag,
756 4211 922 4296 Perezlen‚
939 4210 1111 4294 Starchan,
1135 4210 1261 4295 Kereg·

125 4317 248 4402 wduar,
272 4315 453 4402 Scemered,
484 4313 594 4402 Alchy
619 4324 652 4383 et
676 4318 847 4385 Preucheu
872 4321 994 4385 vocatis
1019 4319 1197 4404 Wlningns
1223 4319 1262 4384 de

125 4425 372 4508 Horsundorph
388 4425 525 4492 dilectus
542 4431 575 4491 et
591 4425 696 4492 fidelis
712 4429 803 4493 miles
828 4435 938 4494 noster
954 4428 997 4496 ad
1012 4435 1158 4496 nostram
1174 4449 1259 4494 aoce-

126 4535 207 4600 dens
233 4535 438 4618 presenciam
469 4557 589 4619 sueque
613 4533 782 4602 fidelitatis
807 4537 940 4602 servicia
964 4543 1073 4603 nostre
1099 4537 1263 4602 maiestati

127 4645 277 4728 impensa
293 4665 512 4710 rememorans
530 4651 563 4710 et
579 4643 748 4710 declarans
765 4668 784 4710 a
800 4645 892 4711 nobis
909 4645 970 4711 sibi
987 4646 1058 4711 dari
1076 4652 1109 4712 et
1125 4645 1263 4711 conferri

1112 4752 1152 4819 8*
