3154 5474
326 471 390 534 504
676 485 865 542 nueouqrronr
883 474 1099 532 ouerlnrriu.

325 650 420 716 iactis
436 671 495 734 per
519 653 643 714 veteres
661 655 693 712 et
708 649 862 731 antiquas
878 654 983 714 metas
1007 647 1240 714 reambulando
1263 649 1350 732 regui
1378 667 1443 710 con-

326 759 494 826 suetudine
512 757 659 840 exigente
676 756 771 822 deum
786 777 845 839 pre
861 755 963 822 oculis
979 755 1129 822 habendo
1145 777 1284 822 unacum
1298 755 1444 837 aliispro·

326 870 375 934 bis
390 869 467 933 riris
483 867 649 932 estimaret
666 871 698 930 et
713 865 801 932 facta
818 866 1027 931 estimaoione
1053 865 1134 930 duas
1143 872 1253 949 partae
1270 862 1444 932 earumdem

326 977 446 1044 nostris
462 975 611 1042 manibus
622 973 798 1040 iudiciariis
809 974 944 1038 terciam
960 993 1036 1038 vero
1052 979 1180 1057 partem
1196 973 1342 1038 manibus
1352 972 1445 1056 ipsius

329 1085 454 1152 comitis
485 1081 615 1148 Nicolai
643 1081 682 1146 de
698 1081 811 1165 Puryn
827 1078 982 1146 offensam
1007 1081 1165 1164 pacientis
1189 1082 1368 1166 applicaret
1384 1077 1446 1142 uni-

327 1192 490 1275 versisque
508 1189 654 1272 cognatis
671 1190 825 1272 proximis
840 1189 953 1254 ricinis
970 1195 1002 1254 et
1028 1189 1257 1254 commetaneis
1273 1209 1310 1254 ac
1323 1208 1447 1272 genera-

329 1287 475 1367 cionibus
490 1300 592 1384 ipsius
607 1297 754 1362 Ladislai
771 1297 829 1362 filii
846 1293 957 1362 Alexii
973 1318 1110 1381 quorum
1125 1296 1320 1363 redemcioni
1345 1294 1447 1362 eedem

333 1411 549 1497 possessiones
566 1409 776 1474 convenirent
792 1408 921 1494 publice
939 1413 972 1474 et
996 1407 1166 1474 manifeste
1190 1407 1311 1491 ubique
1333 1407 1368 1472 in
1382 1425 1448 1490 pro-

328 1519 433 1584 vincia
449 1518 489 1582 de
505 1515 667 1583 Zabowch
684 1515 908 1600 promulgaret
924 1523 961 1582 ut
979 1516 1164 1600 quicunque
1180 1538 1220 1581 ex
1235 1517 1313 1599 ipsis
1328 1513 1448 1580 easdem

328 1627 546 1714 possessiones
562 1625 596 1690 in
613 1623 727 1690 eodem
752 1625 862 1690 valore
887 1646 951 1708 quo
978 1625 1127 1690 estimato
1151 1623 1269 1690 fierent
1301 1623 1449 1688 redimere

330 1737 451 1802 vellent
466 1735 500 1800 in
517 1734 655 1800 termino
673 1755 730 1817 per
746 1734 851 1818 ipsum
868 1733 1030 1800 homiuem
1047 1733 1168 1800 domini
1185 1734 1272 1815 regis
1288 1731 1347 1798 sub
1364 1731 1448 1796 testi·

329 1847 437 1912 monio
454 1843 534 1910 dicti
552 1843 688 1927 capituli
704 1839 878 1926 Agriensis
894 1843 937 1908 ad
953 1842 1176 1908 redimendum
1201 1841 1331 1908 easdem
1347 1859 1449 1906 coram

330 1954 459 2021 domino
476 1971 552 2033 rege
569 1956 794 2035 comparerent
810 1951 955 2034 alioquin
971 1958 1165 2018 memoratas
1188 1952 1406 2034 possessiones
1420 1947 1450 2010 in

330 2062 455 2128 duabus
471 2059 619 2144 partibus
634 2059 727 2124 nobis
743 2059 777 2124 in
794 2061 896 2126 tercia
912 2081 987 2126 vero
1003 2067 1098 2144 parte
1114 2061 1175 2144 ipsi
1191 2059 1303 2125 comiti
1318 2056 1450 2122 Nicolao

328 2173 597 2256 perpetuaremus
612 2167 868 2232 irrevocabiliter
883 2169 1101 2252 possidendae,
1113 2168 1256 2254 posthac
1272 2167 1376 2231 tocius
1386 2185 1450 2248 pre-

330 2279 419 2344 missi
434 2277 511 2343 facti
545 2276 660 2340 seriem
678 2296 752 2340 cum
768 2275 915 2342 cursibus
941 2285 1102 2343 metarum
1129 2273 1369 2360 quantitatibus
1384 2272 1451 2338 esti·

318 2385 512 2454 ¹macionum
544 2385 681 2449 termino
713 2385 879 2468 assignato
911 2387 1094 2452 nominibus
1126 2387 1294 2452 hominum
1328 2381 1449 2446 easdem
1548 2443 1549 2458 q

329 2496 547 2582 possessiones
565 2515 598 2558 ae
609 2491 767 2558 redimere
777 2496 994 2560 asserencium
1006 2495 1090 2560 idem
1102 2495 1283 2580 capitulum
1297 2489 1449 2574 Agriense
1548 2519 1549 2570 q

330 2609 425 2673 amici
441 2605 545 2672 nostri
562 2605 595 2669 in
613 2625 725 2670 eorum
742 2604 862 2671 litteris
879 2605 920 2670 ad
937 2605 1075 2672 eundem
1104 2606 1280 2670 terminum
1306 2598 1452 2666 rescribe·
1548 2579 1549 2594 ¹

331 2722 406 2782 rent
422 2715 510 2797 regie
527 2713 700 2794 maiestati,
717 2711 849 2778 tandem
865 2713 951 2779 idem
974 2715 1155 2799 capitulum
1182 2712 1345 2795 Agriense
1362 2707 1450 2774 amici

330 2825 433 2892 nostri
449 2821 612 2906 prefatum
642 2819 817 2887 Nicolaum
842 2809 946 2889 tilium
971 2823 1131 2890 Demetrii
1155 2822 1319 2888 hominem
1334 2818 1450 2902 regium

331 2932 390 2999 sub
407 2929 592 2996 testimonio
609 2950 719 2994 eorum
736 2930 770 2993 in
786 2929 838 2996 die
853 2930 1042 2997 festivitatis
1073 2929 1267 2998 Natiuitatis
1292 2926 1383 2992 beati
1399 2923 1451 2988 Jo

330 3041 446 3106 bannis
461 3037 613 3121 Baptistc
629 3059 715 3101 nunc
731 3041 888 3120 preterito
917 3040 959 3105 ad
975 3040 1260 3125 possessionariam
1275 3035 1452 3121 porcionem

331 3146 451 3234 prefati
467 3143 615 3210 Ladislai
631 3143 692 3209 filii
723 3141 836 3210 Alexii
867 3148 900 3212 in
925 3150 1125 3232 possessione
1150 3144 1330 3212 Dewecher
1346 3145 1453 3206 vocata

329 3259 435 3341 ipsum
467 3253 708 3336 contingentem
725 3255 895 3320 accessisse
921 3263 954 3321 et
980 3258 1115 3324 eandem
1130 3257 1310 3322 vicinorum
1326 3257 1358 3318 et
1375 3272 1453 3316 com·

330 3370 552 3430 metaneorum
579 3361 721 3427 eiusdem
747 3365 955 3446 possessionis
980 3365 1160 3433 Deweoher
1191 3387 1230 3432 ac
1247 3367 1452 3448 cognatorum
1547 3407 1548 3418 ,

331 3471 552 3556 proximorum
569 3475 602 3534 et
627 3471 875 3554 generacionum
900 3474 1054 3557 prelibati
1080 3473 1229 3540 Ladislai
1255 3492 1395 3557 quorum
1409 3488 1451 3532 re-

331 3578 490 3646 demcioni
516 3577 628 3642 eadem
659 3579 769 3661 porcio
801 3581 1053 3664 possessionaria
1084 3583 1284 3649 convenisset
1307 3577 1451 3662 legitimis

331 3685 618 3756 convocacionibus
634 3685 729 3752 lactis
745 3693 777 3753 et
809 3689 926 3754 eisdem
953 3691 1159 3776 presentibus
1185 3691 1264 3775 quia
1288 3689 1400 3754 nullus
1418 3708 1452 3750 ex

332 3796 453 3863 eisdem
468 3795 696 3861 commetaneis
712 3801 744 3859 et
760 3797 872 3862 vicinis
888 3818 927 3862 ac
941 3799 1208 3880 generacionibus
1235 3796 1378 3863 eiusdem
1396 3795 1452 3860 La·

329 3903 425 3970 dislai
442 3925 476 3968 se
491 3903 649 3968 redimere
665 3905 714 3968 rel
732 3904 952 3971 contradicere
978 3929 1075 3991 super
1099 3907 1284 3973 statucione
1315 3905 1451 3971 eiusdem

329 4014 520 4080 asseruisset
537 4033 594 4097 per
611 4017 736 4077 veteres
752 4018 785 4078 et
801 3999 1073 4098 antiquas'metas
1104 4018 1194 4100 regni
1221 4013 1449 4082 consuetudine

333 4122 482 4204 exigente
500 4143 571 4187 curn
590 4121 745 4186 universis
762 4123 962 4188 utilitatibus
979 4131 1012 4190 et
1027 4125 1237 4208 pertinenciis
1254 4125 1320 4190 suis
1336 4125 1369 4188 in
1379 4123 1453 4188 dua·
1546 4117 1547 4170 Ῐ

329 4229 390 4294 bus
414 4229 564 4314 partibus
590 4229 682 4294 nobis
708 4229 796 4294 velut
821 4229 920 4296 iudici
947 4232 980 4296 in
1007 4233 1109 4298 tercia
1125 4229 1201 4299 uero
1218 4241 1312 4318 parte
1329 4231 1452 4316 prefato

328 4338 437 4404 comiti
454 4337 594 4404 Nicolao
611 4337 650 4402 de
666 4336 778 4424 Puryn
795 4337 948 4405 offensam
964 4340 1106 4424 pacienti
1132 4341 1285 4406 statuisse
1300 4347 1454 4425 perpetuo

327 4446 554 4533 possidendam
573 4449 607 4515 in
623 4449 689 4514 suis
705 4449 826 4514 litteris
842 4451 1009 4535 rescripsit
1025 4451 1113 4534 regie
1128 4449 1301 4535 maiestati,
1325 4471 1384 4518 nos
1401 4451 1456 4534 igi-

327 4562 381 4622 tur
398 4557 476 4640 quia
493 4563 644 4640 protacta
660 4558 762 4623 tercia
786 4579 863 4642 pars
894 4558 995 4641 ipsius
1020 4560 1272 4642 possessionarie
1297 4559 1455 4644 porcionis

327 4669 510 4751 pretectum
527 4663 718 4732 Ladislaum
735 4663 838 4732 filium
855 4663 966 4732 Alexii
984 4667 1149 4753 quondam
1180 4669 1214 4732 in
1230 4667 1319 4734 dicta
1334 4685 1456 4758 posses·
1545 4757 1546 4766 ἵ
