3172 5462
295 460 360 529 100
645 479 835 534 insonnem
852 472 1068 532 onnlnrmln.

293 643 450 710 accedens
466 647 664 728 presenciam
680 656 802 732 sueque
815 645 996 713 'fidelitatis
1022 649 1157 714 servicIa
1173 642 1266 714 nobis
1282 649 1429 732 impensa

293 773 514 818 rememorans
537 755 764 834 cidalarius
789 757 941 841 proauis
959 754 1116 822 'fidelibus
1136 755 1284 822 'serviciis
1295 751 1430 822 'a'nobis

294 861 356 926 sibi
372 862 444 926 dari
460 867 493 926 et
507 861 647 928 conferri
663 869 820 948 perpetuo
837 865 1030 947 postulavit3
1047 867 1159 930 verum
1170 861 1303 949 quia'ex
1319 859 1429 930 debito

298 1016 329 1034 ..
346 1018 352 1034 .
370 969 432 1035 stb.
443 967 475 1054 *)
491 969 652 1048 Volentes
667 972 769 1055 igitur
783 976 835 1036 tot
861 977 894 1036 ot
917 973 1019 1036 tantis
1039 971 1183 1038 eiusdem
1199 973 1344 1038 serviciis
1361 991 1430 1058 spe

290 1077 434 1152 cialibus
450 1079 541 1161 regio
557 1100 726 1144 occurrere
742 1099 815 1143 cum
839 1078 957 1163 lavore,
974 1079 1087 1146 liceto
1103 1081 1197 1146 nobis
1212 1081 1318 1146 multo
1334 1076 1430 1164 plura

295 1189 484 1270 mereretur,
494 1186 676 1270 predictam
691 1187 926 1270 possessionem
936 1185 1101 1254 Helmuch
1120 1188 1431 1254 cumomnibussuis

296 1291 495 1358 utilitatibus
521 1299 566 1357 et·
579 1283 786 1377 pertinenciis
803 1293 957 1360 universis
973 1295 1038 1368 sub,
1056 1298 1152 1362 metis
1169 1302 1202 1361 et
1218 1297 1366 1362 terminis
1381 1297 1429 1360 in-

300 1399 481 1484 frascriptis
513 1399 660 1466 dedimus
678 1401 879 1467 donavimus
910 1408 943 1466 et
977 1405 1173 1470 contulimus
1195 1405 1430 1488 'prenominato

297 1509 452 1590 magistro
471 1507 596 1591 Mykch
612 1514 646 1572 et
669 1530 736 1592 por·
754 1531 827 1574 eum
852 1511 917 1576 suis
933 1509 1106 1576 heredibus
1131 1513 1354 1597 heredumque
1378 1533 1431 1577 su·

295 1637 396 1686 orum·
421 1615 661 1682 successoribus
695 1619 764 1684 iure
794 1622 952 1702 perpetuo
986 1620 1299 1686 et'irrevocabilitor
1330 1618 1433 1704 possi-

299 1723 439 1790 dendam
464 1723 636 1790 tenendam
652 1726 776 1808 pariter
793 1732 826 1790 et
841 1725 1033 1809 habendam,
1060 1732 1093 1792 et
1107 1727 1301 1792 Ladizlanm
1317 1750 1357 1792 ac
1373 1727 1433 1792 Ni-

300 1831 427 1898 colaum
452 1831 536 1898 filios
561 1833 699 1917 predicti
733 1829 924 1916 Alexandri,
950 1834 1006 1916 qui
1030 1837 1134 1918 patris
1159 1841 1271 1900 eorum
1295 1836 1436 1917 vestigia

299 1945 470 2024 sequentes
496 1962 635 2006 unacum
668 1941 814 2024 predicto
838 1942 994 2024 magistro
1028 1939 1183 2007 Johanne
1206 1941 1275 2008 filio
1299 1941 1436 2007 Hernici

303 2053 416 2114 contra
431 2053 577 2113 nostram
593 2048 797 2114 maiestatem
822 2070 887 2113 non
904 2049 972 2112 sine
988 2048 1191 2115 infidelitatis
1207 2056 1288 2116 nota
1303 2049 1435 2115 rebelli-

302 2161 353 2219 ter
377 2162 611 2238 proeesserunt,
637 2177 812 2240 eorumque
836 2155 970 2220 heredes
995 2162 1028 2222 et
1052 2159 1262 2240 posteritates
1290 2159 1376 2222 sicut
1400 2161 1436 2221 et

302 2265 545 2348 prenominatos
562 2262 646 2329 filios
669 2263 790 2330 Budun
807 2285 846 2328 ex
870 2285 968 2329 causa
991 2263 1222 2331 infidelitatum
1237 2265 1437 2350 prescripta·

300 2393 375 2452 rum
390 2373 612 2456 privamuset
637 2373 832 2438 absolvimus
857 2373 898 2438 ab
924 2373 1010 2438 omni
1035 2373 1105 2440 iure
1125 2375 1338 2456 possessionis
1353 2372 1438 2438 Hel-

302 2481 398 2546 much
415 2480 615 2565 supradicte,
638 2487 670 2544 et
694 2481 800 2564 ipsum
824 2481 1016 2564 magistrum
1040 2480 1162 2563 Mykch
1179 2483 1214 2544 in
1230 2481 1436 2564 corporalem

303 2590 536 2673 possessionem
570 2587 716 2672 predicte
746 2589 956 2672 possessionis
983 2589 1148 2654 Helmunh
1179 2611 1237 2673 per
1268 2589 1436 2656 Simonem

306 2695 410 2762 filium
424 2696 588 2762 Demetrii
604 2695 731 2762 fidelem
747 2696 909 2762 hominem
932 2703 1080 2762 nostrum
1105 2698 1165 2763 sub
1182 2698 1368 2762 testimonio
1384 2705 1439 2762 ca-

308 2805 405 2888 pituli
422 2805 556 2870 ecclesie
571 2803 662 2869 beati
692 2803 829 2870 Martini
847 2805 886 2869 de
904 2803 1026 2888 Scopas
1041 2805 1175 2873 fecimus
1190 2805 1356 2870 introduci
1380 2825 1441 2870 seu

309 2911 443 2978 eandem
467 2913 698 2996 possessionem
723 2913 786 2996 ipsi
810 2913 967 2996 magistro
983 2912 1106 2996 Mylrch
1138 2914 1248 2996 statui,
1273 2913 1365 2978 nullo
1383 2933 1440 2996 pe·

308 3021 396 3086 nitus
421 3020 660 3087 contradictore
691 3021 849 3085 existente
881 3021 915 3086 in
945 3021 1128 3101 huiusmodi
1155 3022 1350 3104 statucione,
1380 3042 1439 3104 ap·

306 3129 446 3214 probata
470 3129 563 3213 regni
580 3128 808 3196 consuetudine
834 3129 1021 3212 observata3
1037 3136 1136 3214 prout
1151 3131 1236 3196 idem
1254 3131 1438 3215 capitulum

307 3239 374 3323 per¹
391 3259 464 3304 suas
488 3239 616 3303 litteras
640 3237 733 3304 nobis
763 3240 936 3323 rescripsit,
963 3260 1074 3304 cursus
1099 3245 1260 3306 metarum
1294 3238 1439 3328 eiusdem

309 3345 539 3428 possessionis.
555 3395 563 3412 .
579 3345 640 3412 hoc
657 3345 768 3411 ordino
794 3347 1032 3430 distinguntur:
1052 3349 1158 3432 prima
1173 3353 1260 3414 meta
1276 3347 1391 3431 incipit
1405 3347 1443 3412 in

309 3453 450 3536 quodam
466 3454 537 3520 loco
553 3453 684 3538 Kwpod
699 3460 814 3520 vocato
830 3454 886 3518 ubi
903 3455 989 3520 eirca
1004 3455 1169 3538 quandem
1184 3457 1269 3522 riam
1286 3463 1360 3520 sunt
1376 3454 1444 3520 due

309 3567 395 3628 meto
411 3567 526 3647 terroe,
550 3562 665 3628 deindo
689 3563 837 3648 procedit
860 3583 970 3628 versus
995 3565 1178 3647 aquilonem
1204 3586 1263 3647 per
1287 3585 1442 3646 magnum

308 3671 455 3756 spacium
481 3677 513 3736 et
543 3672 690 3756 pervenit
715 3671 758 3736 ad
782 3677 848 3736 tres
873 3677 978 3736 metas
1002 3677 1126 3737 torreas
1152 3693 1216 3756 quo
1240 3677 1317 3738 sunt
1347 3672 1444 3736 iuxta

311 3779 475 3862 quoddam
500 3787 659 3864 stagnum,
677 3779 792 3844 deinde
807 3780 954 3864 procedit
980 3781 1022 3846 ad
1038 3801 1135 3846 unam
1151 3781 1283 3848 kercum
1299 3779 1358 3846 sub
1375 3801 1444 3863 qua

311 3893 360 3952 est
385 3895 473 3954 mota
497 3895 614 3972 terrea,
639 3887 754 3952 deinde
779 3889 925 3972 procedit
950 3890 1098 3955 similiter
1122 3911 1232 3956 sersus
1257 3889 1446 3974 aquilonem

312 3995 398 4060 circa
413 3997 506 4080 viam,
522 3997 669 4080 pervenit
685 3996 727 4060 ad
743 4018 840 4061 unam
857 4003 976 4062 metam
996 4003 1150 4083 terream,-
1161 3997 1278 4064 deinde
1294 3995 1447 4082 procedit

310 4085 460 4168 demota
484 4102 527 4168 ad
551 4107 676 4169 metam
699 4103 850 4168 similiter
874 4125 985 4168 sersus
1010 4106 1205 4188 aquilonem,
1229 4105 1376 4188 pervenit
1400 4103 1447 4167 ad

311 4228 411 4300 unam
453 4217 573 4278 metam
614 4211 787 4294 capitalem
830 4233 893 4296 quo
933 4216 982 4276 est
1021 4213 1108 4278 circa
1147 4212 1244 4278 finem
1276 4211 1447 4278 cuiusdam

312 4317 419 4404 stagni
430 4315 646 4404 Gyalmastou
664 4321 769 4388 vocati
787 4326 820 4386 et
835 4327 966 4404 separat
981 4321 1071 4387 illam
1087 4321 1320 4406 possessionem
1337 4337 1449 4405 aposf

314 4477 528 4499 gun—u·—

425 4573 450 4636 *)
463 4575 494 4622 Ιι.
507 4572 598 4626 szcrdl
624 4575 703 4626 szdra
723 4577 857 4642 Fejtrndl,
870 4577 946 4628 VIII.
967 4581 991 4628 2.
1014 4563 1165 4628 4702-471.
1188 4580 1216 4640 l.,
1235 4559 1312 4628 asaal
1335 4593 1352 4628 a
1370 4579 1451 4642 meg-

308 4661 472 4729 jegyatasel,
485 4665 561 4728 llogy
580 4665 649 4716 Birt·
662 4667 712 4718 vstr
723 4667 831 4736 helyett
855 4665 934 4734 ll⁷psle
947 4669 1105 4720 olvasanddz
1141 4671 1145 4674 '
1240 4674 1243 4680 '
