3240 5460
596 431 853 520 radanem.
1252 461 1294 524 11

163 635 374 720 acceptantes
398 633 562 718 predictos
586 631 671 701 filios
687 631 781 704 Petri
804 635 839 702 in
862 635 943 720 ipsis
967 637 1064 704 terris
1089 641 1188 724 prout
1204 638 1298 705 decet

161 749 337 830 perpetuos
362 765 562 828 possessores
587 744 736 810 duximus
762 745 975 831 collocandos,
1001 745 1130 812 litteras
1155 746 1296 832 predicti

163 853 337 920 Michaelis
353 852 414 918 filii
428 853 577 920 Ladislai
592 853 686 920 nobis
713 852 875 921 exhibitas
891 853 1064 921 reddentes
1081 854 1201 921 eisdem
1217 856 1298 921 iudi·
1339 877 1342 884 ’

164 963 257 1029 cibus
274 964 316 1030 ad
332 962 523 1029 cassandum
537 962 633 1028 'iuxta
643 961 914 1030 deliberacionem
930 965 1114 1050 eorundem,
1131 969 1164 1029 et
1174 965 1201 1029 si
1217 986 1298 1048 quas

165 1093 205 1136 ex
219 1073 299 1156 ipsis
323 1071 443 1137 litteris
467 1076 664 1136 reservasset
688 1070 832 1138 Michael
859 1073 1042 1138 antedictus
1058 1073 1172 1138 inanes
1189 1073 1299 1138 decre-

164 1185 281 1246 verunt
307 1186 339 1247 et
354 1203 413 1246 nos
429 1180 628 1247 decrevimus
645 1203 718 1246 oum
743 1183 863 1248 eisdem
888 1204 927 1248 ac
951 1183 1077 1248 iuribus
1103 1183 1298 1249 carituras..

164 1289 290 1356 Datum
315 1291 350 1356 in
375 1290 488 1356 eodem
513 1291 585 1356 loco
611 1289 785 1377 Kereus,
812 1291 894 1358 feria
919 1293 1023 1359 tercia
1046 1293 1193 1378 proxima
1225 1295 1300 1376 post

165 1403 296 1465 octavas
312 1399 417 1466 Pasce
434 1421 518 1466 anno
537 1403 720 1485 prenotato.

273 1565 314 1614 ΑΖ
336 1564 441 1629 erdelyi
459 1565 649 1629 ktptalannak
673 1569 749 1616 1329.
773 1569 854 1616 mart.
878 1565 959 1616 then
980 1566 1041 1616 kalt
1065 1564 1205 1615 »Andreas
1226 1565 1300 1616 filius

165 1655 242 1705 Petri
255 1655 288 1704 de
297 1656 387 1719 Dalya
400 1659 427 1705 et
440 1655 596 1720 Stephanus
615 1655 689 1706 filius
702 1656 847 1708 Michaelis
862 1657 895 1706 de
920 1656 1081 1722 Seguswsm
1096 1653 1219 1704 serasera
1232 1655 1301 1706 kiel-

165 1746 245 1796 lltott
256 1745 416 1808 dtiratabdt
429 1747 470 1796 dr.
484 1747 691 1798 Zimmsrmann
703 1747 737 1798 dr
750 1749 886 1800 masolata
898 1749 983 1813 uttn3
998 1748 1131 1814 eredetije
1142 1749 1211 1799 baro
1224 1749 1301 1813 Aper

166 1834 239 1886 Gaza
251 1833 341 1886 umal.
353 1835 388 1887 V.
401 1839 426 1888 ὃ.
440 1837 527 1903 rejsr,
541 1837 607 1890 cod.
619 1839 701 1904 Dipl.
715 1838 753 1892 X.
768 1843 791 1890 8.
807 1843 867 1890 288.

709 2165 758 2227 10.

170 2325 267 2388 1322.
284 2346 357 2409 apr.
375 2323 427 2388 24.
453 2319 484 2386 A
511 2327 750 2412 szamosaty'octra'
774 2338 905 2392 caecant
931 2289 1003 2392 aloa
1023 2327 1154 2414 Gyapya'
1184 2326 1303 2392 Tameia

281 2432 350 2516 fiai
359 2431 483 2497 Hidaac'
497 2433 623 2498 Paulin
637 2434 770 2517 flaiaolc
787 2459 844 2521 epp
860 2435 956 2500 szdldt
972 2436 1176 2500 elorokttnek.

276 2591 348 2659 Nos
373 2597 549 2660 conventus
574 2596 765 2660 monasterii
794 2595 884 2661 beati
907 2595 1020 2679 Egidii
1053 2595 1092 2660 de
1117 2593 1255 2678 Simigio
1271 2641 1302 2659 ..

167 2703 389 2789 significamus
405 2751 412 2768 .
428 2753 444 2787 .‚
461 2703 549 2788 quod
562 2701 682 2769 Petrus
706 2702 794 2770 filius
819 2703 944 2770 Thema
970 2709 1004 2770 et
1025 2702 1184 2770 Nicolaus
1199 2703 1304 2768 frater

170 2812 322 2896 eiusdem,
348 2811 388 2877 de
403 2811 481 2878 villa
507 2809 604 2896 Gyog
627 2833 768 2878 unacum
793 2809 907 2879 Ohaba
932 2811 1035 2879 fratre
1060 2811 1246 2878 eorumdem
1262 2810 1303 2876 ab

170 2943 236 2986 nna
249 2925 354 3004 parte,
378 2920 498 2987 Petrus
524 2925 557 2988 et
582 2921 725 2990 Thomas
741 2919 801 2987 filii
819 2920 940 2988 Paulin
966 2921 1006 2987 de
1034 2923 1112 2988 villa
1130 2919 1247 2986 Hedus
1264 2941 1304 2986 ex

170 3029 277 3096 altera
301 3031 515 3113 personaliter
541 3053 649 3098 coram
676 3032 770 3099 nobis
796 3033 975 3116 constituti,
999 3031 1099 3098 iidem
1122 3030 1244 3096 Petrus
1271 3035 1304 3095 et

170 3137 329 3206 Nicolaus
344 3163 443 3206 unam
459 3141 584 3208 vineam
601 3163 712 3208 eorum
727 3144 761 3207 in
771 3143 938 3209 territoria
954 3141 1100 3227 predicte
1115 3141 1192 3206 ville
1208 3137 1304 3225 Gyog

170 3248 205 3314 in
222 3251 363 3333 quatuor
386 3249 555 3333 iugeribus
580 3253 667 3316 terre
692 3252 770 3317 olim
796 3253 980 3336 plantatam
1004 3252 1038 3314 in
1053 3251 1125 3316 loco
1141 3248 1304 3334 Wepleyn

170 3357 352 3441 vulgariter
377 3357 464 3424 dicto
488 3359 523 3424 in
538 3359 705 3426 vicinitate
721 3361 813 3425 vinee
838 3359 931 3426 Petri
948 3365 980 3424 et
993 3355 1128 3425 Nicolai
1143 3356 1305 3442 predicto·

171 3488 246 3531 rum
261 3487 281 3532 a
296 3469 391 3551 parte
416 3467 619 3552 occidentali,
644 3490 664 3534 a
690 3472 785 3552 parte
805 3473 914 3533 autem
940 3466 1197 3552 septemtrionali
1212 3465 1304 3530 vinee

171 3571 197 3639 J
198 3573 335 3640 ohannis
352 3574 411 3640 filii
437 3572 592 3661 Ohepani‚
617 3597 637 3642 a
652 3581 747 3661 parte
762 3597 838 3643 vero
865 3577 1017 3642 orientali
1032 3577 1124 3640 vinee
1139 3573 1230 3639 Behe
1245 3570 1305 3637 filii

171 3681 352 3750 Clementis
377 3690 410 3749 et
434 3707 454 3750 a
477 3689 572 3768 parte
597 3684 801 3751 meridionali
827 3685 918 3750 vinee
933 3684 1031 3749 Pauli
1040 3683 1126 3766 bani,
1143 3680 1304 3748 Johannis

172 3797 206 3860 et
230 3789 348 3858 Andre
371 3793 601 3878 magistrorum
625 3791 767 3860 filiorum
791 3793 940 3878 magistri
967 3790 1127 3876 Stephani
1153 3789 1192 3854 de
1212 3787 1305 3854 Gara

172 3902 376 3970 adiacentem
385 3901 486 3969 Petro
497 3907 530 3968 et
549 3902 675 3970 Thome
689 3901 764 3969 filiis
781 3902 902 3968 Paulin
918 3900 1074 3986 predictis
1086 3937 1097 3964 κ.
1114 3949 1121 3964 .
1136 3919 1196 3983 pro
1213 3897 1305 3981 quin·

173 4033 237 4098 que
262 4010 381 4076 marcis
397 4061 427 4076 ..
453 4009 590 4076 confessi
615 4017 690 4078 sunt
715 4010 896 4077 vendidisse
919 4013 1076 4095 perpetuo
1091 4005 1257 4092 possidere
1274 4054 1305 4070 ..

171 4121 300 4187 Datum
317 4119 454 4186 sabbato
470 4120 504 4185 in
529 4120 640 4204 vigilia
654 4119 745 4186 beati
763 4117 897 4205 Georgii
912 4118 1065 4202 martiris,
1082 4137 1167 4182 anno
1184 4113 1306 4180 domini

171 4229 351 4296 Millesimo
367 4226 469 4297 000ο
484 4225 579 4294 XX⁰
596 4229 744 4295 secundo.

284 4394 310 4444 A
323 4393 448 4458 somogyi
460 4392 634 4444 conventnak
657 4393 770 4443 »Petrus
792 4393 820 4442 et
832 4390 952 4440 Thomas
965 4388 1017 4439 filii
1034 4387 1115 4438 Pauli
1128 4385 1161 4436 de
1174 4383 1242 4436 villa
1253 4383 1308 4434 He·

173 4489 241 4539 dns«
256 4484 382 4536 kertsere
395 4483 524 4548 piinkdsd
546 4485 616 4534 elott
628 4482 691 4534 valo
703 4497 797 4546 napon
809 4481 869 4531 kslt
883 4479 994 4530 raas-ki
1007 4475 1166 4540 dtirattbdh
1178 4473 1308 4538 melynek

172 4577 263 4644 vogen
275 4577 361 4628 danos
371 4575 545 4641 somogyvari
557 4574 624 4640 spdt
635 4573 793 4625 neveztetik
803 4585 886 4637 meg;
905 4569 1036 4634 eredstije
1049 4584 1066 4619 a
1085 4567 1192 4618 Sdndor
1205 4580 1241 4615 os.
1254 4564 1307 4615 ira-

173 4672 216 4724 tai
229 4671 327 4720 kozttt
349 4668 462 4736 (tropen,
484 4681 549 4720 ace
571 4664 710 4720 craltdbol
731 4663 841 4731 nddgon
852 4661 1046 4716 leszamazoa
1066 4659 1158 4724 Thely
1171 4671 1206 4709 os.
1219 4657 1307 4708 ltban.
