3130 5470
344 383 412 450 418
701 396 890 445 auronsoar
906 385 1123 446 ouuturrla.

342 559 402 628 filii
420 557 510 628 Geus
531 564 621 628 mota
636 559 746 626 debito
771 558 836 626 fine
867 559 1046 644 decidatur,
1063 559 1119 645 qui
1145 559 1173 625 si
1188 579 1281 625 seous
1295 556 1408 625 iaceret
1427 562 1454 626 in

350 672 514 756 premissis
530 675 645 737 eontra
661 671 747 755 ipsos
763 669 848 735 filios
880 666 971 735 Gens
987 669 1097 734 decem
1113 669 1232 734 mareis
1259 670 1453 752 convincetur,

345 784 488 846 aeterum
505 801 611 846 eomes
626 777 779 845 Andreas
795 777 881 844 filius
899 776 1046 862 Ohopani
1071 777 1111 842 de
1126 777 1261 843 Molnar
1281 776 1410 842 Thomas
1423 782 1449 840 et

343 885 499 954 Andreas
523 889 585 954 filii
610 889 660 954 sui
684 909 744 973 pro
769 909 803 954 se
829 893 861 952 et
886 909 946 972 pro
972 886 1077 952 Peteu
1093 909 1133 952 ao
1148 885 1289 954 Nicolao
1305 884 1446 951 aliisfihis

345 997 486 1062 eiusdem
503 998 629 1062 comitis
647 994 780 1062 Andree
805 1017 915 1062 eoram
930 996 1025 1061 nobis
1042 997 1215 1062 constituti
1230 995 1408 1078 obligarunt
1420 1015 1447 1058 se

346 1111 384 1170 ut
400 1104 496 1170 dietis
511 1103 668 1170 Michaeli
685 1109 719 1169 et
734 1101 901 1187 Stephano
912 1103 988 1168 filiis
998 1103 1232 1170 Kalmeriineo
1248 1104 1450 1169 auxiliumneo

352 1214 609 1298 hospitalitatem
627 1219 741 1279 eontra
756 1211 840 1278 filios
856 1211 948 1278 Geus
973 1213 1076 1279 donee
1101 1215 1173 1298 ipsa
1189 1234 1288 1279 eausa
1303 1210 1450 1277 decidatur

350 1327 389 1386 ut
405 1323 597 1405 premissum
615 1327 664 1387 est
679 1321 787 1388 faeere
803 1323 930 1406 possint
945 1322 995 1387 vel
1010 1322 1153 1406 prebere,
1172 1322 1228 1404 qui
1245 1323 1273 1386 si
1288 1343 1372 1386 secus
1386 1320 1451 1384 ianoe·

350 1437 425 1496 rent
440 1433 474 1495 in
491 1430 585 1496 dictis
602 1431 712 1496 decern
728 1431 845 1496 mareis
862 1431 1100 1515 convincentur,
1126 1436 1278 1514 preterea
1301 1429 1356 1494 filii
1378 1427 1450 1494 Geus

349 1539 496 1622 superius
528 1539 686 1604 nominati
706 1537 894 1621 obligarunt
925 1559 960 1603 se
992 1543 1029 1603 ut
1061 1537 1190 1604 eosdem
1221 1537 1406 1603 Michaelem
1427 1541 1451 1600 ot

350 1645 554 1731 Stephanum
585 1645 669 1712 filios
684 1646 850 1712 Kalmerii
865 1647 899 1711 in
924 1647 1125 1730 possessione
1151 1645 1280 1729 Gerege
1297 1647 1388 1711 citare
1401 1665 1451 1709 non

350 1733 475 1837 possint
490 1775 549 1820 neo
565 1755 599 1818 in
616 1756 807 1820 exeouoione
826 1775 921 1820 cause
937 1760 1072 1838 propter
1090 1753 1221 1820 eosdem
1237 1754 1418 1820 Michaelem
1430 1760 1453 1816 et

351 1861 553 1946 Stephanum
569 1862 690 1928 dietam
706 1863 941 1947 possessionem
952 1863 1080 1948 Gerege
1105 1866 1138 1928 iu
1151 1865 1265 1948 aliquo
1282 1864 1397 1946 possint
1410 1883 1453 1944 ag-

345 1991 490 2054 gravare.
500 1969 632 2036 ‘Datum
648 1971 750 2038 tercia
761 1969 843 2034 feria
858 1973 1008 2055 proxima
1023 1975 1100 2037 ante
1111 1971 1231 2036 festum
1247 1971 1341 2038 beate
1365 1969 1453 2035 Maris

347 2077 554 2163 Magdalene,
571 2101 656 2146 anno
674 2078 796 2144 domini
812 2077 866 2143 Μ0
883 2077 984 2144 0000
999 2077 1092 2143 XX⁰
1107 2101 1201 2144 nono.

454 2242 586 2293 Zarla-tan
598 2241 693 2307 peosdt
717 2242 894 2308 nyomaiva13
920 2243 1052 2308 eredetije
1073 2257 1106 2292 az
1130 2257 1199 2294 orez.
1222 2242 1278 2292 liar
1291 2240 1384 2291 kinost.
1401 2243 1455 2294 osrt.

344 2332 378 2382 N.
392 2333 426 2383 R.
440 2333 473 2384 Α..
491 2337 531 2382 18.
547 2337 589 2384 55.
604 2333 671 2396 dipl.
685 2333 756 2382 ltar:
771 2335 849 2384 2502.
869 2333 968 2383 Kdzli:
987 2333 1089 2383 Vincze
1103 2332 1202 2383 Gabar.

833 2497 991 2508 m*—

875 2735 947 2797 363.

348 2899 442 2961 1329.
451 2899 518 2982 jot.
535 2900 586 2962 20.
604 2893 635 2960 Α
652 2897 790 2962 0000001
806 2897 967 2984 lra‘ptolon
984 2900 1056 2964 elau
1071 2923 1109 2964 aa
1129 2898 1236 2963 otton
1253 2895 1456 2985 rrevmzotse'gbt'l

350 3005 425 3070 0010
439 3002 624 3088 Albertflai
641 3003 750 3070 Szb'lds
766 3016 848 3072 nevit
867 3003 999 3070 000000
1015 3009 1199 3092 orirnnogpei
1224 3007 1405 3070 birros-star
1419 3006 1458 3068 εό-

546 3114 718 3198 yorulrnnle
734 3114 931 3199 Mitalpaak
947 3114 1073 3180 liezela
1096 3115 1275 3198 boosdtjo'lr.

455 3271 645 3356 Capitulum
661 3273 795 3338 eoelesie
811 3271 1046 3340 Ohanadiensis
1063 3324 1069 3338 .
1087 3323 1094 3338 .
1111 3273 1154 3338 ad
1179 3276 1394 3340 universorum
1411 3293 1457 3335 no·

347 3379 458 3444 tisiam
475 3429 481 3444 .
498 3429 505 3444 .
522 3381 669 3446 volumus
700 3382 878 3465 pervenire,
900 3381 988 3464 quod
1019 3381 1206 3447 constitutis
1239 3403 1347 3446 eoram
1375 3378 1458 3444 nobis

346 3485 501 3572 Myhaele
517 3487 585 3555 filio
603 3487 762 3572 Stephani
777 3488 838 3554 filii
854 3488 1007 3573 Gregorii
1031 3511 1071 3555 ex
1086 3495 1181 3573 parte
1206 3511 1273 3557 una
1297 3491 1374 3554 item
1389 3485 1458 3552 Gre-

346 3598 437 3680 gorio
454 3603 487 3662 et
504 3597 630 3664 Thoma
644 3598 719 3662 filiis
736 3595 869 3662 Alberti
895 3597 934 3662 de
960 3619 1077 3682 genere
1109 3595 1224 3664 Ohtuu
1256 3597 1456 3683 personaliter

344 3705 425 3769 item
440 3727 500 3789 pro
516 3704 607 3770 Beke
635 3705 763 3771 Thema
784 3702 955 3770 Anthonio
972 3709 1005 3770 et
1019 3705 1119 3772 Petro
1136 3705 1212 3771 filiis
1229 3705 1385 3772 Demetrii
1399 3724 1459 3788 pro-

346 3814 440 3878 ximis
457 3813 522 3878 suis
539 3835 577 3878 ex
594 3814 708 3899 altera,
725 3813 811 3880 idem
827 3811 1009 3898 Gregorius
1025 3820 1059 3878 et
1082 3813 1225 3880 Thomas
1242 3865 1249 3880 .
1266 3865 1273 3880 .
1290 3815 1458 3880 retulerunt

345 3921 433 4006 quod
449 3942 489 3985 ex
506 3942 663 3986 consensu
687 3923 830 3987 omnium
854 3923 1076 4006 proximorum
1102 3943 1234 3988 suorum
1259 3927 1358 4006 prout
1372 3921 1459 3986 eciam

346 4027 372 4094 J
374 4028 519 4093 ohannes
551 4027 654 4094 frater
669 4030 814 4114 ipsorum
830 4027 901 4095 fieri
918 4030 1085 4096 dimiserat
1110 4035 1143 4095 et
1167 4035 1348 4096 testaverat
1362 4049 1460 4113 quam·

344 4134 420 4202 dam
435 4137 872 4219 possessionemeorumdem
881 4137 1111 4204 hereditariam
1123 4140 1322 4222 superiorem
1337 4135 1460 4203 Zerleus

344 4251 494 4310 vocatam
509 4245 542 4309 in
559 4246 716 4312 comitatu
733 4245 951 4313 Ohauadiensi
968 4248 1159 4313 existentem
1175 4248 1210 4312 in
1227 4269 1293 4333 qua
1309 4254 1358 4312 est
1372 4245 1460 4310 ecole-

344 4353 392 4418 sia
407 4354 441 4418 in
457 4353 579 4419 honore
604 4354 693 4420 beati
718 4355 812 4420 Petri
838 4358 1018 4424 constituta
1043 4357 1129 4422 dioto
1155 4355 1303 4440 Mykaeli
1319 4355 1386 4422 filio
1401 4353 1461 4420 ste·

344 4461 445 4546 phani
461 4462 592 4528 racione
608 4463 826 4546 proximitatis
858 4486 931 4530 oum
963 4486 1073 4530 sorore
1103 4465 1250 4550 ipsorum
1281 4486 1341 4550 pro
1357 4465 1462 4549 quarta

345 4574 442 4655 parto
457 4567 552 4636 filiali
569 4571 713 4640 eiusdem
731 4593 803 4638 eum
819 4572 969 4640 omnibus
985 4572 1184 4640 utilitatibus
1208 4579 1243 4639 et
1267 4569 1462 4659 pertinenciis
