3172 5462
596 441 691 508 1324.
710 461 781 508 aar.
801 437 850 506 13.
1221 447 1282 513 173

147 625 321 708 presertim
357 625 435 710 quia
466 623 574 689 nullus
606 622 827 706 geueracionis
861 644 918 686 suc
952 623 1118 690 hominum
1144 647 1164 690 a
1188 631 1282 694 tanto

147 741 296 816 tempore
313 733 448 798 eandem
463 733 694 816 possessiouem
717 731 798 796 Eusi
824 731 936 796 taliter
951 733 1079 816 pignori
1104 733 1283 818 obligatam

148 849 186 906 ut
211 841 418 926 premittitur
442 841 483 906 ab
508 841 579 923 ipsa
599 839 864 924 inpignoracione
890 862 995 924 usque
1010 848 1090 906 tunc
1106 843 1283 911 curavisset

148 950 326 1034 absolvere,
342 971 416 1016 cum
431 971 497 1015 non
513 950 670 1032 potuisset
685 947 851 1030 redimere,
863 947 1050 1014 distraxisse
1060 955 1093 1014 et
1103 950 1283 1018 vendidisse

148 1059 300 1124 similiter
315 1059 411 1142 pleno
427 1059 497 1123 iure
512 1059 547 1123 in
566 1062 758 1140 perpetuum
783 1078 857 1122 cum
882 1057 1074 1123 molendinis
1099 1063 1132 1124 et
1156 1056 1283 1148 (silvis),

147 1168 312 1235 fructibus
328 1176 361 1234 et
380 1169 530 1234 omnibus
545 1167 745 1239 utilitatibus
762 1167 804 1232 ad
819 1167 1005 1234 habendum
1027 1169 1283 1236 irrevocabiliter

147 1283 181 1342 et
196 1277 375 1342 tenendum
392 1276 655 1360 permittentibus
680 1277 793 1340 vicinis
818 1278 1027 1360 possessionis
1054 1277 1204 1362 eiusdem,
1230 1299 1281 1343 su-

147 1385 308 1468 pradictis
323 1385 400 1450 filiis
415 1385 558 1450 Emerici
575 1391 607 1451 et
622 1385 779 1468 magistro
796 1383 934 1452 Nicolao
959 1409 1033 1452 cum
1048 1385 1123 1451 filiis
1140 1387 1282 1452 eiusdem

148 1515 187 1558 ac
204 1492 342 1560 Mathee
357 1500 535 1560 memorato
552 1544 558 1560 .
576 1544 583 1559 .
599 1492 712 1558 fuisset
728 1493 891 1560 confessus
908 1545 914 1560 .
931 1544 938 1560 .

260 1677 282 1727 Ι.
299 1677 406 1742 Ktroly
427 1676 516 1740 kime
539 1675 662 1726 sdntebbi
676 1673 854 1726 oklevelenek
876 1675 1006 1742 credetije
1025 1677 1184 1727 ›Johannos
1208 1675 1282 1728 filius

147 1767 277 1818 Ladislai
291 1769 325 1819 de
334 1769 486 1820 Pezelnek‹
500 1768 567 1818 altat
579 1767 814 1829 felmutattatrdm
828 1767 922 1816 annak
934 1767 1068 1817 kivonata
1079 1769 1174 1818 Bebek
1187 1769 1281 1819 Istvtu

149 1857 372 1922 orszagblrbnak
388 1863 465 1910 1360.
477 1858 594 1908 martius
609 1857 689 1907 laetu
702 1857 761 1906 kelt
780 1855 999 1907 iteletleveltben
1021 1857 1193 1923 foglaltatik;
1216 1873 1283 1908 ezerr

148 1947 307 2000 utbbbinak
322 1949 452 2014 credetije
463 1962 581 2013 megvan
594 1964 625 1998 az
639 1963 707 1998 orsz.
729 1947 784 1997 ltr'u·
803 1947 903 1998 kinost.
925 1953 991 2000 oszt.
1015 1949 1047 1998 N.
1061 1949 1093 1998 R.
1108 1949 1140 1998 Α,
1166 1953 1243 1999 1539.
1257 1953 1282 2001 2.

148 2039 217 2103 dipl.
233 2039 264 2088 lt.
279 2044 358 2090 2271.
372 2039 469 2090 Kozli:
483 2040 585 2090 Vineae
599 2041 699 2091 Gabor.

638 2217 796 2227 -—-——

681 2437 753 2499 156.

153 2601 251 2666 1325.
260 2604 336 2688 jun.
355 2603 406 2665 13.
423 2598 470 2665 Aa
487 2601 557 2686 epri
571 2601 729 2686 triptoloo
747 2599 818 2663 etta
838 2599 949 2663 Posti
973 2599 1082 2664 Jatat
1097 2600 1172 2684 fiai,
1191 2599 1283 2666 Dobo'
1376 2613 1382 2635 ⁸

362 2714 393 2775 e's
409 2711 523 2790 Jcioos,
540 2711 588 2774 ὕει’
604 2709 809 2774 birtokoiboo
824 2709 1070 2794 oropoaztozodk.

260 2886 331 2953 Nos
348 2887 528 2970 capitulum
544 2886 675 2951 ecclesie
701 2883 871 2970 Agriensis
896 2885 1009 2950 damus
1034 2907 1092 2968 pro
1118 2887 1281 2969 memoria,

151 2995 241 3080 quod
266 2995 393 3061 Dobow
419 3002 450 3060 et
475 2993 644 3060 Johannes
669 2993 817 3076 magistri
847 2991 906 3057 filii
932 2994 1059 3058 comitis
1090 2993 1211 3060 Jacobi
1243 2994 1282 3060 dc

149 3104 249 3169 Pank
266 3153 272 3168 .
289 3153 296 3168 .
312 3109 568 3187 proposuerunt.
585 3153 592 3167 .
610 3101 698 3187 quod
715 3103 748 3166 in
764 3101 1018 3186 possessionibus
1036 3123 1147 3168 eorum
1156 3101 1282 3184 Ruzka,

148 3212 299 3298 Radycb,
324 3211 523 3295 Harhauisa,
548 3209 662 3295 Palag,
689 3209 912 3294 Golomblaza,
938 3209 1076 3295 Scynna,
1101 3209 1224 3292 Ohepel
1249 3215 1282 3273 et

149 3321 294 3388 Dobrun
310 3343 434 3386 necnon
449 3319 580 3386 Domok
597 3327 630 3384 et
645 3319 741 3384 Pank
755 3321 877 3384 vocatis
904 3318 942 3383 de
968 3319 1173 3401 beneplacito
1197 3319 1281 3401 ipso-

150 3452 223 3496 rum
234 3429 337 3494 talem
346 3429 431 3494 inter
441 3449 474 3493 se
484 3425 634 3493 fecissent
645 3425 934 3510 divisionem,quod
945 3425 1128 3490 dimidietas
1140 3424 1280 3490 eiusdem

149 3545 236 3604 terre
253 3537 371 3603 Ruzka
387 3541 419 3600 et
435 3536 618 3602 dimidietas
633 3537 734 3619 ipsius
758 3542 844 3600 terre
868 3533 1007 3619 Radych
1031 3555 1051 3598 a
1076 3539 1169 3617 parte
1186 3535 1280 3598 meri-

149 3648 274 3714 dionali
289 3649 439 3730 iacentes,
464 3647 542 3712 item
568 3645 751 3711 dimidietas
775 3651 938 3710 terrarum
962 3643 1068 3726 Palag
1094 3649 1126 3708 et
1152 3640 1282 3727 Scynna

148 3757 372 3840 predictarum
389 3755 430 3821 ab
448 3755 560 3820 eadem
575 3755 673 3838 plaga
689 3751 893 3818 meridionali
920 3753 1071 3833 iacentes²
1096 3751 1174 3814 item
1190 3749 1281 3814 dinn-

148 3864 256 3930 dictas
281 3864 382 3946 ipsius
406 3863 615 3948 possessionis
646 3860 787 3926 Dubruu
812 3883 831 3925 a
855 3865 950 3944 parte
972 3857 1150 3940 aquilonali
1175 3859 1281 3923 iacens

149 3995 223 4037 cum
240 3972 400 4037 universis
426 3970 624 4036 utilitatibus
641 3977 673 4035 et
689 3969 896 4052 pertinenciis
922 3965 1107 4032 earumdem
1132 3965 1281 4031 videlicet

148 4080 335 4166 hospitibus
352 4087 384 4146 et
408 4080 481 4145 aliis
506 4078 715 4163 proventibus
740 4077 949 4160 iobagionum
964 4095 1095 4140 suorum
1113 4075 1281 4139 cessissent

149 4190 254 4255 eidem
271 4189 428 4273 magistro
444 4187 569 4254 Dobow
586 4238 592 4252 .
610 4237 616 4253 .
633 4187 767 4270 reliquis
791 4207 866 4250 vero
884 4181 1139 4248 dimidietatibus
1157 4201 1280 4248 earum-

148 4296 221 4364 dem
238 4298 475 4383 posssasionum
491 4347 498 4361 .
515 4345 521 4361 .
539 4297 626 4361 dicto
643 4296 798 4378 magistro
809 4293 956 4360 dohanni
974 4343 980 4356 .
997 4343 1004 4358 .
1020 4289 1279 4372 remanentibus3

149 4407 337 4474 dictavero
363 4407 577 4490 possessiones
605 4403 820 4486 Harhauissa‚
846 4399 1067 4482 Golomblaza‚
1092 4397 1224 4464 Domok
1248 4406 1281 4464 et

148 4513 245 4581 Paul<
261 4520 434 4600 prenotate
450 4535 522 4578 cum
539 4533 649 4578 earum
665 4509 866 4576 utilitatibus
893 4508 1041 4576 omnibus
1066 4508 1280 4572 communiter

150 4619 344 4712 possidende
361 4621 480 4688 eisdem
496 4620 726 4687 remansissent
742 4669 748 4685 .
766 4669 772 4685 .
789 4617 914 4684 Datum
939 4617 973 4681 in
998 4615 1119 4683 octavis
1134 4613 1278 4700 Epipha-
