3130 5470
558 526 652 589 1330.
671 545 764 588 siena.
787 527 836 588 23.
1194 527 1258 591 469

122 701 297 788 Stephano
314 704 480 789 preposito
498 701 836 788 Quinqueecolesiensi
864 726 922 789 per
946 705 1053 790 ipsum
1080 707 1259 790 capitulum

124 811 169 878 ad
196 813 356 896 premissa
381 812 586 897 exsequenda
614 811 763 896 delegato
789 814 877 896 ipsas
903 795 1118 897 possessiones
1145 811 1259 880 Gonas

122 919 263 986 Kedhel
280 927 312 987 et
328 922 513 1005 porcionem
528 921 563 985 in
579 919 718 1004 Sybolth
733 921 881 987 habitam
890 921 1089 988 hereditario
1106 923 1204 990 titulo
1215 923 1258 988 ad

122 1031 213 1124 ipsos
229 1029 477 1096 tiliosLancreti
488 1033 633 1114 spectare
649 1036 795 1114 repertas
805 1033 839 1096 in
855 1032 1025 1114 sexaginta
1041 1033 1158 1098 marcis
1170 1054 1254 1098 com·

124 1138 272 1220 perimus
296 1139 462 1203 estimatus
488 1139 643 1220 extitisse,
669 1138 755 1203 unde
779 1139 856 1204 licet
882 1160 921 1204 ex
945 1139 1103 1223 premissa
1119 1139 1258 1205 evidenti

125 1246 398 1330 comprobaoione
415 1247 499 1312 dicte
524 1247 745 1331 inquisicionis
762 1251 938 1312 memorate
962 1247 1176 1330 possessiones
1193 1245 1258 1315 Go-

122 1374 186 1418 nas
203 1353 336 1420 Kedhel
362 1360 395 1420 et
410 1356 520 1438 porcio
536 1356 569 1418 in
586 1354 724 1440 Sybolth
739 1353 853 1420 hahita
863 1354 905 1419 ad
921 1357 1163 1438 prenominatos
1173 1353 1258 1423 filios

123 1462 285 1528 Lancreti
302 1463 398 1530 titulo
430 1463 628 1529 hereditario
645 1464 783 1528 attinere
799 1469 928 1548 reperte
946 1464 1133 1548 extiterunt,
1149 1471 1259 1530 tamen

125 1592 187 1654 pro
205 1572 384 1638 evitatione
402 1574 505 1638 omnis
521 1572 710 1657 suspicionis
727 1593 788 1655 que
804 1573 936 1638 racione
952 1578 1256 1658 protecturumpos-

125 1679 309 1744 sessionum
324 1681 358 1743 in
374 1682 519 1764 ipsorum
544 1678 684 1746 filiorum
701 1679 857 1746 Lancreti
882 1682 1081 1746 contrarium
1107 1682 1184 1747 oriri
1201 1681 1257 1748 ali-

125 1791 290 1868 quatenus
315 1789 475 1871 potuisset
501 1793 534 1852 et
551 1789 652 1853 eciam
669 1793 805 1872 propter
831 1789 961 1855 maioris
988 1789 1035 1854 rei
1059 1787 1257 1855 evidenoiam

123 1895 323 1980 iusticieque
339 1897 485 1963 clarioris
503 1896 646 1962 debitam
663 1895 903 1962 observanoiam
928 1918 1066 1962 unacum
1082 1895 1258 1964 baronibus

124 2011 158 2068 et
175 2003 341 2068 nobilibus
356 2005 448 2088 regni
459 2005 680 2070 adiudicantes
692 2003 937 2068 decreveramus
954 2025 992 2069 eo
1008 2004 1114 2087 modo,
1129 2005 1258 2088 quodin

123 2111 303 2195 quindenis
319 2112 497 2178 residencie
513 2113 633 2196 regalis
650 2112 809 2176 exercitus
825 2111 942 2195 prelati
959 2110 1016 2176 filii
1034 2111 1192 2178 Lancreti
1207 2113 1259 2178 vel

122 2241 211 2284 unus
228 2219 373 2302 ipsorum
389 2221 422 2285 in
438 2220 521 2286 facie
546 2221 640 2285 unius
672 2220 831 2285 dictarum
857 2220 1095 2302 possessionum
1120 2221 1258 2286 astando

122 2329 329 2411 sexagesimo
348 2349 381 2392 se
397 2329 562 2395 nobilibus
579 2329 808 2394 commetaneis
825 2329 889 2392 suis
915 2328 976 2393 sibi
1002 2329 1135 2394 inclusis
1161 2335 1258 2414 prout

120 2439 303 2503 iuramenti
321 2437 484 2521 deposicio
500 2439 533 2502 in
550 2437 638 2503 facto
655 2445 740 2502 terre
757 2439 849 2502 iuxta
880 2437 971 2521 regni
988 2438 1253 2504 consuetudinem

121 2547 197 2612 fieri
213 2545 374 2612 incumbit
389 2567 448 2630 per
478 2546 539 2611 hec
563 2545 671 2628 rerba,
688 2549 725 2610 ut
751 2543 875 2628 prefate
892 2545 1109 2629 possessiones
1134 2543 1255 2630 Gonas,

121 2654 261 2720 Kedhel
279 2661 311 2719 et
326 2656 436 2738 porcio
453 2656 486 2720 in
503 2652 641 2739 Sybolth
658 2652 771 2718 habita
787 2653 984 2718 hereditario
1002 2653 1098 2718 titulo
1115 2652 1257 2738 sibiper-

122 2763 265 2846 tineent,
281 2761 484 2846 presentibus
501 2762 597 2828 dictis
613 2761 796 2826 hominibus
813 2762 933 2826 nostris
950 2767 983 2825 et
1000 2762 1184 2828 testimonio
1202 2784 1254 2828 ca-

121 2869 225 2954 pituli
243 2865 596 2952 Quinqueecclesiensis
613 2874 851 2934 sacramentum
882 2869 1060 2954 deponeret
1077 2869 1257 2954 seriemque

122 2979 236 3044 tocius
252 2976 331 3042 sacti
349 2999 421 3043 cum
446 2977 628 3043 nominibus
655 2977 836 3042 iuratorum
862 2975 904 3041 ad
929 2977 1109 3060 quindenas
1126 2977 1257 3062 quinde-

122 3107 246 3151 narum
261 3086 440 3151 residencie
466 3085 544 3150 dicti
561 3086 722 3150 exercitus
747 3087 780 3150 in
805 3087 925 3151 litteris
950 3085 1104 3170 prelibati
1121 3087 1257 3170 capituli

122 3195 222 3261 nobis
254 3201 445 3279 reportaret,
471 3194 603 3260 taudem
629 3195 767 3258 termino
792 3195 1027 3277 reportacionis
1053 3194 1139 3258 dicte
1163 3195 1258 3258 seriei

123 3305 256 3370 scilicet
272 3302 354 3369 feria
370 3302 511 3368 secunda
526 3303 673 3387 proxima
690 3307 763 3384 post
774 3307 903 3368 octavas
923 3301 1170 3367 Purifioaoionis
1195 3303 1257 3366 rir-

122 3415 212 3499 ginis
246 3413 384 3497 gloriose
402 3415 573 3477 occurente
591 3410 735 3495 prefatus
762 3409 946 3494 Stephanus
970 3409 1056 3475 filius
1081 3411 1257 3476 Lancereti

120 3545 185 3606 pro
203 3544 240 3587 se
256 3522 480 3606 personaliter,
510 3542 570 3605 pro
596 3519 685 3585 Beke
711 3541 785 3585 vero
812 3519 946 3586 Oosmas
971 3517 1057 3584 filius
1083 3541 1159 3584 suus
1186 3541 1259 3585 cum

119 3631 361 3716 procuratoriis
377 3630 497 3695 litteris
508 3635 682 3695 conventus
693 3627 927 3711 Waradiensis,
937 3629 1102 3711 magistris
1118 3625 1152 3692 N
1153 3627 1256 3694 icolao

120 3740 246 3806 comite
264 3737 483 3804 Themesiensi
500 3744 533 3802 et
550 3736 717 3821 Stephano
744 3738 872 3803 notario
890 3737 1011 3804 domini
1037 3739 1121 3822 regis
1137 3739 1171 3802 in
1186 3760 1257 3821 per-

120 3870 207 3915 sona
224 3847 326 3931 ipsius
343 3847 463 3932 regalis
480 3845 675 3911 excellencie
692 3867 765 3911 cum
781 3847 937 3930 legitimis
954 3849 1187 3931 procuratoriis
1205 3847 1258 3912 lit·

118 3957 205 4024 teris
240 3953 382 4021 eiusdem
413 3955 596 4020 astantibus
612 3954 653 4018 ad
684 3959 829 4020 nostram
845 3952 1029 4019 accedendo
1055 3955 1256 4038 presenciam

117 4067 257 4132 litteras
280 4065 342 4128 iarn
362 4063 442 4129 dicti
459 4062 593 4147 capituli
604 4059 1041 4145 Quinqueeclesiensisnobis
1059 4061 1257 4127 demonstra-

118 4179 203 4241 runt
220 4173 256 4236 in
281 4193 416 4256 quarum
444 4171 611 4237 tenoribus
636 4172 741 4254 ipsum
766 4171 984 4235 iuramentum
1009 4191 1068 4254 per
1092 4169 1257 4254 prefatum

117 4281 218 4347 Beke
237 4280 339 4345 filium
364 4279 520 4345 Lancreti
546 4299 685 4343 unacum
711 4276 816 4342 Petro
842 4277 909 4342 filio
935 4275 1083 4342 Iradislai
1110 4276 1149 4341 de
1165 4278 1258 4342 iuxta

117 4391 239 4474 Alma,
255 4387 427 4474 Mychaels
443 4388 511 4454 filio
529 4371 691 4472 Gregorii,
716 4385 741 4450 J
744 4387 870 4452 ohanne
886 4385 953 4451 filio
970 4384 1072 4467 Petri,
1098 4384 1256 4450 Ladislao

117 4501 191 4567 filio
210 4498 380 4582 Stephani,
396 4496 500 4562 Peteu
511 4494 578 4562 filio
588 4495 686 4561 Pauli
695 4495 859 4561 nobilibus
870 4493 910 4559 de
920 4493 1074 4577 Wyzloiv,
1085 4491 1257 4578 Mychaele

117 4611 190 4676 filio
208 4607 362 4692 Dyonisii
379 4605 419 4671 de
436 4607 529 4670 iuxta
545 4602 692 4690 Sybolth,
709 4604 734 4669 J
735 4603 862 4669 ohanne
878 4603 945 4668 filio
962 4601 1074 4685 Blasii,
1085 4600 1257 4686 Mychaele

117 4718 192 4789 filio
211 4713 343 4783 Nicolai
360 4715 525 4784 nobilibus
542 4713 581 4778 de
598 4712 708 4799 Sebes,
725 4712 864 4782 Nicolao
881 4709 948 4782 filio
964 4709 1107 4794 Iwanka,
1132 4707 1257 4802 Grego-
