<?xml version="1.0" encoding="UTF-8"?>
<!DOCTYPE html PUBLIC "-//W3C//DTD XHTML 1.0 Transitional//EN"
    "http://www.w3.org/TR/xhtml1/DTD/xhtml1-transitional.dtd">
<html xmlns="http://www.w3.org/1999/xhtml" xml:lang="en" lang="en">
 <head>
  <title>
</title>
<meta http-equiv="Content-Type" content="text/html;charset=utf-8" />
  <meta name='ocr-system' content='tesseract 3.04.00' />
  <meta name='ocr-capabilities' content='ocr_page ocr_carea ocr_par ocr_line ocrx_word'/>
</head>
<body>
  <div class='ocr_page' id='page_1' title='image "./codexdiplomatic01nagygoog_0510.png"; bbox 0 0 3154 5474; ppageno 0'>
   <div class='ocr_carea' id='block_1_1' title="bbox 543 437 1246 550">
    <p class='ocr_par' dir='ltr' id='par_1_1' title="bbox 543 437 1246 550">
     <span class='ocr_line' id='line_1_1' title="bbox 543 437 1246 550; baseline -0.003 0"><span class='ocrx_word' id='word_1_1' title='bbox 543 487 794 550; x_wconf 81' lang='lat' dir='ltr'><strong>1330.rou.17.</strong></span> <span class='ocrx_word' id='word_1_2' title='bbox 846 437 848 442; x_wconf 34' lang='lat'>⁵</span> <span class='ocrx_word' id='word_1_3' title='bbox 1179 487 1246 548; x_wconf 84' lang='lat'><strong>493</strong></span> 
     </span>
    </p>
   </div>
   <div class='ocr_carea' id='block_1_2' title="bbox 116 661 1319 4768">
    <p class='ocr_par' dir='ltr' id='par_1_2' title="bbox 116 661 1319 4768">
     <span class='ocr_line' id='line_1_2' title="bbox 116 661 1249 750; baseline -0.001 -20"><span class='ocrx_word' id='word_1_4' title='bbox 116 671 200 730; x_wconf 87' lang='lat' dir='ltr'><strong>terre</strong></span> <span class='ocrx_word' id='word_1_5' title='bbox 217 671 306 731; x_wconf 90' lang='lat' dir='ltr'><strong>meta</strong></span> <span class='ocrx_word' id='word_1_6' title='bbox 322 666 426 749; x_wconf 90' lang='lat' dir='ltr'><strong>primo</strong></span> <span class='ocrx_word' id='word_1_7' title='bbox 457 665 574 750; x_wconf 78' lang='lat' dir='ltr'><strong>incipit</strong></span> <span class='ocrx_word' id='word_1_8' title='bbox 589 664 631 729; x_wconf 86' lang='lat' dir='ltr'><strong>ab</strong></span> <span class='ocrx_word' id='word_1_9' title='bbox 648 663 802 747; x_wconf 87' lang='lat' dir='ltr'><strong>aquilone</strong></span> <span class='ocrx_word' id='word_1_10' title='bbox 818 664 853 728; x_wconf 92' lang='lat' dir='ltr'><strong>in</strong></span> <span class='ocrx_word' id='word_1_11' title='bbox 870 661 975 728; x_wconf 87' lang='lat' dir='ltr'><strong>medio</strong></span> <span class='ocrx_word' id='word_1_12' title='bbox 991 662 1068 728; x_wconf 80' lang='lat' dir='ltr'><strong>ville</strong></span> <span class='ocrx_word' id='word_1_13' title='bbox 1086 668 1119 728; x_wconf 93' lang='lat' dir='ltr'><strong>et</strong></span> <span class='ocrx_word' id='word_1_14' title='bbox 1134 663 1181 728; x_wconf 91' lang='lat' dir='ltr'><strong>ibi</strong></span> <span class='ocrx_word' id='word_1_15' title='bbox 1199 669 1249 729; x_wconf 91' lang='lat' dir='ltr'><strong>est</strong></span> 
     </span>
     <span class='ocr_line' id='line_1_3' title="bbox 117 769 1247 856; baseline -0.001 -19"><span class='ocrx_word' id='word_1_16' title='bbox 117 795 180 838; x_wconf 89' lang='lat' dir='ltr'><strong>una</strong></span> <span class='ocrx_word' id='word_1_17' title='bbox 196 779 286 839; x_wconf 88' lang='lat' dir='ltr'><strong>meta</strong></span> <span class='ocrx_word' id='word_1_18' title='bbox 302 779 411 838; x_wconf 89' lang='lat' dir='ltr'><strong>terrea</strong></span> <span class='ocrx_word' id='word_1_19' title='bbox 427 778 459 838; x_wconf 90' lang='lat' dir='ltr'><strong>et</strong></span> <span class='ocrx_word' id='word_1_20' title='bbox 477 769 677 838; x_wconf 88' lang='lat' dir='ltr'><strong>transeundo</strong></span> <span class='ocrx_word' id='word_1_21' title='bbox 693 773 800 856; x_wconf 91' lang='lat' dir='ltr'><strong>ipsam</strong></span> <span class='ocrx_word' id='word_1_22' title='bbox 824 772 937 838; x_wconf 84' lang='lat' dir='ltr'><strong>villam</strong></span> <span class='ocrx_word' id='word_1_23' title='bbox 962 792 1020 855; x_wconf 91' lang='lat' dir='ltr'><strong>per</strong></span> <span class='ocrx_word' id='word_1_24' title='bbox 1037 771 1247 837; x_wconf 85' lang='lat' dir='ltr'><strong>latitudinem</strong></span> 
     </span>
     <span class='ocr_line' id='line_1_4' title="bbox 117 879 1247 964; baseline 0.002 -20"><span class='ocrx_word' id='word_1_25' title='bbox 117 882 204 947; x_wconf 83' lang='lat' dir='ltr'><strong>venit</strong></span> <span class='ocrx_word' id='word_1_26' title='bbox 219 902 332 947; x_wconf 79' lang='lat' dir='ltr'><strong>versus</strong></span> <span class='ocrx_word' id='word_1_27' title='bbox 349 880 516 946; x_wconf 82' lang='lat' dir='ltr'><strong>meridiem</strong></span> <span class='ocrx_word' id='word_1_28' title='bbox 532 881 619 946; x_wconf 87' lang='lat' dir='ltr'><strong>cirea</strong></span> <span class='ocrx_word' id='word_1_29' title='bbox 635 901 757 964; x_wconf 86' lang='lat' dir='ltr'><strong>aquom</strong></span> <span class='ocrx_word' id='word_1_30' title='bbox 772 879 931 947; x_wconf 88' lang='lat' dir='ltr'><strong>Karaseu</strong></span> <span class='ocrx_word' id='word_1_31' title='bbox 947 885 979 945; x_wconf 90' lang='lat' dir='ltr'><strong>et</strong></span> <span class='ocrx_word' id='word_1_32' title='bbox 996 879 1042 946; x_wconf 91' lang='lat' dir='ltr'><strong>ibi</strong></span> <span class='ocrx_word' id='word_1_33' title='bbox 1067 880 1100 944; x_wconf 94' lang='lat' dir='ltr'><strong>in</strong></span> <span class='ocrx_word' id='word_1_34' title='bbox 1117 881 1247 948; x_wconf 86' lang='lat' dir='ltr'><strong>surculo</strong></span> 
     </span>
     <span class='ocr_line' id='line_1_5' title="bbox 120 988 1249 1056; baseline -0.002 -2"><span class='ocrx_word' id='word_1_35' title='bbox 120 988 287 1056; x_wconf 88' lang='lat' dir='ltr'><strong>cuiusdam</strong></span> <span class='ocrx_word' id='word_1_36' title='bbox 319 989 444 1055; x_wconf 82' lang='lat' dir='ltr'><strong>arboris</strong></span> <span class='ocrx_word' id='word_1_37' title='bbox 460 989 570 1054; x_wconf 90' lang='lat' dir='ltr'><strong>salicis</strong></span> <span class='ocrx_word' id='word_1_38' title='bbox 586 992 636 1056; x_wconf 92' lang='lat' dir='ltr'><strong>est</strong></span> <span class='ocrx_word' id='word_1_39' title='bbox 652 993 739 1053; x_wconf 88' lang='lat' dir='ltr'><strong>meta</strong></span> <span class='ocrx_word' id='word_1_40' title='bbox 755 989 852 1054; x_wconf 87' lang='lat' dir='ltr'><strong>terris</strong></span> <span class='ocrx_word' id='word_1_41' title='bbox 878 989 1045 1054; x_wconf 87' lang='lat' dir='ltr'><strong>cumulata</strong></span> <span class='ocrx_word' id='word_1_42' title='bbox 1072 993 1105 1054; x_wconf 90' lang='lat' dir='ltr'><strong>et</strong></span> <span class='ocrx_word' id='word_1_43' title='bbox 1120 988 1167 1053; x_wconf 93' lang='lat' dir='ltr'><strong>ibi</strong></span> <span class='ocrx_word' id='word_1_44' title='bbox 1183 993 1249 1052; x_wconf 85' lang='lat' dir='ltr'><strong>ter-</strong></span> 
     </span>
     <span class='ocr_line' id='line_1_6' title="bbox 120 1095 1249 1181; baseline -0.003 -18"><span class='ocrx_word' id='word_1_45' title='bbox 120 1099 272 1180; x_wconf 86' lang='lat' dir='ltr'><strong>minatur,</strong></span> <span class='ocrx_word' id='word_1_46' title='bbox 290 1097 410 1162; x_wconf 78' lang='lat' dir='ltr'><strong>abhinc</strong></span> <span class='ocrx_word' id='word_1_47' title='bbox 424 1097 637 1163; x_wconf 78' lang='lat' dir='ltr'><strong>accessissent</strong></span> <span class='ocrx_word' id='word_1_48' title='bbox 653 1117 750 1179; x_wconf 90' lang='lat' dir='ltr'><strong>super</strong></span> <span class='ocrx_word' id='word_1_49' title='bbox 766 1096 929 1181; x_wconf 91' lang='lat' dir='ltr'><strong>quandam</strong></span> <span class='ocrx_word' id='word_1_50' title='bbox 945 1103 1067 1164; x_wconf 87' lang='lat' dir='ltr'><strong>terram</strong></span> <span class='ocrx_word' id='word_1_51' title='bbox 1083 1095 1249 1180; x_wconf 78' lang='lat' dir='ltr'><strong>Kysfolud</strong></span> 
     </span>
     <span class='ocr_line' id='line_1_7' title="bbox 119 1201 1249 1292; baseline -0.002 -20"><span class='ocrx_word' id='word_1_52' title='bbox 119 1212 266 1272; x_wconf 80' lang='lat' dir='ltr'><strong>vocatam</strong></span> <span class='ocrx_word' id='word_1_53' title='bbox 282 1227 381 1290; x_wconf 86' lang='lat' dir='ltr'><strong>quam</strong></span> <span class='ocrx_word' id='word_1_54' title='bbox 396 1204 438 1270; x_wconf 86' lang='lat' dir='ltr'><strong>ad</strong></span> <span class='ocrx_word' id='word_1_55' title='bbox 455 1203 537 1270; x_wconf 88' lang='lat' dir='ltr'><strong>duas</strong></span> <span class='ocrx_word' id='word_1_56' title='bbox 552 1210 662 1288; x_wconf 89' lang='lat' dir='ltr'><strong>partes</strong></span> <span class='ocrx_word' id='word_1_57' title='bbox 678 1224 738 1287; x_wconf 89' lang='lat' dir='ltr'><strong>per</strong></span> <span class='ocrx_word' id='word_1_58' title='bbox 753 1204 896 1270; x_wconf 87' lang='lat' dir='ltr'><strong>medium</strong></span> <span class='ocrx_word' id='word_1_59' title='bbox 910 1201 994 1292; x_wconf 69' lang='lat' dir='ltr'><strong>[cum</strong></span> <span class='ocrx_word' id='word_1_60' title='bbox 1019 1205 1161 1290; x_wconf 88' lang='lat' dir='ltr'><strong>quadam</strong></span> <span class='ocrx_word' id='word_1_61' title='bbox 1176 1227 1249 1290; x_wconf 84' lang='lat' dir='ltr'><strong>par·</strong></span> 
     </span>
     <span class='ocr_line' id='line_1_8' title="bbox 120 1311 1250 1380; baseline 0 -2"><span class='ocrx_word' id='word_1_62' title='bbox 120 1313 224 1379; x_wconf 84' lang='lat' dir='ltr'><strong>ticula</strong></span> <span class='ocrx_word' id='word_1_63' title='bbox 240 1320 326 1378; x_wconf 89' lang='lat' dir='ltr'><strong>terre</strong></span> <span class='ocrx_word' id='word_1_64' title='bbox 357 1314 450 1378; x_wconf 84' lang='lat' dir='ltr'><strong>iuxta</strong></span> <span class='ocrx_word' id='word_1_65' title='bbox 466 1311 602 1379; x_wconf 89' lang='lat' dir='ltr'><strong>eandem</strong></span> <span class='ocrx_word' id='word_1_66' title='bbox 618 1311 729 1377; x_wconf 76' lang='lat' dir='ltr'><strong>villam</strong></span> <span class='ocrx_word' id='word_1_67' title='bbox 764 1313 805 1378; x_wconf 90' lang='lat' dir='ltr'><strong>ab</strong></span> <span class='ocrx_word' id='word_1_68' title='bbox 832 1313 1000 1380; x_wconf 89' lang='lat' dir='ltr'><strong>occidente</strong></span> <span class='ocrx_word' id='word_1_69' title='bbox 1026 1312 1140 1380; x_wconf 87' lang='lat' dir='ltr'><strong>habite</strong></span> <span class='ocrx_word' id='word_1_70' title='bbox 1171 1313 1250 1378; x_wconf 84' lang='lat' dir='ltr'><strong>divi-</strong></span> 
     </span>
     <span class='ocr_line' id='line_1_9' title="bbox 120 1419 1249 1504; baseline 0 -17"><span class='ocrx_word' id='word_1_71' title='bbox 120 1423 247 1504; x_wconf 80' lang='lat' dir='ltr'><strong>sissent,</strong></span> <span class='ocrx_word' id='word_1_72' title='bbox 265 1423 355 1487; x_wconf 90' lang='lat' dir='ltr'><strong>cuius</strong></span> <span class='ocrx_word' id='word_1_73' title='bbox 365 1421 522 1488; x_wconf 81' lang='lat' dir='ltr'><strong>medietas</strong></span> <span class='ocrx_word' id='word_1_74' title='bbox 538 1445 559 1488; x_wconf 90' lang='lat' dir='ltr'><strong>a</strong></span> <span class='ocrx_word' id='word_1_75' title='bbox 574 1421 708 1486; x_wconf 89' lang='lat' dir='ltr'><strong>meridie</strong></span> <span class='ocrx_word' id='word_1_76' title='bbox 724 1421 836 1489; x_wconf 87' lang='lat' dir='ltr'><strong>comiti</strong></span> <span class='ocrx_word' id='word_1_77' title='bbox 851 1420 959 1488; x_wconf 87' lang='lat' dir='ltr'><strong>Paulo</strong></span> <span class='ocrx_word' id='word_1_78' title='bbox 977 1425 1010 1487; x_wconf 92' lang='lat' dir='ltr'><strong>et</strong></span> <span class='ocrx_word' id='word_1_79' title='bbox 1024 1419 1164 1490; x_wconf 89' lang='lat' dir='ltr'><strong>Nicolao</strong></span> <span class='ocrx_word' id='word_1_80' title='bbox 1182 1419 1249 1488; x_wconf 88' lang='lat' dir='ltr'><strong>filio</strong></span> 
     </span>
     <span class='ocr_line' id='line_1_10' title="bbox 117 1529 1250 1614; baseline 0 -18"><span class='ocrx_word' id='word_1_81' title='bbox 117 1551 175 1596; x_wconf 89' lang='lat' dir='ltr'><strong>suo</strong></span> <span class='ocrx_word' id='word_1_82' title='bbox 196 1530 266 1595; x_wconf 85' lang='lat' dir='ltr'><strong>alia</strong></span> <span class='ocrx_word' id='word_1_83' title='bbox 281 1551 357 1596; x_wconf 87' lang='lat' dir='ltr'><strong>vero</strong></span> <span class='ocrx_word' id='word_1_84' title='bbox 372 1529 531 1596; x_wconf 84' lang='lat' dir='ltr'><strong>medietas</strong></span> <span class='ocrx_word' id='word_1_85' title='bbox 547 1551 567 1594; x_wconf 86' lang='lat' dir='ltr'><strong>a</strong></span> <span class='ocrx_word' id='word_1_86' title='bbox 583 1529 813 1613; x_wconf 84' lang='lat' dir='ltr'><strong>septemtrione</strong></span> <span class='ocrx_word' id='word_1_87' title='bbox 845 1530 994 1595; x_wconf 86' lang='lat' dir='ltr'><strong>cessisset</strong></span> <span class='ocrx_word' id='word_1_88' title='bbox 1009 1531 1043 1594; x_wconf 89' lang='lat' dir='ltr'><strong>in</strong></span> <span class='ocrx_word' id='word_1_89' title='bbox 1058 1531 1250 1614; x_wconf 87' lang='lat' dir='ltr'><strong>porcionem</strong></span> 
     </span>
     <span class='ocr_line' id='line_1_11' title="bbox 118 1635 1255 1722; baseline 0.002 -22"><span class='ocrx_word' id='word_1_90' title='bbox 118 1635 264 1703; x_wconf 90' lang='lat' dir='ltr'><strong>filiorum</strong></span> <span class='ocrx_word' id='word_1_91' title='bbox 280 1635 306 1701; x_wconf 89' lang='lat' dir='ltr'><strong>J</strong></span> <span class='ocrx_word' id='word_1_92' title='bbox 308 1636 444 1702; x_wconf 86' lang='lat' dir='ltr'><strong>ohannis</strong></span> <span class='ocrx_word' id='word_1_93' title='bbox 460 1635 670 1721; x_wconf 84' lang='lat' dir='ltr'><strong>prefatorum,</strong></span> <span class='ocrx_word' id='word_1_94' title='bbox 688 1637 779 1703; x_wconf 91' lang='lat' dir='ltr'><strong>cuius</strong></span> <span class='ocrx_word' id='word_1_95' title='bbox 796 1635 910 1703; x_wconf 86' lang='lat' dir='ltr'><strong>divisio</strong></span> <span class='ocrx_word' id='word_1_96' title='bbox 937 1642 970 1704; x_wconf 89' lang='lat' dir='ltr'><strong>et</strong></span> <span class='ocrx_word' id='word_1_97' title='bbox 997 1637 1168 1704; x_wconf 88' lang='lat' dir='ltr'><strong>distinccio</strong></span> <span class='ocrx_word' id='word_1_98' title='bbox 1191 1637 1255 1722; x_wconf 86' lang='lat' dir='ltr'><strong>per</strong></span> 
     </span>
     <span class='ocr_line' id='line_1_12' title="bbox 117 1745 1251 1830; baseline -0.002 -18"><span class='ocrx_word' id='word_1_99' title='bbox 117 1747 197 1812; x_wconf 83' lang='lat' dir='ltr'><strong>istas</strong></span> <span class='ocrx_word' id='word_1_100' title='bbox 213 1752 319 1811; x_wconf 87' lang='lat' dir='ltr'><strong>metas</strong></span> <span class='ocrx_word' id='word_1_101' title='bbox 334 1745 397 1811; x_wconf 93' lang='lat' dir='ltr'><strong>hoc</strong></span> <span class='ocrx_word' id='word_1_102' title='bbox 411 1745 507 1812; x_wconf 91' lang='lat' dir='ltr'><strong>modo</strong></span> <span class='ocrx_word' id='word_1_103' title='bbox 524 1746 750 1812; x_wconf 86' lang='lat' dir='ltr'><strong>ostenderetur</strong></span> <span class='ocrx_word' id='word_1_104' title='bbox 765 1745 853 1830; x_wconf 92' lang='lat' dir='ltr'><strong>quod</strong></span> <span class='ocrx_word' id='word_1_105' title='bbox 868 1746 974 1828; x_wconf 88' lang='lat' dir='ltr'><strong>prima</strong></span> <span class='ocrx_word' id='word_1_106' title='bbox 983 1750 1071 1812; x_wconf 88' lang='lat' dir='ltr'><strong>meta</strong></span> <span class='ocrx_word' id='word_1_107' title='bbox 1085 1747 1199 1830; x_wconf 86' lang='lat' dir='ltr'><strong>incipit</strong></span> <span class='ocrx_word' id='word_1_108' title='bbox 1209 1745 1251 1812; x_wconf 91' lang='lat' dir='ltr'><strong>ab</strong></span> 
     </span>
     <span class='ocr_line' id='line_1_13' title="bbox 120 1853 1250 1938; baseline -0.002 -18"><span class='ocrx_word' id='word_1_109' title='bbox 120 1855 247 1920; x_wconf 89' lang='lat' dir='ltr'><strong>oriente</strong></span> <span class='ocrx_word' id='word_1_110' title='bbox 263 1855 356 1920; x_wconf 84' lang='lat' dir='ltr'><strong>iuxta</strong></span> <span class='ocrx_word' id='word_1_111' title='bbox 382 1860 490 1920; x_wconf 90' lang='lat' dir='ltr'><strong>ortum</strong></span> <span class='ocrx_word' id='word_1_112' title='bbox 515 1855 614 1938; x_wconf 90' lang='lat' dir='ltr'><strong>ipsius</strong></span> <span class='ocrx_word' id='word_1_113' title='bbox 630 1854 706 1919; x_wconf 84' lang='lat' dir='ltr'><strong>ville</strong></span> <span class='ocrx_word' id='word_1_114' title='bbox 722 1859 756 1919; x_wconf 88' lang='lat' dir='ltr'><strong>et</strong></span> <span class='ocrx_word' id='word_1_115' title='bbox 771 1853 818 1919; x_wconf 92' lang='lat' dir='ltr'><strong>ibi</strong></span> <span class='ocrx_word' id='word_1_116' title='bbox 843 1859 921 1920; x_wconf 89' lang='lat' dir='ltr'><strong>sunt</strong></span> <span class='ocrx_word' id='word_1_117' title='bbox 946 1854 1009 1920; x_wconf 89' lang='lat' dir='ltr'><strong>due</strong></span> <span class='ocrx_word' id='word_1_118' title='bbox 1034 1860 1120 1920; x_wconf 91' lang='lat' dir='ltr'><strong>mete</strong></span> <span class='ocrx_word' id='word_1_119' title='bbox 1136 1861 1250 1938; x_wconf 84' lang='lat' dir='ltr'><strong>terrae,</strong></span> 
     </span>
     <span class='ocr_line' id='line_1_14' title="bbox 119 1963 1250 2047; baseline -0.002 -19"><span class='ocrx_word' id='word_1_120' title='bbox 119 1963 241 2028; x_wconf 88' lang='lat' dir='ltr'><strong>abhinc</strong></span> <span class='ocrx_word' id='word_1_121' title='bbox 256 1963 341 2028; x_wconf 88' lang='lat' dir='ltr'><strong>inter</strong></span> <span class='ocrx_word' id='word_1_122' title='bbox 357 1963 438 2029; x_wconf 87' lang='lat' dir='ltr'><strong>duas</strong></span> <span class='ocrx_word' id='word_1_123' title='bbox 455 1964 561 2028; x_wconf 87' lang='lat' dir='ltr'><strong>curias</strong></span> <span class='ocrx_word' id='word_1_124' title='bbox 578 1963 724 2028; x_wconf 86' lang='lat' dir='ltr'><strong>escendit</strong></span> <span class='ocrx_word' id='word_1_125' title='bbox 739 1965 774 2027; x_wconf 93' lang='lat' dir='ltr'><strong>in</strong></span> <span class='ocrx_word' id='word_1_126' title='bbox 789 1964 894 2047; x_wconf 84' lang='lat' dir='ltr'><strong>ipsam</strong></span> <span class='ocrx_word' id='word_1_127' title='bbox 909 1963 1021 2029; x_wconf 82' lang='lat' dir='ltr'><strong>villam</strong></span> <span class='ocrx_word' id='word_1_128' title='bbox 1039 1985 1151 2029; x_wconf 87' lang='lat' dir='ltr'><strong>versus</strong></span> <span class='ocrx_word' id='word_1_129' title='bbox 1168 1963 1250 2028; x_wconf 89' lang='lat' dir='ltr'><strong>coci-</strong></span> 
     </span>
     <span class='ocr_line' id='line_1_15' title="bbox 122 2070 1252 2156; baseline 0.001 -21"><span class='ocrx_word' id='word_1_130' title='bbox 122 2071 254 2135; x_wconf 89' lang='lat' dir='ltr'><strong>dcntem</strong></span> <span class='ocrx_word' id='word_1_131' title='bbox 272 2071 354 2135; x_wconf 91' lang='lat' dir='ltr'><strong>etin</strong></span> <span class='ocrx_word' id='word_1_132' title='bbox 371 2070 479 2136; x_wconf 90' lang='lat' dir='ltr'><strong>medio</strong></span> <span class='ocrx_word' id='word_1_133' title='bbox 494 2071 595 2154; x_wconf 91' lang='lat' dir='ltr'><strong>ipsius</strong></span> <span class='ocrx_word' id='word_1_134' title='bbox 610 2071 687 2138; x_wconf 82' lang='lat' dir='ltr'><strong>ville</strong></span> <span class='ocrx_word' id='word_1_135' title='bbox 703 2071 834 2136; x_wconf 82' lang='lat' dir='ltr'><strong>divertit</strong></span> <span class='ocrx_word' id='word_1_136' title='bbox 851 2094 884 2137; x_wconf 93' lang='lat' dir='ltr'><strong>se</strong></span> <span class='ocrx_word' id='word_1_137' title='bbox 900 2094 1014 2156; x_wconf 87' lang='lat' dir='ltr'><strong>parum</strong></span> <span class='ocrx_word' id='word_1_138' title='bbox 1032 2073 1065 2137; x_wconf 95' lang='lat' dir='ltr'><strong>in</strong></span> <span class='ocrx_word' id='word_1_139' title='bbox 1081 2072 1192 2156; x_wconf 87' lang='lat' dir='ltr'><strong>spacio</strong></span> <span class='ocrx_word' id='word_1_140' title='bbox 1208 2071 1252 2136; x_wconf 88' lang='lat' dir='ltr'><strong>la-</strong></span> 
     </span>
     <span class='ocr_line' id='line_1_16' title="bbox 123 2177 1303 2246; baseline 0 -2"><span class='ocrx_word' id='word_1_141' title='bbox 123 2178 279 2244; x_wconf 89' lang='lat' dir='ltr'><strong>titudinis</strong></span> <span class='ocrx_word' id='word_1_142' title='bbox 295 2179 391 2245; x_wconf 86' lang='lat' dir='ltr'><strong>unius</strong></span> <span class='ocrx_word' id='word_1_143' title='bbox 407 2180 494 2245; x_wconf 90' lang='lat' dir='ltr'><strong>curie</strong></span> <span class='ocrx_word' id='word_1_144' title='bbox 511 2185 544 2244; x_wconf 89' lang='lat' dir='ltr'><strong>et</strong></span> <span class='ocrx_word' id='word_1_145' title='bbox 560 2178 680 2244; x_wconf 90' lang='lat' dir='ltr'><strong>abhinc</strong></span> <span class='ocrx_word' id='word_1_146' title='bbox 696 2177 839 2245; x_wconf 85' lang='lat' dir='ltr'><strong>declinat</strong></span> <span class='ocrx_word' id='word_1_147' title='bbox 854 2181 940 2245; x_wconf 90' lang='lat' dir='ltr'><strong>inter</strong></span> <span class='ocrx_word' id='word_1_148' title='bbox 956 2179 1036 2246; x_wconf 91' lang='lat' dir='ltr'><strong>duas</strong></span> <span class='ocrx_word' id='word_1_149' title='bbox 1052 2182 1161 2246; x_wconf 89' lang='lat' dir='ltr'><strong>curias</strong></span> <span class='ocrx_word' id='word_1_150' title='bbox 1179 2202 1251 2246; x_wconf 83' lang='lat' dir='ltr'><strong>ver·</strong></span> <span class='ocrx_word' id='word_1_151' title='bbox 1301 2221 1303 2225; x_wconf 92' lang='lat'><em>-</em></span> 
     </span>
     <span class='ocr_line' id='line_1_17' title="bbox 120 2285 1253 2372; baseline 0.001 -20"><span class='ocrx_word' id='word_1_152' title='bbox 120 2309 174 2353; x_wconf 88' lang='lat' dir='ltr'><strong>sus</strong></span> <span class='ocrx_word' id='word_1_153' title='bbox 191 2285 395 2352; x_wconf 88' lang='lat' dir='ltr'><strong>occidentem</strong></span> <span class='ocrx_word' id='word_1_154' title='bbox 426 2293 459 2352; x_wconf 93' lang='lat' dir='ltr'><strong>et</strong></span> <span class='ocrx_word' id='word_1_155' title='bbox 475 2289 595 2353; x_wconf 86' lang='lat' dir='ltr'><strong>transit</strong></span> <span class='ocrx_word' id='word_1_156' title='bbox 610 2288 713 2370; x_wconf 89' lang='lat' dir='ltr'><strong>ipsam</strong></span> <span class='ocrx_word' id='word_1_157' title='bbox 739 2288 849 2353; x_wconf 86' lang='lat' dir='ltr'><strong>villam</strong></span> <span class='ocrx_word' id='word_1_158' title='bbox 874 2290 961 2354; x_wconf 88' lang='lat' dir='ltr'><strong>cirea</strong></span> <span class='ocrx_word' id='word_1_159' title='bbox 986 2288 1150 2372; x_wconf 85' lang='lat' dir='ltr'><strong>quandam</strong></span> <span class='ocrx_word' id='word_1_160' title='bbox 1168 2289 1253 2354; x_wconf 84' lang='lat' dir='ltr'><strong>viem</strong></span> 
     </span>
     <span class='ocr_line' id='line_1_18' title="bbox 120 2393 1254 2481; baseline 0.001 -22"><span class='ocrx_word' id='word_1_161' title='bbox 120 2394 177 2459; x_wconf 90' lang='lat' dir='ltr'><strong>uhi</strong></span> <span class='ocrx_word' id='word_1_162' title='bbox 194 2399 274 2461; x_wconf 86' lang='lat' dir='ltr'><strong>sunt</strong></span> <span class='ocrx_word' id='word_1_163' title='bbox 290 2393 352 2460; x_wconf 91' lang='lat' dir='ltr'><strong>due</strong></span> <span class='ocrx_word' id='word_1_164' title='bbox 367 2401 453 2462; x_wconf 90' lang='lat' dir='ltr'><strong>mete</strong></span> <span class='ocrx_word' id='word_1_165' title='bbox 484 2401 598 2478; x_wconf 85' lang='lat' dir='ltr'><strong>terrae,</strong></span> <span class='ocrx_word' id='word_1_166' title='bbox 624 2393 741 2460; x_wconf 90' lang='lat' dir='ltr'><strong>deinde</strong></span> <span class='ocrx_word' id='word_1_167' title='bbox 766 2395 871 2462; x_wconf 91' lang='lat' dir='ltr'><strong>cundo</strong></span> <span class='ocrx_word' id='word_1_168' title='bbox 897 2418 957 2481; x_wconf 88' lang='lat' dir='ltr'><strong>per</strong></span> <span class='ocrx_word' id='word_1_169' title='bbox 981 2402 1086 2461; x_wconf 89' lang='lat' dir='ltr'><strong>terras</strong></span> <span class='ocrx_word' id='word_1_170' title='bbox 1112 2396 1254 2461; x_wconf 88' lang='lat' dir='ltr'><strong>arabiles</strong></span> 
     </span>
     <span class='ocr_line' id='line_1_19' title="bbox 120 2503 1253 2589; baseline 0.004 -23"><span class='ocrx_word' id='word_1_171' title='bbox 120 2523 235 2567; x_wconf 85' lang='lat' dir='ltr'><strong>versus</strong></span> <span class='ocrx_word' id='word_1_172' title='bbox 253 2503 387 2568; x_wconf 90' lang='lat' dir='ltr'><strong>eandem</strong></span> <span class='ocrx_word' id='word_1_173' title='bbox 403 2505 533 2587; x_wconf 85' lang='lat' dir='ltr'><strong>plagam</strong></span> <span class='ocrx_word' id='word_1_174' title='bbox 549 2504 583 2568; x_wconf 92' lang='lat' dir='ltr'><strong>in</strong></span> <span class='ocrx_word' id='word_1_175' title='bbox 599 2525 718 2589; x_wconf 87' lang='lat' dir='ltr'><strong>magno</strong></span> <span class='ocrx_word' id='word_1_176' title='bbox 735 2504 843 2588; x_wconf 89' lang='lat' dir='ltr'><strong>spacio</strong></span> <span class='ocrx_word' id='word_1_177' title='bbox 867 2505 955 2569; x_wconf 86' lang='lat' dir='ltr'><strong>venit</strong></span> <span class='ocrx_word' id='word_1_178' title='bbox 981 2504 1024 2569; x_wconf 90' lang='lat' dir='ltr'><strong>ad</strong></span> <span class='ocrx_word' id='word_1_179' title='bbox 1048 2525 1167 2588; x_wconf 83' lang='lat' dir='ltr'><strong>aquam</strong></span> <span class='ocrx_word' id='word_1_180' title='bbox 1183 2503 1253 2570; x_wconf 88' lang='lat' dir='ltr'><strong>Ka-</strong></span> 
     </span>
     <span class='ocr_line' id='line_1_20' title="bbox 120 2610 1253 2695; baseline -0.002 -20"><span class='ocrx_word' id='word_1_181' title='bbox 120 2633 221 2676; x_wconf 85' lang='lat' dir='ltr'><strong>rascu</strong></span> <span class='ocrx_word' id='word_1_182' title='bbox 237 2610 294 2677; x_wconf 90' lang='lat' dir='ltr'><strong>ubi</strong></span> <span class='ocrx_word' id='word_1_183' title='bbox 311 2615 391 2682; x_wconf 77' lang='lat' dir='ltr'><strong>sunt,</strong></span> <span class='ocrx_word' id='word_1_184' title='bbox 402 2611 464 2676; x_wconf 90' lang='lat' dir='ltr'><strong>due</strong></span> <span class='ocrx_word' id='word_1_185' title='bbox 479 2616 565 2676; x_wconf 90' lang='lat' dir='ltr'><strong>mete</strong></span> <span class='ocrx_word' id='word_1_186' title='bbox 581 2617 686 2676; x_wconf 87' lang='lat' dir='ltr'><strong>terres</strong></span> <span class='ocrx_word' id='word_1_187' title='bbox 702 2612 737 2675; x_wconf 95' lang='lat' dir='ltr'><strong>in</strong></span> <span class='ocrx_word' id='word_1_188' title='bbox 754 2631 894 2694; x_wconf 89' lang='lat' dir='ltr'><strong>quarum</strong></span> <span class='ocrx_word' id='word_1_189' title='bbox 911 2633 977 2676; x_wconf 87' lang='lat' dir='ltr'><strong>una</strong></span> <span class='ocrx_word' id='word_1_190' title='bbox 993 2611 1150 2676; x_wconf 87' lang='lat' dir='ltr'><strong>estarbcr</strong></span> <span class='ocrx_word' id='word_1_191' title='bbox 1165 2611 1253 2695; x_wconf 89' lang='lat' dir='ltr'><strong>pomi</strong></span> 
     </span>
     <span class='ocr_line' id='line_1_21' title="bbox 120 2719 1254 2806; baseline 0 -22"><span class='ocrx_word' id='word_1_192' title='bbox 120 2727 154 2784; x_wconf 90' lang='lat' dir='ltr'><strong>et</strong></span> <span class='ocrx_word' id='word_1_193' title='bbox 169 2721 202 2784; x_wconf 91' lang='lat' dir='ltr'><strong>in</strong></span> <span class='ocrx_word' id='word_1_194' title='bbox 223 2721 288 2784; x_wconf 87' lang='lat' dir='ltr'><strong>alia</strong></span> <span class='ocrx_word' id='word_1_195' title='bbox 303 2721 382 2785; x_wconf 89' lang='lat' dir='ltr'><strong>ulmi</strong></span> <span class='ocrx_word' id='word_1_196' title='bbox 414 2720 498 2806; x_wconf 85' lang='lat' dir='ltr'><strong>zylfa</strong></span> <span class='ocrx_word' id='word_1_197' title='bbox 513 2720 592 2786; x_wconf 90' lang='lat' dir='ltr'><strong>dicti</strong></span> <span class='ocrx_word' id='word_1_198' title='bbox 608 2720 718 2804; x_wconf 91' lang='lat' dir='ltr'><strong>ibique</strong></span> <span class='ocrx_word' id='word_1_199' title='bbox 735 2721 938 2805; x_wconf 87' lang='lat' dir='ltr'><strong>terminatur,</strong></span> <span class='ocrx_word' id='word_1_200' title='bbox 968 2721 1016 2785; x_wconf 88' lang='lat' dir='ltr'><strong>ita</strong></span> <span class='ocrx_word' id='word_1_201' title='bbox 1042 2726 1150 2785; x_wconf 89' lang='lat' dir='ltr'><strong>tamen</strong></span> <span class='ocrx_word' id='word_1_202' title='bbox 1167 2719 1254 2802; x_wconf 91' lang='lat' dir='ltr'><strong>quod</strong></span> 
     </span>
     <span class='ocr_line' id='line_1_22' title="bbox 122 2826 1254 2912; baseline -0.002 -19"><span class='ocrx_word' id='word_1_203' title='bbox 122 2829 238 2911; x_wconf 91' lang='lat' dir='ltr'><strong>porcio</strong></span> <span class='ocrx_word' id='word_1_204' title='bbox 270 2827 488 2912; x_wconf 89' lang='lat' dir='ltr'><strong>predictorum</strong></span> <span class='ocrx_word' id='word_1_205' title='bbox 514 2827 656 2894; x_wconf 89' lang='lat' dir='ltr'><strong>filiorum</strong></span> <span class='ocrx_word' id='word_1_206' title='bbox 689 2826 854 2893; x_wconf 86' lang='lat' dir='ltr'><strong>Johannis</strong></span> <span class='ocrx_word' id='word_1_207' title='bbox 884 2827 1051 2910; x_wconf 89' lang='lat' dir='ltr'><strong>protendit</strong></span> <span class='ocrx_word' id='word_1_208' title='bbox 1081 2849 1184 2910; x_wconf 89' lang='lat' dir='ltr'><strong>usque</strong></span> <span class='ocrx_word' id='word_1_209' title='bbox 1211 2826 1254 2892; x_wconf 90' lang='lat' dir='ltr'><strong>ad</strong></span> 
     </span>
     <span class='ocr_line' id='line_1_23' title="bbox 123 2935 1319 3030; baseline 0 -30"><span class='ocrx_word' id='word_1_210' title='bbox 123 2935 292 3018; x_wconf 83' lang='lat' dir='ltr'><strong>quandam</strong></span> <span class='ocrx_word' id='word_1_211' title='bbox 308 2935 456 3002; x_wconf 85' lang='lat' dir='ltr'><strong>arborem</strong></span> <span class='ocrx_word' id='word_1_212' title='bbox 472 2937 535 3022; x_wconf 88' lang='lat' dir='ltr'><strong>piri</strong></span> <span class='ocrx_word' id='word_1_213' title='bbox 561 2935 838 3002; x_wconf 86' lang='lat' dir='ltr'><strong>chekanhurtuelc</strong></span> <span class='ocrx_word' id='word_1_214' title='bbox 871 2935 950 3001; x_wconf 86' lang='lat' dir='ltr'><strong>dicti</strong></span> <span class='ocrx_word' id='word_1_215' title='bbox 966 2941 999 3002; x_wconf 88' lang='lat' dir='ltr'><strong>et</strong></span> <span class='ocrx_word' id='word_1_216' title='bbox 1014 2957 1079 3002; x_wconf 93' lang='lat' dir='ltr'><strong>non</strong></span> <span class='ocrx_word' id='word_1_217' title='bbox 1110 2935 1256 3001; x_wconf 82' lang='lat' dir='ltr'><strong>ultrast</strong></span> <span class='ocrx_word' id='word_1_218' title='bbox 1314 3018 1319 3030; x_wconf 31' lang='grc' dir='ltr'>ι</span> 
     </span>
     <span class='ocr_line' id='line_1_24' title="bbox 123 3041 1256 3130; baseline 0.001 -23"><span class='ocrx_word' id='word_1_219' title='bbox 123 3043 165 3109; x_wconf 88' lang='lat' dir='ltr'><strong>ab</strong></span> <span class='ocrx_word' id='word_1_220' title='bbox 181 3044 258 3128; x_wconf 84' lang='lat' dir='ltr'><strong>ipsa</strong></span> <span class='ocrx_word' id='word_1_221' title='bbox 273 3044 390 3110; x_wconf 89' lang='lat' dir='ltr'><strong>arbore</strong></span> <span class='ocrx_word' id='word_1_222' title='bbox 406 3043 510 3110; x_wconf 88' lang='lat' dir='ltr'><strong>flectit</strong></span> <span class='ocrx_word' id='word_1_223' title='bbox 526 3065 559 3109; x_wconf 91' lang='lat' dir='ltr'><strong>se</strong></span> <span class='ocrx_word' id='word_1_224' title='bbox 575 3044 618 3108; x_wconf 87' lang='lat' dir='ltr'><strong>ad</strong></span> <span class='ocrx_word' id='word_1_225' title='bbox 634 3064 753 3126; x_wconf 88' lang='lat' dir='ltr'><strong>aquam</strong></span> <span class='ocrx_word' id='word_1_226' title='bbox 764 3041 973 3128; x_wconf 87' lang='lat' dir='ltr'><strong>antedictam,</strong></span> <span class='ocrx_word' id='word_1_227' title='bbox 982 3049 1059 3130; x_wconf 91' lang='lat' dir='ltr'><strong>post</strong></span> <span class='ocrx_word' id='word_1_228' title='bbox 1074 3044 1135 3109; x_wconf 90' lang='lat' dir='ltr'><strong>hec</strong></span> <span class='ocrx_word' id='word_1_229' title='bbox 1151 3065 1256 3110; x_wconf 89' lang='lat' dir='ltr'><strong>acces-</strong></span> 
     </span>
     <span class='ocr_line' id='line_1_25' title="bbox 122 3153 1257 3238; baseline -0.001 -20"><span class='ocrx_word' id='word_1_230' title='bbox 122 3156 244 3219; x_wconf 87' lang='lat' dir='ltr'><strong>sissent</strong></span> <span class='ocrx_word' id='word_1_231' title='bbox 260 3175 357 3236; x_wconf 89' lang='lat' dir='ltr'><strong>super</strong></span> <span class='ocrx_word' id='word_1_232' title='bbox 388 3153 504 3220; x_wconf 80' lang='lat' dir='ltr'><strong>faciem</strong></span> <span class='ocrx_word' id='word_1_233' title='bbox 521 3159 607 3220; x_wconf 85' lang='lat' dir='ltr'><strong>terre</strong></span> <span class='ocrx_word' id='word_1_234' title='bbox 632 3174 690 3219; x_wconf 89' lang='lat' dir='ltr'><strong>seu</strong></span> <span class='ocrx_word' id='word_1_235' title='bbox 721 3154 931 3238; x_wconf 84' lang='lat' dir='ltr'><strong>possessionis</strong></span> <span class='ocrx_word' id='word_1_236' title='bbox 959 3175 1070 3220; x_wconf 88' lang='lat' dir='ltr'><strong>corum</strong></span> <span class='ocrx_word' id='word_1_237' title='bbox 1095 3153 1257 3218; x_wconf 87' lang='lat' dir='ltr'><strong>Zunduch</strong></span> 
     </span>
     <span class='ocr_line' id='line_1_26' title="bbox 125 3259 1259 3346; baseline 0 -22"><span class='ocrx_word' id='word_1_238' title='bbox 125 3266 244 3327; x_wconf 80' lang='lat' dir='ltr'><strong>vocate</strong></span> <span class='ocrx_word' id='word_1_239' title='bbox 264 3283 361 3345; x_wconf 91' lang='lat' dir='ltr'><strong>quam</strong></span> <span class='ocrx_word' id='word_1_240' title='bbox 379 3262 528 3327; x_wconf 87' lang='lat' dir='ltr'><strong>similiter</strong></span> <span class='ocrx_word' id='word_1_241' title='bbox 544 3261 586 3327; x_wconf 89' lang='lat' dir='ltr'><strong>ad</strong></span> <span class='ocrx_word' id='word_1_242' title='bbox 602 3259 682 3326; x_wconf 92' lang='lat' dir='ltr'><strong>duas</strong></span> <span class='ocrx_word' id='word_1_243' title='bbox 698 3267 809 3345; x_wconf 86' lang='lat' dir='ltr'><strong>partes</strong></span> <span class='ocrx_word' id='word_1_244' title='bbox 824 3282 884 3346; x_wconf 89' lang='lat' dir='ltr'><strong>per</strong></span> <span class='ocrx_word' id='word_1_245' title='bbox 908 3261 1051 3327; x_wconf 90' lang='lat' dir='ltr'><strong>medium</strong></span> <span class='ocrx_word' id='word_1_246' title='bbox 1077 3261 1259 3326; x_wconf 84' lang='lat' dir='ltr'><strong>divisissent</strong></span> 
     </span>
     <span class='ocr_line' id='line_1_27' title="bbox 122 3369 1259 3455; baseline 0 -21"><span class='ocrx_word' id='word_1_247' title='bbox 122 3371 219 3434; x_wconf 89' lang='lat' dir='ltr'><strong>euius</strong></span> <span class='ocrx_word' id='word_1_248' title='bbox 236 3369 394 3435; x_wconf 89' lang='lat' dir='ltr'><strong>medietas</strong></span> <span class='ocrx_word' id='word_1_249' title='bbox 411 3369 452 3434; x_wconf 86' lang='lat' dir='ltr'><strong>ab</strong></span> <span class='ocrx_word' id='word_1_250' title='bbox 469 3370 636 3437; x_wconf 86' lang='lat' dir='ltr'><strong>occidente</strong></span> <span class='ocrx_word' id='word_1_251' title='bbox 652 3372 686 3436; x_wconf 93' lang='lat' dir='ltr'><strong>in</strong></span> <span class='ocrx_word' id='word_1_252' title='bbox 701 3372 887 3455; x_wconf 91' lang='lat' dir='ltr'><strong>porcionem</strong></span> <span class='ocrx_word' id='word_1_253' title='bbox 897 3371 1025 3438; x_wconf 90' lang='lat' dir='ltr'><strong>comitis</strong></span> <span class='ocrx_word' id='word_1_254' title='bbox 1040 3369 1138 3436; x_wconf 85' lang='lat' dir='ltr'><strong>Pauli</strong></span> <span class='ocrx_word' id='word_1_255' title='bbox 1155 3369 1259 3434; x_wconf 90' lang='lat' dir='ltr'><strong>etNi·</strong></span> 
     </span>
     <span class='ocr_line' id='line_1_28' title="bbox 126 3476 1259 3545; baseline -0.001 -1"><span class='ocrx_word' id='word_1_256' title='bbox 126 3479 213 3544; x_wconf 87' lang='lat' dir='ltr'><strong>colai</strong></span> <span class='ocrx_word' id='word_1_257' title='bbox 230 3476 294 3544; x_wconf 88' lang='lat' dir='ltr'><strong>filii</strong></span> <span class='ocrx_word' id='word_1_258' title='bbox 310 3481 361 3544; x_wconf 93' lang='lat' dir='ltr'><strong>sui</strong></span> <span class='ocrx_word' id='word_1_259' title='bbox 377 3479 442 3544; x_wconf 86' lang='lat' dir='ltr'><strong>alia</strong></span> <span class='ocrx_word' id='word_1_260' title='bbox 457 3501 532 3544; x_wconf 86' lang='lat' dir='ltr'><strong>vero</strong></span> <span class='ocrx_word' id='word_1_261' title='bbox 564 3479 723 3545; x_wconf 87' lang='lat' dir='ltr'><strong>medietas</strong></span> <span class='ocrx_word' id='word_1_262' title='bbox 740 3478 781 3544; x_wconf 88' lang='lat' dir='ltr'><strong>ab</strong></span> <span class='ocrx_word' id='word_1_263' title='bbox 798 3479 921 3544; x_wconf 88' lang='lat' dir='ltr'><strong>oriente</strong></span> <span class='ocrx_word' id='word_1_264' title='bbox 937 3477 1078 3544; x_wconf 90' lang='lat' dir='ltr'><strong>filiorum</strong></span> <span class='ocrx_word' id='word_1_265' title='bbox 1095 3479 1121 3544; x_wconf 86' lang='lat' dir='ltr'><strong>J</strong></span> <span class='ocrx_word' id='word_1_266' title='bbox 1122 3479 1259 3545; x_wconf 87' lang='lat' dir='ltr'><strong>ohannis</strong></span> 
     </span>
     <span class='ocr_line' id='line_1_29' title="bbox 124 3586 1258 3672; baseline 0 -20"><span class='ocrx_word' id='word_1_267' title='bbox 124 3586 354 3672; x_wconf 87' lang='lat' dir='ltr'><strong>predictorum</strong></span> <span class='ocrx_word' id='word_1_268' title='bbox 380 3587 529 3652; x_wconf 86' lang='lat' dir='ltr'><strong>cessisset</strong></span> <span class='ocrx_word' id='word_1_269' title='bbox 543 3587 575 3651; x_wconf 92' lang='lat' dir='ltr'><strong>in</strong></span> <span class='ocrx_word' id='word_1_270' title='bbox 592 3586 789 3670; x_wconf 89' lang='lat' dir='ltr'><strong>porcionem,</strong></span> <span class='ocrx_word' id='word_1_271' title='bbox 806 3593 839 3653; x_wconf 92' lang='lat' dir='ltr'><strong>et</strong></span> <span class='ocrx_word' id='word_1_272' title='bbox 856 3587 933 3669; x_wconf 88' lang='lat' dir='ltr'><strong>quia</strong></span> <span class='ocrx_word' id='word_1_273' title='bbox 948 3588 1118 3670; x_wconf 90' lang='lat' dir='ltr'><strong>porciones</strong></span> <span class='ocrx_word' id='word_1_274' title='bbox 1134 3608 1258 3652; x_wconf 89' lang='lat' dir='ltr'><strong>eorum·</strong></span> 
     </span>
     <span class='ocr_line' id='line_1_30' title="bbox 123 3691 1260 3763; baseline 0.002 -3"><span class='ocrx_word' id='word_1_275' title='bbox 123 3695 199 3760; x_wconf 89' lang='lat' dir='ltr'><strong>dem</strong></span> <span class='ocrx_word' id='word_1_276' title='bbox 215 3694 359 3761; x_wconf 88' lang='lat' dir='ltr'><strong>filiorum</strong></span> <span class='ocrx_word' id='word_1_277' title='bbox 375 3695 401 3760; x_wconf 90' lang='lat' dir='ltr'><strong>J</strong></span> <span class='ocrx_word' id='word_1_278' title='bbox 402 3695 539 3760; x_wconf 86' lang='lat' dir='ltr'><strong>ohannis</strong></span> <span class='ocrx_word' id='word_1_279' title='bbox 555 3693 687 3759; x_wconf 86' lang='lat' dir='ltr'><strong>arbores</strong></span> <span class='ocrx_word' id='word_1_280' title='bbox 703 3691 868 3760; x_wconf 87' lang='lat' dir='ltr'><strong>fructuum</strong></span> <span class='ocrx_word' id='word_1_281' title='bbox 885 3716 949 3760; x_wconf 92' lang='lat' dir='ltr'><strong>non</strong></span> <span class='ocrx_word' id='word_1_282' title='bbox 965 3694 1131 3763; x_wconf 88' lang='lat' dir='ltr'><strong>habebant</strong></span> <span class='ocrx_word' id='word_1_283' title='bbox 1147 3694 1187 3760; x_wconf 96' lang='lat' dir='ltr'><strong>ob</strong></span> <span class='ocrx_word' id='word_1_284' title='bbox 1197 3696 1260 3762; x_wconf 91' lang='lat' dir='ltr'><strong>hoc</strong></span> 
     </span>
     <span class='ocr_line' id='line_1_31' title="bbox 124 3802 1258 3890; baseline -0.002 -20"><span class='ocrx_word' id='word_1_285' title='bbox 124 3804 165 3870; x_wconf 88' lang='lat' dir='ltr'><strong>de</strong></span> <span class='ocrx_word' id='word_1_286' title='bbox 183 3804 329 3888; x_wconf 89' lang='lat' dir='ltr'><strong>quodam</strong></span> <span class='ocrx_word' id='word_1_287' title='bbox 346 3810 418 3871; x_wconf 90' lang='lat' dir='ltr'><strong>orto</strong></span> <span class='ocrx_word' id='word_1_288' title='bbox 435 3824 553 3890; x_wconf 85' lang='lat' dir='ltr'><strong>nucum</strong></span> <span class='ocrx_word' id='word_1_289' title='bbox 570 3804 604 3867; x_wconf 93' lang='lat' dir='ltr'><strong>in</strong></span> <span class='ocrx_word' id='word_1_290' title='bbox 619 3804 808 3887; x_wconf 89' lang='lat' dir='ltr'><strong>porcionem</strong></span> <span class='ocrx_word' id='word_1_291' title='bbox 824 3805 926 3888; x_wconf 92' lang='lat' dir='ltr'><strong>ipsius</strong></span> <span class='ocrx_word' id='word_1_292' title='bbox 952 3804 1077 3870; x_wconf 91' lang='lat' dir='ltr'><strong>comitis</strong></span> <span class='ocrx_word' id='word_1_293' title='bbox 1094 3802 1192 3868; x_wconf 88' lang='lat' dir='ltr'><strong>Pauli</strong></span> <span class='ocrx_word' id='word_1_294' title='bbox 1209 3824 1258 3868; x_wconf 91' lang='lat' dir='ltr'><strong>oe·</strong></span> 
     </span>
     <span class='ocr_line' id='line_1_32' title="bbox 123 3909 1259 3995; baseline -0.001 -19"><span class='ocrx_word' id='word_1_295' title='bbox 123 3912 226 3978; x_wconf 88' lang='lat' dir='ltr'><strong>dente</strong></span> <span class='ocrx_word' id='word_1_296' title='bbox 243 3918 278 3978; x_wconf 89' lang='lat' dir='ltr'><strong>et</strong></span> <span class='ocrx_word' id='word_1_297' title='bbox 294 3913 453 3978; x_wconf 84' lang='lat' dir='ltr'><strong>existente</strong></span> <span class='ocrx_word' id='word_1_298' title='bbox 471 3911 711 3995; x_wconf 84' lang='lat' dir='ltr'><strong>quinquaginta</strong></span> <span class='ocrx_word' id='word_1_299' title='bbox 736 3912 868 3980; x_wconf 83' lang='lat' dir='ltr'><strong>arbores</strong></span> <span class='ocrx_word' id='word_1_300' title='bbox 893 3933 1013 3976; x_wconf 89' lang='lat' dir='ltr'><strong>nucum</strong></span> <span class='ocrx_word' id='word_1_301' title='bbox 1034 3911 1156 3976; x_wconf 88' lang='lat' dir='ltr'><strong>eisdam</strong></span> <span class='ocrx_word' id='word_1_302' title='bbox 1188 3909 1259 3976; x_wconf 85' lang='lat' dir='ltr'><strong>Ste-</strong></span> 
     </span>
     <span class='ocr_line' id='line_1_33' title="bbox 122 3999 1260 4105; baseline -0.004 -19"><span class='ocrx_word' id='word_1_303' title='bbox 122 4021 236 4105; x_wconf 87' lang='lat' dir='ltr'><strong>phano</strong></span> <span class='ocrx_word' id='word_1_304' title='bbox 263 4017 402 4086; x_wconf 86' lang='lat' dir='ltr'><strong>Nicolao</strong></span> <span class='ocrx_word' id='word_1_305' title='bbox 420 4025 452 4084; x_wconf 92' lang='lat' dir='ltr'><strong>et</strong></span> <span class='ocrx_word' id='word_1_306' title='bbox 467 4019 623 4085; x_wconf 88' lang='lat' dir='ltr'><strong>Michaeli</strong></span> <span class='ocrx_word' id='word_1_307' title='bbox 648 4017 723 4084; x_wconf 90' lang='lat' dir='ltr'><strong>filiis</strong></span> <span class='ocrx_word' id='word_1_308' title='bbox 748 4017 774 4084; x_wconf 86' lang='lat' dir='ltr'><strong>J</strong></span> <span class='ocrx_word' id='word_1_309' title='bbox 775 4020 913 4086; x_wconf 88' lang='lat' dir='ltr'><strong>ohannis</strong></span> <span class='ocrx_word' id='word_1_310' title='bbox 939 3999 1167 4103; x_wconf 79' lang='lat' dir='ltr'><strong>assignassent,</strong></span> <span class='ocrx_word' id='word_1_311' title='bbox 1183 4019 1260 4083; x_wconf 88' lang='lat' dir='ltr'><strong>resi-</strong></span> 
     </span>
     <span class='ocr_line' id='line_1_34' title="bbox 123 4127 1259 4212; baseline -0.003 -18"><span class='ocrx_word' id='word_1_312' title='bbox 123 4130 209 4195; x_wconf 86' lang='lat' dir='ltr'><strong>duas</strong></span> <span class='ocrx_word' id='word_1_313' title='bbox 226 4150 303 4196; x_wconf 81' lang='lat' dir='ltr'><strong>vero</strong></span> <span class='ocrx_word' id='word_1_314' title='bbox 320 4133 353 4193; x_wconf 92' lang='lat' dir='ltr'><strong>et</strong></span> <span class='ocrx_word' id='word_1_315' title='bbox 368 4129 511 4211; x_wconf 89' lang='lat' dir='ltr'><strong>reliquas</strong></span> <span class='ocrx_word' id='word_1_316' title='bbox 527 4128 659 4196; x_wconf 89' lang='lat' dir='ltr'><strong>arbores</strong></span> <span class='ocrx_word' id='word_1_317' title='bbox 674 4150 796 4194; x_wconf 90' lang='lat' dir='ltr'><strong>nucum</strong></span> <span class='ocrx_word' id='word_1_318' title='bbox 827 4134 861 4192; x_wconf 93' lang='lat' dir='ltr'><strong>et</strong></span> <span class='ocrx_word' id='word_1_319' title='bbox 884 4127 1050 4192; x_wconf 84' lang='lat' dir='ltr'><strong>fruetuum</strong></span> <span class='ocrx_word' id='word_1_320' title='bbox 1076 4127 1259 4212; x_wconf 87' lang='lat' dir='ltr'><strong>inequales</strong></span> 
     </span>
     <span class='ocr_line' id='line_1_35' title="bbox 124 4235 1262 4323; baseline -0.006 -19"><span class='ocrx_word' id='word_1_321' title='bbox 124 4239 209 4306; x_wconf 83' lang='lat' dir='ltr'><strong>duas</strong></span> <span class='ocrx_word' id='word_1_322' title='bbox 226 4242 339 4323; x_wconf 87' lang='lat' dir='ltr'><strong>partes</strong></span> <span class='ocrx_word' id='word_1_323' title='bbox 350 4236 533 4303; x_wconf 86' lang='lat' dir='ltr'><strong>divisissent</strong></span> <span class='ocrx_word' id='word_1_324' title='bbox 542 4259 682 4321; x_wconf 88' lang='lat' dir='ltr'><strong>quarum</strong></span> <span class='ocrx_word' id='word_1_325' title='bbox 691 4235 1262 4319; x_wconf 84' lang='lat' dir='ltr'><strong>medictasameridieinporcionem</strong></span> 
     </span>
     <span class='ocr_line' id='line_1_36' title="bbox 123 4343 1262 4428; baseline -0.005 -14"><span class='ocrx_word' id='word_1_326' title='bbox 123 4349 259 4414; x_wconf 88' lang='lat' dir='ltr'><strong>comitis</strong></span> <span class='ocrx_word' id='word_1_327' title='bbox 275 4343 373 4411; x_wconf 88' lang='lat' dir='ltr'><strong>Pauli</strong></span> <span class='ocrx_word' id='word_1_328' title='bbox 390 4351 423 4410; x_wconf 90' lang='lat' dir='ltr'><strong>et</strong></span> <span class='ocrx_word' id='word_1_329' title='bbox 439 4345 497 4412; x_wconf 92' lang='lat' dir='ltr'><strong>filii</strong></span> <span class='ocrx_word' id='word_1_330' title='bbox 524 4346 573 4412; x_wconf 90' lang='lat' dir='ltr'><strong>sui</strong></span> <span class='ocrx_word' id='word_1_331' title='bbox 589 4347 655 4410; x_wconf 85' lang='lat' dir='ltr'><strong>alia</strong></span> <span class='ocrx_word' id='word_1_332' title='bbox 670 4367 747 4412; x_wconf 83' lang='lat' dir='ltr'><strong>vero</strong></span> <span class='ocrx_word' id='word_1_333' title='bbox 763 4345 919 4411; x_wconf 90' lang='lat' dir='ltr'><strong>medietas</strong></span> <span class='ocrx_word' id='word_1_334' title='bbox 938 4365 958 4408; x_wconf 85' lang='lat' dir='ltr'><strong>a</strong></span> <span class='ocrx_word' id='word_1_335' title='bbox 974 4345 1205 4428; x_wconf 89' lang='lat' dir='ltr'><strong>septemtrione</strong></span> <span class='ocrx_word' id='word_1_336' title='bbox 1228 4344 1262 4408; x_wconf 93' lang='lat' dir='ltr'><strong>in</strong></span> 
     </span>
     <span class='ocr_line' id='line_1_37' title="bbox 125 4452 1261 4542; baseline -0.004 -20"><span class='ocrx_word' id='word_1_337' title='bbox 125 4457 320 4542; x_wconf 88' lang='lat' dir='ltr'><strong>porcionem</strong></span> <span class='ocrx_word' id='word_1_338' title='bbox 337 4452 479 4521; x_wconf 88' lang='lat' dir='ltr'><strong>filiorum</strong></span> <span class='ocrx_word' id='word_1_339' title='bbox 496 4452 522 4518; x_wconf 84' lang='lat' dir='ltr'><strong>J</strong></span> <span class='ocrx_word' id='word_1_340' title='bbox 524 4454 661 4520; x_wconf 85' lang='lat' dir='ltr'><strong>ohannis</strong></span> <span class='ocrx_word' id='word_1_341' title='bbox 678 4456 826 4520; x_wconf 89' lang='lat' dir='ltr'><strong>cessisset</strong></span> <span class='ocrx_word' id='word_1_342' title='bbox 848 4453 1095 4538; x_wconf 89' lang='lat' dir='ltr'><strong>sepedictorum,</strong></span> <span class='ocrx_word' id='word_1_343' title='bbox 1119 4453 1261 4518; x_wconf 85' lang='lat' dir='ltr'><strong>ceterum</strong></span> 
     </span>
     <span class='ocr_line' id='line_1_38' title="bbox 122 4559 1261 4656; baseline -0.008 -22"><span class='ocrx_word' id='word_1_344' title='bbox 122 4565 239 4656; x_wconf 85' lang='lat' dir='ltr'><strong>omnia</strong></span> <span class='ocrx_word' id='word_1_345' title='bbox 255 4563 366 4629; x_wconf 81' lang='lat' dir='ltr'><strong>senata</strong></span> <span class='ocrx_word' id='word_1_346' title='bbox 380 4563 524 4630; x_wconf 91' lang='lat' dir='ltr'><strong>eiusdem</strong></span> <span class='ocrx_word' id='word_1_347' title='bbox 541 4570 627 4630; x_wconf 88' lang='lat' dir='ltr'><strong>terre</strong></span> <span class='ocrx_word' id='word_1_348' title='bbox 644 4562 807 4630; x_wconf 87' lang='lat' dir='ltr'><strong>Zunduch</strong></span> <span class='ocrx_word' id='word_1_349' title='bbox 822 4567 937 4628; x_wconf 88' lang='lat' dir='ltr'><strong>vocate</strong></span> <span class='ocrx_word' id='word_1_350' title='bbox 952 4560 1103 4627; x_wconf 88' lang='lat' dir='ltr'><strong>similiter</strong></span> <span class='ocrx_word' id='word_1_351' title='bbox 1119 4560 1161 4626; x_wconf 87' lang='lat' dir='ltr'><strong>ad</strong></span> <span class='ocrx_word' id='word_1_352' title='bbox 1177 4559 1261 4627; x_wconf 89' lang='lat' dir='ltr'><strong>duas</strong></span> 
     </span>
     <span class='ocr_line' id='line_1_39' title="bbox 122 4670 1262 4768; baseline -0.004 -26"><span class='ocrx_word' id='word_1_353' title='bbox 122 4680 241 4768; x_wconf 83' lang='lat' dir='ltr'><strong>partes</strong></span> <span class='ocrx_word' id='word_1_354' title='bbox 257 4672 445 4742; x_wconf 82' lang='lat' dir='ltr'><strong>divisissent</strong></span> <span class='ocrx_word' id='word_1_355' title='bbox 476 4693 614 4762; x_wconf 86' lang='lat' dir='ltr'><strong>quarum</strong></span> <span class='ocrx_word' id='word_1_356' title='bbox 639 4671 796 4738; x_wconf 85' lang='lat' dir='ltr'><strong>medietas</strong></span> <span class='ocrx_word' id='word_1_357' title='bbox 822 4693 843 4738; x_wconf 87' lang='lat' dir='ltr'><strong>a</strong></span> <span class='ocrx_word' id='word_1_358' title='bbox 867 4671 1003 4738; x_wconf 89' lang='lat' dir='ltr'><strong>meridie</strong></span> <span class='ocrx_word' id='word_1_359' title='bbox 1026 4671 1061 4735; x_wconf 89' lang='lat' dir='ltr'><strong>in</strong></span> <span class='ocrx_word' id='word_1_360' title='bbox 1076 4670 1262 4756; x_wconf 86' lang='lat' dir='ltr'><strong>porcionem</strong></span> 
     </span>
    </p>
   </div>
   <div class='ocr_carea' id='block_1_3' title="bbox 0 0 1594 5474">
    <p class='ocr_par' dir='ltr' id='par_1_3' title="bbox 0 0 1594 5474">
     <span class='ocr_line' id='line_1_40' title="bbox 0 0 1594 5474; baseline 0 0"><span class='ocrx_word' id='word_1_361' title='bbox 0 0 1594 5474; x_wconf 95' lang='lat' dir='ltr'><strong> </strong></span> 
     </span>
    </p>
   </div>
  </div>
 </body>
</html>
