3112 5466
335 431 398 492 276
688 443 877 490 ruscorum
894 427 1109 491 ouulu'rrin.

437 609 536 670 buggo
561 605 652 669 pecset
680 607 859 672 nyomaiva13
889 605 1019 671 credetiJe
1046 621 1078 656 az
1102 620 1172 682 orsa.
1186 607 1241 656 liar
1255 605 1356 654 :kincst¹
1374 609 1425 653 osrt.

331 699 363 746 N.
378 697 410 749 R.
425 697 458 746 A.
475 701 552 746 1727.
570 700 609 747 15.
624 697 690 760 dipl.
705 698 777 746 liar:
803 699 880 746 2404.
904 696 937 746 V.
961 699 985 746 ii.
1000 695 1067 760 dipl.
1090 697 1257 746 lta1·22444.
1276 695 1359 745 Kozli:
1377 694 1427 742 vin-

329 788 488 838 czeGibor.

859 1134 932 1196 255.

333 1297 428 1398 1327.
446 1295 623 1384 Avipuoae,
640 1307 732 1361 niort
750 1297 779 1360 6.
797 1295 909 1360 XXII.
927 1296 1034 1360 Jdnos
1052 1300 1140 1382 pcipe
1151 1296 1249 1380 ujahl
1266 1293 1427 1376 sableu-

537 1405 628 1470 levcle
644 1429 665 1469 a
683 1405 933 1490 acecpit-eripui
949 1405 1095 1490 cpdcza'k
1110 1406 1241 1470 rc'szrire.

423 1564 608 1632 .J0hannes
639 1567 806 1648 episcopus
840 1585 950 1629 servus
982 1585 1146 1652 servorum
1176 1564 1237 1650 dei,
1269 1563 1380 1630 dilectis
1404 1563 1428 1624 in

333 1671 466 1740 Christo
481 1672 609 1740 filiabus
626 1674 777 1758 priorisse
793 1677 826 1737 et
851 1675 1024 1738 conventui
1048 1675 1238 1740 monasterii
1262 1679 1361 1740 sancte
1373 1669 1430 1736 Me·

331 1783 379 1848 rie
396 1783 436 1847 de
452 1783 569 1848 Insula
584 1782 730 1847 Danubii
746 1803 805 1865 per
820 1781 1008 1866 priorissam
1025 1783 1114 1848 soliti
1138 1782 1311 1866 gubernari
1332 1778 1429 1846 ordinis

332 1892 436 1956 sancti
451 1887 632 1974 Augustini
648 1889 824 1955 secundum
833 1891 986 1955 instituta
1002 1895 1035 1956 et
1050 1891 1111 1956 sub
1127 1911 1206 1956 cura
1220 1891 1350 1959 fratrum
1364 1887 1430 1954 ordi·

331 1999 381 2062 nis
395 1998 637 2083 predicatorum
652 1999 833 2064 viventibus
859 1998 977 2083 quibus
1001 1999 1079 2065 licet
1102 1999 1223 2064 habere
1246 1999 1394 2085 proprium
1406 1994 1431 2058 in

330 2108 494 2172 communi
518 2128 558 2171 ex
583 2106 711 2172 indulto
743 2105 826 2170 sedis
851 2107 1028 2189 apostolice
1053 2107 1185 2190 speciali
1210 2103 1431 2192 Vesprimiensis

332 2215 487 2280 dioecesis
503 2215 643 2280 salutern
660 2221 693 2279 et
710 2215 923 2297 apostolicam
938 2215 1208 2282 benediccionem.
1217 2215 1307 2292 Solet
1315 2231 1431 2280 annuere

332 2322 423 2388 sedes
438 2323 617 2406 apostolica
633 2322 695 2405 piis
710 2323 793 2386 votis
809 2327 842 2386 et
857 2321 1000 2388 honestis
1010 2326 1192 2407 peteucium
1209 2325 1351 2410 precibus
1364 2322 1432 2387 iero

332 2453 401 2498 rem
416 2431 603 2497 benivolum
628 2431 797 2514 impertiri,
814 2452 853 2496 ea
876 2437 1012 2516 propter
1038 2431 1155 2497 dilecte
1179 2434 1213 2498 in
1240 2433 1362 2500 Christo
1381 2428 1432 2494 filie

332 2541 446 2606 vestris
484 2540 579 2604 iustis
610 2539 888 2623 postulacionibus
927 2545 1022 2622 grato
1063 2547 1290 2606 concurrentes
1325 2556 1432 2604 assensu

332 2669 442 2713 omnes
472 2645 641 2712 libertates
673 2653 705 2712 et
735 2647 958 2712 immunitates
984 2668 1004 2712 a
1028 2647 1309 2732 predecessoribus
1337 2643 1432 2712 nostris

332 2757 474 2822 romanis
504 2754 710 2840 pontificibus
727 2756 792 2820 sive
819 2771 878 2839 per
902 2755 1072 2839 privilegia
1097 2757 1163 2820 sive
1187 2756 1270 2821 alias
1292 2755 1433 2837 indulgen·

333 2865 399 2930 cias
413 2864 504 2930 robis
520 2870 553 2928 et
568 2863 763 2928 monasterio
779 2869 886 2927 vestro
913 2884 1081 2928 concessas
1101 2885 1225 2930 necnon
1242 2865 1396 2930 libertates
1408 2867 1433 2921 et

333 2973 532 3038 exemciones
551 2971 745 3037 secularium
770 2971 977 3036 exaccionum
1003 2994 1023 3036 a
1047 2972 1178 3054 regibus
1204 2978 1237 3036 et
1255 2969 1435 3057 principibus

332 3101 371 3146 ac
386 3081 460 3145 aliis
477 3077 598 3144 Olnisti
613 3076 763 3143 fidelibus
788 3077 1033 3143 racionabiliter
1057 3078 1147 3143 vobis
1172 3085 1206 3144 et
1231 3079 1331 3144 eidem
1344 3093 1434 3142 mone-

332 3189 430 3254 sterio
446 3187 591 3254 indultas
616 3187 701 3252 sicut
725 3207 779 3250 eas
803 3187 888 3251 iuste
913 3193 946 3251 et
971 3185 1106 3271 pacifice
1131 3187 1286 3254 obtinetis
1309 3185 1389 3252 vobis
1410 3189 1434 3245 ei

331 3319 389 3381 per
404 3318 460 3362 vos
476 3295 578 3360 eidem
594 3296 788 3360 monasterio
805 3295 1001 3360 auctoritate
1027 3296 1209 3378 apostolica
1234 3295 1435 3362 confirmamus

332 3411 366 3470 et
381 3407 539 3488 presentis
555 3404 667 3486 scripti
682 3404 863 3488 patrocinio
880 3404 1122 3469 communimus.
1138 3403 1233 3469 Nulli
1258 3426 1331 3489 ergo
1346 3453 1353 3468 .
1367 3453 1373 3466 .
1388 3398 1436 3464 sib.

331 3511 456 3577 Datum
478 3509 648 3594 Aviniona
679 3510 819 3576 secundo
835 3531 938 3576 nonas
964 3509 1096 3594 Marcii,
1122 3512 1330 3595 pontificatus
1352 3505 1436 3575 nostri

332 3641 417 3686 anno
442 3618 620 3684 undecimo.

440 3783 536 3848 seggo
558 3781 794 3845 biorn-peccetle13
824 3782 954 3846 credetije
976 3799 1008 3833 aa
1021 3799 1090 3834 orsa.
1105 3785 1160 3834 liar
1173 3785 1274 3836 kinost.
1296 3787 1357 3834 orat.
1377 3781 1437 3839 uon·

331 3873 392 3924 Pos.
408 3876 450 3924 68.
464 3877 507 3922 41.
522 3872 589 3936 dipl.
603 3873 674 3922 liar:
690 3874 767 3920 2410.
781 3871 861 3921 szli
873 3887 879 3921 :
893 3872 998 3923 Vincze
1012 3875 1111 3926 (labor.
