3154 5474
553 507 646 570 1330.
669 524 736 570 Jun.
756 510 805 572 15.
1185 513 1248 576 503

112 685 195 749 mini
210 685 300 768 regis
317 685 377 750 sub
394 687 579 752 testimonio
595 688 659 751 iam
677 687 756 753 dicti
773 688 908 770 capituli
921 686 1123 773 Scepsiensis
1139 691 1173 753 in
1189 691 1247 754 tri-

113 793 177 859 bus
193 791 274 859 foris
292 793 615 878 comprovincialibus
631 794 664 859 in
675 795 832 860 comitatu
849 794 889 860 de
905 795 1067 862 Zaboach
1083 797 1209 864 scilicet
1220 797 1254 862 in

113 903 267 985 proxima
282 900 462 968 ebdomada
477 907 553 987 post
567 902 687 968 festum
702 901 808 968 Pasce
825 902 946 970 domini
962 905 997 968 in
1012 902 1196 970 Waradino
1216 911 1250 969 et

113 1011 149 1074 in
165 1009 290 1076 Powch
306 1013 338 1074 et
355 1011 387 1075 in
405 1007 537 1076 Kallow
562 1015 600 1076 ut
631 1010 671 1076 de
702 1011 852 1077 omnibus
876 1011 1044 1095 premissis
1072 1019 1106 1077 et
1121 1011 1250 1078 iudiciis

115 1118 239 1203 quibus
256 1118 435 1186 dinoscitur
466 1117 535 1184 fore
566 1125 763 1202 aggravatus
796 1118 1023 1186 satisfacturus
1049 1125 1081 1186 et
1107 1121 1146 1186 de
1162 1120 1250 1186 facto

115 1227 295 1311 principali
310 1228 506 1312 peremtoria
520 1248 734 1312 responsurus
750 1233 953 1312 compareret
969 1229 1114 1313 alioquin
1145 1230 1247 1314 ipsius

117 1357 218 1402 cause
234 1335 467 1402 discussionem
484 1336 546 1401 tali
561 1334 782 1401 moderamine
800 1335 1054 1403 deliberaremus
1080 1337 1168 1420 quod
1184 1359 1251 1402 am-

116 1445 207 1528 plius
223 1467 283 1511 sua
315 1447 519 1511 contumacia
544 1451 577 1510 et
601 1443 790 1510 rebellionis
805 1445 992 1528 importuna
1015 1447 1197 1530 presumcio
1220 1446 1255 1510 in

116 1574 214 1618 suum
232 1557 431 1619 accresceret
462 1553 657 1636 derogamen
673 1573 746 1617 cum
776 1573 887 1618 omnes
918 1553 1085 1622 iudiciaria
1110 1554 1253 1618 auctori·

116 1661 181 1726 tati
207 1659 407 1726 rebellantes
432 1661 551 1728 ruinali
576 1661 772 1726 detrimento
799 1662 1006 1746 corrigantur
1030 1669 1063 1728 et
1087 1663 1251 1729 iudiciarii

116 1769 239 1852 rigoris
254 1768 451 1836 vindicativo
467 1769 576 1854 gladio
593 1769 785 1836 edomentur
800 1776 898 1855 prout
924 1792 982 1855 per
997 1771 1099 1856 ipsius
1116 1772 1253 1856 capituli

120 1876 325 1962 Scepsiensis
340 1879 468 1944 litteras
492 1878 752 1944 informabamur
784 1879 827 1945 ad
852 1885 984 1946 octavas
1010 1880 1098 1946 beati
1115 1879 1251 1964 Georgii

120 1987 269 2052 martiris
284 1985 412 2070 publice
442 1985 629 2053 fecissemus
654 1988 861 2072 proclamari,
878 1988 947 2071 ipse
973 1987 1147 2054 Ladislaus
1164 1987 1253 2054 filius

118 2091 235 2158 Alexii
253 2094 361 2159 auimo
376 2094 565 2161 rebellionis
581 2096 733 2161 indurato
759 2097 868 2161 venire
885 2103 943 2160 aut
969 2096 1112 2180 aliquem
1136 2117 1195 2180 pro
1221 2117 1254 2161 se

117 2223 184 2267 non
203 2203 331 2268 curarit
347 2201 519 2288 destinare,
531 2203 588 2269 sed
602 2210 641 2269 ut
656 2203 709 2270 hic
724 2209 834 2289 posset
850 2225 925 2268 suos
936 2224 1085 2270 excessus
1102 2204 1254 2270 subtilius

118 2311 289 2377 occultare
305 2311 339 2376 in
355 2334 411 2377 sue
428 2313 666 2398 culpabilitatis
681 2312 838 2378 indicium
854 2333 888 2378 se
904 2313 1033 2396 penitus
1060 2313 1253 2394 absentavit,

119 2441 196 2484 cum
213 2421 326 2504 itaque
342 2441 400 2486 nos
415 2421 575 2487 baronum
590 2425 624 2486 et
638 2421 797 2487 nobilium
812 2421 903 2504 regni
920 2419 1044 2485 inducti
1061 2421 1195 2486 consilio
1211 2403 1271 2483 ad¹

117 2531 225 2614 ipsius
242 2530 369 2595 comitis
385 2528 516 2596 Nicolai
540 2529 580 2594 de
611 2529 724 2614 Puryn
739 2531 813 2595 iura
829 2535 863 2594 et
878 2529 1032 2614 preconia
1064 2527 1253 2594 excellenda

120 2638 228 2720 ipsius
245 2637 406 2724 siquidem
430 2638 579 2705 Ladislai
595 2637 654 2704 filii
671 2637 782 2704 Alexii
798 2635 959 2702 maleficia
984 2637 1190 2721 reprimenda
1212 2657 1254 2702 ne

123 2753 220 2812 tante
235 2747 493 2832 importunitatis
505 2747 707 2813 contumacia
717 2753 848 2812 tantave
858 2745 1049 2812 iudiciorum
1065 2747 1255 2829 gravamina

119 2855 303 2920 transirent
313 2855 481 2939 impunita,
490 2855 662 2921 iudiciaria
673 2857 867 2921 auctoritate
877 2854 1080 2938 insurgentes
1093 2875 1251 2918 memora·
1336 2923 1341 2933 ,

119 2971 192 3028 tum
207 2961 401 3027 Ladislaum
416 2960 519 3027 filium
537 2959 646 3028 Alexii
662 2964 800 3047 privatis
816 2964 881 3028 suis
898 2961 1046 3028 omnibus
1072 2963 1254 3045 proprieta-

120 3071 213 3136 tibus
228 3071 488 3154 possessionariis
506 3077 538 3136 et
554 3072 588 3135 in
604 3092 718 3136 manus
735 3070 814 3135 dicti
832 3070 958 3136 comitis
975 3068 1107 3136 Nicolai
1132 3068 1174 3134 de
1188 3068 1255 3136 Pu·

119 3201 182 3264 ryn
217 3179 266 3244 sui
299 3177 473 3244 adversarii
504 3181 538 3244 in
569 3180 672 3244 tercia
702 3184 799 3263 parte
824 3200 883 3261 pro
914 3178 1070 3261 premissa
1086 3177 1254 3243 ablacione

121 3289 264 3355 duorum
280 3307 438 3371 equorum
454 3309 586 3354 suorum
602 3288 636 3352 in
654 3287 780 3352 duabus
795 3307 871 3352 vero
887 3287 1037 3371 partibus
1054 3287 1172 3351 nostris
1189 3307 1255 3350 ma-

121 3398 223 3463 nibus
239 3395 417 3462 iudiciariis
433 3397 513 3462 iuris
529 3395 641 3462 ordine
666 3396 838 3480 applicatis
864 3394 1016 3460 suadente
1040 3395 1075 3460 in
1090 3393 1256 3460 sentencia

124 3506 264 3590 capitali
290 3503 462 3570 iudiciaria
479 3493 683 3572 auctoritate⁸
705 3503 952 3569 condemnando
977 3503 1021 3568 ad
1036 3503 1253 3568 statucionem

123 3615 359 3698 premissorum
375 3614 616 3698 possessionum
648 3613 755 3696 ipsum
787 3611 979 3678 Ledislaum
1009 3609 1112 3675 filium
1143 3607 1255 3676 Alexii

121 3721 266 3789 ubilibet
282 3710 543 3806 contingendum
572 3721 701 3806 prefato
732 3719 871 3786 Nicolao
904 3718 944 3785 de
975 3719 1087 3804 Puryn
1104 3718 1136 3782 in
1154 3719 1257 3784 tercia

122 3838 220 3916 parte
238 3835 271 3895 et
287 3830 379 3897 nobis
394 3832 429 3896 in
445 3831 570 3896 duabus
586 3829 734 3914 partibus
751 3828 941 3910 faciendam,
959 3826 1000 3892 ob
1015 3826 1148 3890 maioris
1163 3825 1256 3890 iusti-

122 3941 171 4004 cie
207 3937 407 4005 evidenciam
438 3939 661 4024 prenominato
695 3937 837 4021 capitulo
854 3935 1009 4019 Agriensi
1042 3931 1258 3998 amicabiliter

121 4049 323 4116 litteratorie
340 4048 510 4114 scribendo
528 4069 639 4113 eorum
656 4047 836 4112 amiciciam
867 4044 1122 4129 postulassemus
1147 4046 1185 4107 ut
1201 4041 1258 4106 ho·

122 4159 247 4223 minem
279 4179 390 4222 eorum
407 4178 467 4244 pro
483 4156 670 4221 testimonio
686 4153 887 4238 fidedignum
912 4151 1177 4218 transmitterent
1193 4172 1257 4233 quo

122 4271 277 4349 presente
293 4263 451 4332 Nicolaus
467 4263 554 4329 filius
563 4263 722 4329 Demetrii
739 4263 835 4326 homo
851 4261 973 4326 domini
988 4259 1074 4342 regis
1090 4257 1258 4323 adfaciem

122 4377 351 4440 universarum
367 4373 607 4458 possessionum
622 4372 722 4455 ipsius
737 4368 884 4434 Ladislai
915 4367 974 4433 filii
991 4364 1103 4431 Alexii
1119 4365 1258 4431 ubilibet

123 4483 340 4550 existencium
372 4486 405 4545 et
435 4481 622 4566 specialiter
653 4478 695 4544 ad
720 4475 1008 4562 possessionariam
1023 4474 1210 4560 porcionem
1225 4475 1259 4538 in

122 4591 239 4656 Karaz
256 4590 364 4673 ipsum
380 4589 622 4670 contingentem
639 4584 807 4651 accederet
823 4590 856 4648 et
882 4583 1011 4649 easdem
1027 4583 1206 4648 vicinorum
1224 4584 1258 4645 et

125 4703 425 4768 commetaneorum
441 4717 553 4764 earum
569 4697 790 4764 universorum
802 4692 955 4778 legitimis
972 4686 1259 4759 convocacionibus
