3154 5474
318 447 381 508 552
675 451 863 502 nnsouroar
880 438 1096 500 onnlnrrln.

317 619 553 690 continenciam
569 619 716 705 priorum
740 617 911 683 literarum
927 615 1115 680 nostrarum
1130 613 1164 678 in
1181 612 1353 698 quindenis
1367 611 1438 678 sesti

316 730 350 798 N
352 730 509 798 ativitatis
524 728 618 794 beate
634 725 766 812 virginis
775 725 809 790 in
818 723 906 790 iacto
916 723 1166 810 possessionerie
1177 723 1338 790 divisionis
1348 743 1439 805 egere

315 839 480 922 voluisset,
497 835 617 904 Petrus
633 835 739 903 dictus
764 831 921 917 Wagncb
945 831 1059 898 literas
1085 831 1209 898 domini
1233 833 1336 898 nostri
1359 833 1439 914 regis

317 947 377 1016 sub
403 945 518 1014 anuleo
544 945 651 1030 sigillo
676 964 734 1011 suo
760 940 926 1009 coniectas
950 940 1044 1008 nobis
1068 942 1279 1026 presentavit,
1309 962 1438 1025 quarum

317 1064 431 1124 tenore
455 1057 527 1140 ipsa
541 1053 662 1138 regalis
678 1053 865 1138 benignitas
882 1051 1001 1118 dictam
1020 1071 1150 1117 causam
1167 1051 1237 1116 sine
1262 1050 1439 1134 gravamine

317 1165 461 1232 iudiciali
478 1163 530 1230 rel
546 1161 690 1249 pondere
707 1161 846 1246 aliquali
862 1159 904 1228 ad
920 1159 1102 1245 quindenas
1116 1160 1295 1226 residencie
1319 1179 1439 1244 pressu-

317 1277 360 1340 tis
376 1275 427 1340 sui
445 1273 607 1339 exereitus
617 1291 793 1357 prorogare
809 1320 816 1336 .
833 1320 840 1336 .
857 1268 951 1336 nobis
962 1267 1062 1336 dabat
1071 1269 1104 1334 in
1114 1267 1287 1352 mandatis,
1303 1267 1357 1334 sed
1368 1268 1439 1351 quia

318 1387 411 1448 tenor
428 1381 590 1447 dictarum
605 1379 775 1446 literarum
791 1381 977 1445 nostrarum
993 1378 1099 1464 ipsum
1114 1377 1324 1444 Dominio-um
1345 1373 1440 1442 lilium

319 1489 436 1557 Lachk
452 1493 631 1575 spontanea
647 1487 816 1556 voluntate
842 1507 951 1554 coram
967 1486 1060 1553 nobis
1076 1487 1116 1552 ad
1141 1487 1204 1552 boe
1230 1507 1263 1551 se
1288 1487 1440 1570 nlrligasse

319 1598 496 1666 ‹lenotabat
513 1619 552 1665 ac
568 1597 689 1666 dietam
705 1617 835 1664 causam
850 1596 920 1681 ipse
935 1593 1127 1661 Dominicus
1151 1615 1213 1660 nec
1238 1595 1341 1660 literis
1356 1615 1441 1678 rega-

321 1707 408 1775 libus
424 1706 624 1793 reginalibus
648 1710 680 1772 et
704 1706 854 1788 magistri
869 1704 1046 1790 Wyllermi
1071 1725 1130 1770 nee
1154 1705 1285 1770 racione
1309 1702 1440 1769 fratrum

320 1817 542 1903 proximorum
559 1819 591 1881 et
609 1819 820 1900 cognatorum
846 1835 977 1880 snorum
1002 1835 1063 1880 nec
1089 1811 1236 1898 qualibet
1261 1813 1441 1878 caucionea

319 1925 466 2012 predicto
482 1924 620 1992 termino
636 1923 762 1990 diucius
778 1926 888 2008 posset
902 1942 1082 2008 prorogare
1098 1922 1156 1988 sed
1174 1921 1263 1988 omni
1282 1922 1441 1988 occasione

320 2034 526 2120 proculmota
552 2035 666 2100 contra
690 2032 795 2117 ipsum
826 2032 1017 2116 magistrum
1048 2029 1223 2098 Nicolaum
1254 2029 1441 2116 peremtoria

322 2141 571 2226 respondentem
587 2162 704 2228 penam
731 2140 842 2208 decem
858 2161 1041 2226 marcarum
1058 2140 1163 2206 eidem
1178 2142 1335 2225 magistro
1350 2139 1441 2206 Nice-

323 2249 376 2318 lao
393 2254 470 2318 ante
486 2249 554 2317 litis
569 2251 751 2335 ingressum
767 2250 890 2335 absque
907 2249 1078 2316 iudiciaria
1100 2251 1253 2335 porcione
1269 2249 1442 2335 persolven-

322 2359 437 2426 darum
467 2357 650 2426 subiaceret
682 2360 709 2425 si
737 2359 929 2444 premissam
960 2379 1091 2425 cansam
1122 2358 1269 2444 qualibet
1300 2358 1441 2424 caucione

320 2454 508 2536 adinventa
537 2467 662 2536 diucius
701 2487 881 2553 prorogare
912 2467 1081 2553 niteretur,
1119 2467 1191 2533 ideo
1223 2488 1283 2532 nos
1312 2487 1440 2533 unacum

320 2574 501 2660 magnificis
541 2576 617 2642 viris
660 2575 798 2642 dominis
831 2577 986 2660 magistro
1020 2577 1261 2642 tavernicorum
1291 2574 1441 2659 regalium

322 2683 449 2752 Thomu
465 2683 623 2770 woyuoda
643 2683 883 2770 Transsilvann,
902 2685 1068 2769 magistris
1084 2684 1238 2752 Ladislao
1259 2685 1345 2750 dicto
1361 2681 1442 2750 Zaar

321 2795 438 2861 comite
454 2791 624 2876 Nitriensi,
649 2792 774 2860 Thema
791 2790 805 2879 (
824 2844 830 2860 .
849 2843 856 2860 .
874 2843 881 2860 .
898 2792 936 2880 .)
962 2793 1055 2860 Petri
1073 2793 1251 2860 castellano
1279 2794 1318 2860 de
1343 2790 1442 2860 Obou-

319 2901 422 2987 kakw,
439 2900 578 2969 Nicolao
595 2899 662 2968 filio
687 2901 781 2967 Petri
797 2902 836 2968 de
862 2899 995 2969 Gerend
1021 2907 1054 2968 et
1077 2904 1149 2969 aliis
1166 2903 1330 2970 nobilibus
1344 2903 1443 2968 nobis

322 3031 393 3076 cum
410 3007 555 3075 tribunal
570 3009 722 3076 iudiciale
734 3007 981 3078 consedentibus
999 3011 1106 3096 ipsum
1121 3011 1331 3078 Dominicum
1346 3009 1440 3076 filium

321 3116 435 3183 Lachk
450 3118 484 3184 in
499 3117 657 3202 premissa
676 3137 760 3202 pena
785 3117 896 3183 decem
922 3141 1107 3186 marcarum
1132 3121 1255 3204 absque
1282 3119 1441 3184 iudiciaria

320 3227 475 3312 porcione
492 3227 525 3291 in
542 3229 611 3293 toto
637 3226 772 3310 triginta
787 3247 911 3293 marcas
929 3225 1068 3294 iaciente
1085 3227 1099 3313 (
1115 3277 1122 3295 .
1138 3278 1145 3294 .
1163 3279 1169 3294 .
1186 3279 1193 3294 .
1209 3225 1224 3314 )
1241 3249 1280 3294 ac
1296 3233 1359 3292 tam
1375 3249 1440 3312 pre-

323 3335 453 3400 missam
479 3337 690 3420 spontaneam
715 3335 950 3419 obligacionem
982 3337 1108 3422 quitum
1139 3335 1207 3403 iore
1239 3337 1441 3402 decernentes

318 3444 511 3530 premissam
528 3465 655 3510 causam
673 3443 713 3510 ad
737 3443 918 3529 quindenas
943 3445 1121 3512 residencie
1145 3446 1304 3530 presentis
1328 3443 1441 3510 exerci-

320 3559 373 3619 tus
389 3553 510 3638 regalis
527 3574 564 3619 eo
580 3552 675 3620 modo
692 3603 700 3620 .
717 3603 724 3620 .
748 3553 898 3620 duximus
918 3555 1156 3640 prorogandam
1178 3575 1218 3621 ac
1232 3555 1374 3639 prefatas
1389 3553 1440 3618 tri·

323 3663 416 3747 ginta
430 3681 555 3728 marcas
573 3657 587 3746 (
604 3711 611 3728 .
629 3709 636 3727 .
653 3711 660 3728 .
677 3660 714 3748 .)
737 3659 930 3728 Dominicus
951 3665 1024 3728 ante
1040 3663 1106 3728 litis
1122 3664 1303 3747 ingressum
1320 3665 1353 3728 in
1367 3662 1440 3746 ipsis

319 3769 490 3854 quindenis
522 3789 630 3835 coram
656 3768 749 3836 nobis
780 3775 894 3836 contra
919 3771 1027 3856 ipsum
1057 3773 1247 3856 magistrum
1273 3770 1439 3838 Nicolaum

319 3879 443 3946 solvere
458 3881 609 3946 teneatur
638 3879 716 3964 quia
740 3879 907 3964 predictus
931 3879 1053 3946 Petrus
1078 3879 1182 3946 dict-us
1197 3880 1350 3964 Wugucb
1374 3898 1440 3964 pro

318 3989 450 4054 curator
480 3986 560 4054 dieti
576 3985 740 4055 Dominici
755 3986 814 4054 filii
830 3987 945 4055 Lachk
959 3989 1148 4073 premissam
1164 4009 1293 4056 causam
1309 3989 1439 4055 alteram

318 4095 476 4182 premissa
494 4096 729 4180 composicione
744 4094 908 4162 mediante
925 4096 1018 4162 dictis
1034 4097 1138 4164 literis
1160 4097 1325 4181 regalibus
1342 4117 1439 4182 apre

321 4201 408 4271 dieto
439 4203 577 4270 termino
609 4203 775 4271 nitebatur
806 4224 991 4289 prorogare.
1023 4203 1151 4271 Datum
1180 4207 1214 4271 in
1245 4204 1439 4291 Wissegrad.

318 4315 431 4380 octavo
449 4309 501 4378 die
521 4311 653 4380 termini
677 4313 852 4400 prenotati,
877 4333 962 4381 anno
988 4312 1109 4381 domini
1125 4313 1179 4380 Μ0
1198 4312 1300 4382 0000
1315 4311 1440 4380 XXX⁰

317 4441 432 4506 prrmo.

425 4565 559 4620 ztrlatan
572 4565 664 4633 peceat
687 4567 864 4636 nynmaivsl;
889 4567 1062 4636 eredetijeaz
1084 4581 1155 4620 orez.
1176 4568 1232 4620 uer
1255 4571 1356 4622 kinost.
1378 4573 1439 4624 oszt

317 4653 352 4706 N.
364 4656 398 4706 a.
412 4656 445 4708 Δ.
468 4660 544 4710 1585.
559 4661 601 4709 43.
615 4655 682 4723 dipl.
696 4658 767 4710 lter:
791 4664 868 4711 2694.
882 4659 964 4712 Kozri
975 4675 981 4710 :
994 4657 1103 4712 Kordcs
1116 4659 1150 4710 N.
