3130 5470
541 481 634 544 1329.
658 485 730 544 1111.
753 483 781 545 6.
1156 484 1223 549 405

88 655 258 724 Michaelis
275 659 379 725 dictus
394 655 499 744 Feyes
515 661 634 726 nobilis
651 661 691 726 (16
708 663 908 746 possessione
934 663 1027 729 Rode
1043 665 1215 732 comitatus

89 764 349 851 Wesprimiensis
374 789 433 851 pro
450 789 484 833 66
500 774 534 833 et
549 790 607 851 pro
623 766 649 834 J
650 768 751 834 acobo
776 767 845 836 filio
870 792 927 836 suo
953 770 995 836 ab
1021 794 1087 838 una
1103 778 1216 857 parte,

90 874 199 941 nobilis
211 877 264 940 111
275 897 381 942 comes
392 876 609 961 Deythylinus
621 877 818 943 castellanus
828 880 948 944 montis
959 881 1064 946 sancti
1074 879 1212 948 Martini

92 984 124 1048 16
140 1007 238 1051 66616
264 991 373 1051 monte
389 985 559 1052 Pannonio
584 1007 622 1050 ex
647 987 752 1054 611616
777 987 820 1054 ad
843 993 990 1054 nostram
1013 989 1214 1073 presenciam

92 1101 296 1160 accesserunt
320 1101 353 1160 et
377 1095 462 1160 idem
488 1095 657 1162 lohannes
683 1097 846 1179 quandam
871 1098 1105 1180 possessiouem
1121 1120 1213 1164 suam

93 1199 228 1296 16111611Ι
236 1210 385 1267 vocatam
402 1201 462 1268 sub
479 1203 635 1269 comitatu
650 1202 676 1268 J
677 1205 817 1270 auriensi
844 1205 1036 1271 existentem
1051 1228 1110 1291 per
1126 1204 1217 1272 nobi·

93 1309 132 1374 les
146 1312 237 1375 viros
253 1311 428 1393 magistros
443 1311 580 1377 Petrum
597 1318 630 1377 et
646 1310 850 1397 Stephanum
866 1313 951 1378 filios
968 1314 1133 1400 quondam
1148 1335 1215 1379 ma-

91 1419 170 1500 gistri
189 1418 353 1504 Stephani
370 1419 435 1486 tilii
451 1419 558 1486 Marci
571 1409 614 1485 Ι(16
631 1443 749 1504 genera
769 1419 884 1490 Ohaak
893 1423 1023 1488 racione
1036 1421 1219 1490 concambii

91 1531 245 1612 porcionis
263 1531 405 1597 eiusdem
422 1532 447 1598 J
448 1533 583 1598 ohannis
606 1535 854 1616 possessiouarie
871 1534 1033 1618 porcionis
1048 1536 1083 1599 iu
1103 1540 1210 1602 castro

92 1636 242 1722 Cheznyk
259 1647 291 1703 et
308 1641 341 1704 in
366 1640 603 1706 municionibus
628 1662 685 1706 seu
710 1641 854 1708 turribus
879 1642 913 1706 in
937 1647 1048 1708 monte
1074 1641 1218 1710 eiusdem

92 1747 243 1831 Cheznyk
268 1747 488 1814 mediantibus
504 1747 759 1832 privilegialibus
785 1749 888 1814 literis
906 1749 1118 1815 discretorum
1134 1751 1217 1818 viro·

92 1877 154 1919 mm
170 1857 312 1940 capituli
330 1855 485 1922 Albensis
511 1857 646 1923 ecclesie
672 1857 828 1921 traditam
853 1862 886 1922 et
911 1855 1064 1922 donatam
1097 1863 1130 1924 et
1160 1880 1219 1944 per

92 1965 222 2030 eundern
249 1963 274 2030 J
276 1965 434 2032 ohannem
454 1965 587 2048 pacifice
604 1987 786 2050 possessam
803 1969 835 2031 et
861 1973 1085 2034 conservatam
1100 1989 1218 2052 usque-

91 2073 177 2139 modo
195 2095 270 2139 oum
289 2073 435 2138 omnibus
452 2073 650 2139 utilitatibus
676 2073 741 2138 suis
767 2079 798 2138 et
824 2073 1032 2158 pertinenciis
1059 2076 1218 2145 universis

92 2183 239 2249 videlicet
264 2203 337 2248 curn
354 2183 491 2248 ecclesia
506 2184 540 2247 111
556 2183 678 2248 honore
694 2181 783 2247 beati
800 2181 943 2247 Emerici
969 2181 1160 2276 confessoris
1183 2183 1218 2249 in

92 2292 196 2356 cadem
215 2293 398 2358 constituta
422 2314 461 2357 ac
478 2290 628 2357 omnibus
643 2291 743 2355 vineis
759 2292 794 2356 in
811 2291 975 2356 territorio
992 2290 1134 2356 eiusdem
1145 2313 1217 2376 pos·

93 2401 237 2465 sessionis
253 2401 411 2484 plantatis
422 2405 454 2465 61
465 2399 679 2466 existentibus
695 2450 702 2463 .
720 2451 726 2464 .
744 2399 783 2463 de
801 2419 959 2466 consensu
971 2398 1218 2482 etbeneplaoito

91 2507 223 2574 fratrum
243 2515 276 2574 61
300 2511 518 2593 proximorum
545 2531 675 2574 suorum
710 2509 835 2573 scilicet
859 2505 989 2574 Nicolai
1015 2507 1074 2572 filii
1099 2507 1219 2574 Jacobi

91 2625 122 2682 ct
135 2619 272 2684 alterius
287 2615 419 2685 Nicolai
435 2617 495 2684 filii
512 2619 642 2683 Zwmur
667 2617 825 2682 nobilium
841 2615 881 2680 de
898 2615 1010 2680 eadem
1026 2613 1117 2682 Rede
1146 2637 1220 2681 nec-

91 2747 151 2790 non
181 2711 409 2810 religiosornm
427 2732 460 2792 et
477 2726 538 2791 (166
565 2725 756 2791 amabilium
781 2725 922 2788 1116111111
948 2722 1070 2790 domini
1086 2721 1218 2789 Nicolai

91 2835 217 2901 abbatis
232 2837 353 2902 montis
370 2835 476 2900 sancti
491 2833 630 2899 Martini
647 2833 686 2898 de
704 2833 791 2898 dicto
807 2838 916 2898 monte
934 2851 1026 2898 sacro
1047 2830 1219 2898 Pannonio

92 2951 122 3008 61
138 2949 318 3010 conuentus
335 2945 398 3010 loc-i
415 2943 559 3009 eiusdem
576 2941 666 3008 dedit
681 2942 826 3008 vendidit
852 2948 885 3006 et
901 2939 1038 3008 tradidit
1053 2939 1219 3006 antedicto

91 3057 202 3121 comiti
217 3054 418 3140 Deythylino
435 3054 613 3119 castellano
631 3058 663 3116 et
678 3073 737 3135 per
753 3072 827 3116 eum
843 3049 909 3115 suis
934 3047 1108 3118 heredibus
1124 3047 1215 3114 here-

92 3159 232 3250 dumque
249 3164 485 3231 successoribus
501 3183 560 3247 pro
580 3167 709 3227 centum
719 3160 837 3228 marcis
848 3159 1054 3226 denariorum
1070 3157 1221 3224 viennen·

91 3279 173 3343 sium
188 3300 248 3364 pro
264 3281 410 3360 tempore
435 3273 637 3340 currencium
658 3271 692 3338 in
717 3268 858 3338 Jaurino
886 3271 995 3337 decem
1019 3290 1137 3354 pensas
1160 3272 1233 3356 pro'

90 3386 239 3471 qualibet
254 3383 450 3469 computatis
465 3387 622 3469 perpetuo
639 3380 772 3466 pacifice
797 3403 836 3446 66
860 3379 1120 3446 irrevocabiliter
1142 3399 1218 3463 pos·

90 3497 266 3580 6116611611,
291 3495 334 3561 ad
358 3495 491 3560 maioris
517 3491 643 3557 cautela
669 3491 771 3555 6616111
791 3489 991 3556 evidenciam
1015 3488 1063 3552 rei
1091 3487 1219 3552 easdem

87 3607 203 3672 literas
222 3603 439 3690 privilegiales
455 3600 590 3684 capituli
600 3595 756 3664 Albensis
775 3597 909 3662 66616616
926 3601 958 3660 61
974 3595 1083 3660 future
1094 3595 1221 3662 cautela

88 3715 267 3782 remedirnn
282 3717 317 3780 in
332 3733 448 3778 manns
465 3708 619 3794 sepedicti
637 3709 762 3773 comitis
788 3705 980 3794 Deythylini
995 3703 1143 3788 prefatus
1159 3701 1186 3767 J
1187 3725 1219 3768 o-

87 3828 216 3892 hannes
244 3823 348 3890 nostri
378 3823 412 3886 in
443 3819 610 3906 presencia
642 3817 827 3900 assignavit.
859 3813 986 3879 Datum
1011 3812 1063 3877 die
1089 3807 1219 3875 sabbati

87 3935 236 4020 proximo
251 3939 324 4017 post
340 3937 471 3998 6616166
487 3929 576 3996 beati
593 3927 730 4010 Georgii
745 3925 898 4006 martiris,
910 3943 994 3987 anno
1011 3920 1131 3984 domini
1143 3918 1221 3983 Μ11-

86 4045 204 4110 16611116
221 4041 444 4107 trecentesimo
460 4039 611 4103 vicesimo
628 4057 722 4118 nono,
747 4032 914 4116 magistris
940 4029 1070 4094 Mathia
1088 4027 1234 4110 lectore‚'

85 4151 235 4235 Georgio
250 4157 382 4217 cantore
398 4155 430 4214 et
446 4145 471 4212 J
473 4145 575 4212 acobo
586 4143 719 4210 custode
744 4143 923 4224 ceterisque
934 4137 1091 4203 iratribus
1107 4140 1140 4202 61
1165 4135 1221 4200 (16-

85 4263 186 4328 minis
204 4261 335 4327 ecclesie
351 4263 462 4324 nostre
478 4254 700 4322 existentibus.

198 4425 278 4476 Folul
291 4423 555 4489 cyrographummal
580 4418 608 4468 11
622 4416 774 4468 seber-zbld
796 4415 900 4478 selyem
926 4412 1055 4474 szslagon
1080 4407 1165 4470 tuggo
1186 4405 1220 4470 tp

82 4519 240 4587 peceatum
258 4518 388 4584 credetije
402 4531 419 4566 6
430 4512 629 4580 pannonhulmi
642 4508 788 4574 sdapttsag
802 4509 891 4557 ltban.
914 4503 1004 4568 (lapsa
1017 4507 1041 4555 9.
1067 4501 1098 4553 B.
1121 4497 1221 4550 Kozli:

82 4611 253 4668 Staehovics
273 4609 379 4673 Remig.

576 4763 735 4773 ——uu
