3172 5462
604 449 698 512 1324.
716 465 785 510 ruri.
805 450 856 510 26.
1230 455 1291 518 151

156 625 295 690 eandem
310 626 458 692 habitam
485 649 583 710 quam
599 625 742 691 indebite
768 629 960 708 occupatam
987 627 1164 713 detinebat,
1190 632 1293 698 sciens

155 737 188 796 et
205 753 438 818 recognoscens
454 736 487 800 in
512 736 583 820 ipsa
607 735 805 818 possessione
831 733 913 798 nihil
937 735 1016 800 iuris
1042 757 1075 800 se
1100 737 1219 804 habere
1236 741 1292 806 sed

155 841 199 906 ad
215 842 355 908 eundem
371 845 564 928 magistrum
580 843 764 908 Martinam
779 843 849 908 iure
869 849 903 907 et
928 843 1026 909 titulo
1054 846 1205 912 emcionis
1221 869 1292 932 per-

158 950 272 1033 tinere,
290 951 394 1042 eidem
411 973 519 1017 coram
535 951 629 1018 nobis
648 951 808 1016 remiserit
824 962 857 1015 et
883 949 1061 1016 reddiderit
1086 961 1242 1038 perpetuo
1259 963 1293 1022 et

154 1058 291 1144 pacifice
306 1060 542 1144 possidendam,
558 1081 616 1126 nos
631 1059 817 1126 huiusmodi
842 1061 1087 1126 restitucionom
1107 1063 1208 1146 ipsius
1224 1087 1291 1130 ma-

154 1171 251 1252 gistri
276 1169 446 1253 Lamperti
472 1170 511 1235 de
537 1168 625 1234 dicta
640 1169 838 1252 possessione
868 1169 989 1235 factam
1008 1175 1115 1236 ratam
1140 1171 1290 1240 habendo

153 1283 187 1342 et
204 1276 427 1343 confirmando
444 1278 579 1343 eandem
604 1277 835 1360 possessionem
860 1279 1056 1343 auctoritate
1081 1281 1172 1364 regia
1197 1283 1288 1348 resti·

152 1391 247 1452 tuere
279 1391 312 1451 et
343 1385 478 1451 reddere
509 1385 724 1470 dignaremur,
755 1407 813 1450 nos
846 1386 958 1469 itaque
990 1387 1046 1470 qui
1078 1408 1117 1452 ex
1148 1393 1288 1474 suscepti

152 1495 322 1579 regiminis
338 1492 445 1559 officio
462 1514 725 1578 unumquemque
741 1494 775 1558 in
801 1514 858 1558 suo
883 1494 954 1558 iure
980 1515 1168 1560 conservare
1193 1497 1288 1563 debe·

152 1625 224 1668 mus
250 1603 466 1686 peticionibus
499 1603 600 1686 ipsius
629 1603 777 1685 magistri
802 1601 941 1667 Martini
968 1601 1142 1686 diligenter
1167 1605 1288 1673 auditis

151 1713 377 1794 revocatisque
393 1711 427 1775 in
442 1710 630 1774 memoriam
645 1707 860 1774 fidelitatibus
877 1713 910 1774 et
924 1707 1068 1774 fidelium
1080 1711 1287 1779 serviciorum

152 1819 279 1884 meritis
305 1839 369 1902 que
384 1817 470 1882 idem
487 1839 560 1883 cum
577 1818 642 1882 suis
667 1815 743 1881 filiis
768 1839 841 1882 oum
867 1813 1021 1882 effusione
1047 1819 1096 1882 sui
1121 1822 1284 1904 sanguinis

152 1925 330 1990 infervere
347 1946 469 1990 summe
484 1923 654 1989 fidelitatis
664 1944 723 2007 pro
735 1923 935 1988 exaltacione
950 1925 1055 1991 nostri
1071 1927 1236 2010 regiminis
1252 1934 1286 1993 et

151 2032 286 2098 honoris
302 2035 336 2098 in
353 2033 485 2098 divorsis
505 2031 768 2115 expedicionibus
793 2037 826 2096 et
851 2031 984 2115 agendis
1009 2035 1128 2099 nostris
1153 2055 1192 2100 ao
1217 2057 1286 2120 spe-

150 2141 280 2207 cialiter
297 2142 330 2206 in
347 2141 553 2224 expedicione
569 2146 681 2206 nostra
697 2159 795 2223 quam
811 2139 945 2206 fecimus
961 2161 1071 2208 versus
1087 2141 1285 2226 Zagrabiam

149 2249 294 2315 etinalia
305 2249 614 2333 expedicionequam
624 2247 798 2313 habuimus
809 2249 868 2313 sub
879 2253 986 2314 castro
996 2248 1136 2333 Myhald
1154 2251 1285 2335 ubispe-

150 2357 281 2421 cialiter
298 2355 443 2422 studiosa
458 2357 558 2439 ipsios
577 2356 807 2439 procuracione
823 2361 855 2420 et
870 2354 959 2420 fideli
983 2357 1163 2422 ministerio
1178 2360 1284 2442 ipsum

150 2470 294 2530 castrum
321 2465 409 2549 quod
433 2464 603 2531 Johannes
618 2463 707 2529 filius
721 2463 884 2529 Theodori
899 2463 976 2530 bani
1001 2471 1115 2531 contra
1139 2471 1283 2534 nostram

147 2574 356 2638 maiestatem
381 2573 547 2639 rebelliter
562 2573 728 2638 detinebat
754 2573 1012 2655 recuperavimus
1037 2579 1069 2638 et
1086 2573 1194 2640 nostre
1210 2575 1283 2641 sub-

147 2683 284 2749 iecimus
300 2681 427 2764 dicioni,
442 2682 522 2747 item
540 2683 574 2745 in
590 2680 783 2746 debellando
800 2682 1008 2764 quamplures
1023 2681 1283 2751 theotonicorum

147 2799 183 2857 et
199 2789 411 2855 bohemorum
428 2790 587 2854 exercitus
613 2791 669 2873 qui
693 2791 785 2872 regni
800 2791 903 2855 nostri
918 2789 998 2854 fines
1022 2790 1133 2856 hostili
1158 2793 1282 2858 insultu

145 2898 303 2962 invadere
318 2901 543 2980 attemtarant,
559 2898 637 2962 item
654 2899 688 2962 in
714 2896 888 2964 deserendo
914 2897 1062 2981 pluribus
1087 2900 1210 2966 vicibus
1226 2923 1282 2967 nc·

145 3012 235 3072 stras
250 3007 432 3090 legaciones
448 3005 491 3070 ad
509 3005 658 3071 Bazarab
675 3006 863 3090 woyuodam
873 3013 1020 3072 nostrum
1030 3007 1282 3092 Transalpinam

144 3115 205 3181 ubi
222 3137 279 3180 sue
305 3116 480 3197 legacionis
496 3113 638 3180 officium
654 3113 795 3179 fideliter
811 3120 844 3179 et
859 3115 1069 3182 laudabiliter
1084 3116 1282 3200 adimplevit,

143 3225 242 3291 nobis
258 3229 291 3290 et
307 3246 406 3308 regno
423 3231 533 3288 nostro
549 3221 708 3288 indefesse
724 3223 871 3289 exhibuit
887 3229 920 3288 et
946 3224 1112 3308 impendit,
1136 3225 1281 3291 volentes

143 3341 200 3400 tot
226 3340 259 3399 et
283 3335 385 3398 tantis
409 3333 551 3398 serviciis
577 3331 718 3397 eiusdem
743 3331 848 3415 Regio
879 3353 1047 3396 occurrere
1072 3354 1145 3398 oum
1169 3331 1280 3397 favore

142 3443 329 3528 predictam
345 3441 575 3524 possessionem
591 3439 713 3506 Davar
729 3461 802 3505 cum
818 3445 991 3523 prenotata
1015 3443 1104 3504 terra
1128 3439 1281 3525 Polynte-

140 3550 205 3616 lulv
241 3549 284 3616 ad
321 3549 456 3614 eandem
486 3549 750 3633 pertinentem..
776 3548 1020 3612 reddidimus..
1052 3546 1155 3614 eidem
1180 3549 1281 3632 magi·

141 3664 211 3724 stro
238 3656 387 3721 Martino
404 3705 435 3720 ..
459 3661 616 3739 perpetuo
642 3653 891 3740 possidendam.
909 3703 915 3719 .
932 3653 1059 3720 Datum
1083 3677 1141 3738 per
1165 3656 1280 3720 manu's

141 3765 279 3832 discreti
294 3765 355 3830 viri
373 3764 523 3846 magistri
538 3761 672 3828 Andros
688 3762 842 3846 prepositi
866 3762 1028 3828 Budensis
1049 3762 1181 3828 ecclesie
1206 3762 1281 3826 aule

140 3879 257 3939 nostre
275 3871 532 3938 vicecancellarii
548 3870 659 3936 dilecti
675 3877 707 3936 et
723 3869 828 3935 fidelis
851 3871 963 3952 nostri,
988 3890 1072 3934 anno
1089 3869 1211 3935 domini
1226 3869 1280 3935 Μ0

141 3982 249 4051 000ο
264 3982 414 4048 vicesimo
430 3985 556 4066 quarto,
573 3981 709 4063 septimo
719 3979 876 4045 kalendas
886 3980 1003 4044 mensis
1018 3975 1173 4062 Augusti,
1188 3979 1281 4061 regni

140 4091 253 4175 nostri
274 4111 360 4154 anno
377 4089 525 4154 similiter
550 4088 699 4152 vicesimo
715 4093 844 4170 quarto.
869 4086 1135 4156 Venerabilibus.
1149 4085 1280 4165 ..stb.*)

252 4251 394 4317 Eredetije
408 4267 425 4302 a
437 4251 541 4316 nyitrai
555 4251 687 4316 ksiptalan
699 4253 773 4314 lban,
786 4251 872 4316 suggd
886 4249 1004 4316 pecsdtje
1017 4249 1157 4317 hidnyzilr.
1177 4249 1277 4301 Kdzli:

139 4344 234 4396 ambo
248 4343 362 4406 Kirroly.

139 4487 275 4497 ...—..-—·
282 4485 361 4494 ——n

251 4557 277 4621 *)
291 4557 323 4607 Ia.
336 4557 452 4608 fbntehb
473 4561 531 4609 105.
546 4573 582 4608 ez.
595 4573 620 4608 a.
642 4573 713 4609 azon
734 4558 939 4620 hozzaadassal,
960 4559 1035 4623 hogy
1057 4571 1089 4606 az
1112 4557 1279 4622 esztorgomi

138 4651 219 4702 trech
233 4649 376 4702 cztmehez
389 4649 587 4702 hozzttststett
602 4652 725 4717 »locique
739 4651 862 4704 eiusdem
875 4650 974 4704 comite
988 4653 1149 4722 perpetum«
1165 4663 1181 4698 a
1203 4647 1279 4705 halo·
