3172 5462
627 445 721 510 1323.
1171 447 1233 511 107

97 625 175 694 dem
200 624 243 693 ds
270 625 383 694 eadem
405 623 607 711 possessione
632 623 809 711 expulisset
832 627 867 694 et
891 625 999 694 omnia
1023 646 1086 714 que
1111 624 1238 694 sibis-

99 739 201 804 erunt
215 735 401 802 necessaria
414 735 591 822 recepisset
614 735 650 801 in
665 733 797 819 eadem3
822 735 909 803 unde
935 756 993 802 nos
1018 735 1138 802 auditis
1161 757 1236 822 par-

99 845 190 913 cium
205 843 486 931 proposioionibus
502 842 728 910 adjudicantes
740 842 949 929 decrevimus,
960 845 1048 930 quod
1062 846 1098 911 in
1113 845 1236 912 octavis

99 952 202 1020 medii
219 948 478 1036 Quadragesime
492 973 580 1018 nunc
594 953 738 1019 venturis
762 952 891 1039 prefate
905 959 1015 1038 partes
1041 959 1155 1020 contra
1170 975 1239 1020 sese

99 1062 324 1128 instrumenta
339 1081 436 1149 super
450 1059 539 1128 facto
555 1059 640 1128 dicte
655 1061 866 1146 possessionis
881 1059 1000 1130 Kasuk
1020 1083 1130 1129 eoram
1146 1061 1240 1128 nobis

101 1169 259 1238 exhibere
274 1174 457 1253 teneantur,
481 1169 516 1236 in
532 1169 717 1254 eisdemque
741 1169 863 1237 octavis
888 1168 929 1238 de
952 1168 1040 1240 sacto
1066 1170 1240 1258 potentiali

101 1299 164 1366 per
180 1278 306 1345 dictum
321 1275 476 1346 abbatem
490 1277 585 1347 illato
601 1277 817 1348 disouoimus
832 1279 963 1348 iusticia
982 1275 1145 1347 evadente.
1170 1278 1239 1347 Da·

99 1394 176 1456 tum
190 1387 227 1453 in
242 1385 368 1454 Calidis
382 1383 493 1472 Aquis
509 1408 595 1457 nono
612 1387 665 1456 die
680 1386 811 1457 termini
825 1386 1000 1476 prenotati,
1016 1408 1102 1457 anno
1118 1385 1240 1457 domini

101 1495 160 1565 Μ0
176 1492 279 1565 000ο
293 1492 387 1563 XX⁰
401 1495 513 1564 tercio.

214 1657 287 1712 ztrd
299 1657 392 1727 peccet
415 1661 593 1727 nyomeiva13
612 1659 743 1728 eredetije
764 1675 797 1714 az
811 1675 880 1714 orsa.
891 1659 948 1713 ltetr
968 1659 1068 1713 kincat.
1082 1662 1151 1712 orat.
1164 1660 1239 1714 Mon.

101 1751 168 1802 Por.
182 1753 227 1802 4³.
242 1755 267 1804 3.
280 1750 348 1819 dipl.
360 1751 432 1805 lttr:
447 1753 526 1804 2196.
544 1750 641 1805 Kozli:
662 1751 767 1806 Vineae
779 1751 882 1806 thor.

594 1951 754 1966 m

650 2153 702 2218 98.

107 2317 210 2384 1323.
236 2313 269 2381 Α
285 2315 376 2382 bricci
390 2315 551 2402 kdptolao
567 2314 639 2382 cloto
654 2315 811 2382 Dorozlo'o'
826 2315 903 2399 Pet,
919 2315 1108 2385 Aodrdssat
1124 2323 1156 2386 e's
1173 2318 1241 2385 to'dd

164 2425 266 2492 botai
280 2426 473 2492 ascissetkel
488 2423 636 2512 bizooyos
650 2425 739 2492 oitds
754 2425 929 2494 birtokre'sz
943 2427 1033 2493 irem
1049 2427 1187 2496 dioclet.

222 2583 412 2672 Capitulum
437 2587 572 2654 ecclesie
595 2585 787 2654 Baebiensis
802 2635 810 2653 .
827 2637 834 2654 .
850 2587 893 2654 ad
917 2587 1142 2655 universorum
1157 2589 1241 2655 noti-

104 2696 193 2762 ciam
210 2694 406 2762 ..volumus
431 2696 606 2779 pervenire,
631 2693 719 2780 quod
744 2715 818 2760 oum
841 2695 926 2761 inter
950 2695 1092 2763 Paulum
1118 2695 1159 2762 de
1175 2695 1243 2764 Do·

103 2805 197 2872 rozlo
214 2803 258 2869 ab
273 2823 340 2870 una
354 2807 458 2889 parte,
473 2802 652 2888 Andreem,
668 2803 830 2889 Bitonem,
846 2802 871 2870 J
872 2804 1043 2890 ohannem,
1057 2804 1193 2872 Petrum
1209 2810 1242 2872 et

103 2910 294 2978 Barrabam
308 2910 434 2978 nobiles
450 2911 491 2978 de
506 2910 602 2977 Baka
617 2911 660 2978 ab
676 2911 781 2978 altera
797 2933 893 2998 super
919 2913 1073 2998 porcione
1098 2913 1243 2980 eiusdem

103 3019 208 3086 Pauli
223 3017 387 3085 in'eedem
402 3021 602 3104 possessione
617 3017 713 3087 Baka
737 3021 897 3088 existente
922 3043 961 3088 ac
985 3021 1088 3088 eciam
1112 3021 1243 3088 racione

103 3128 312 3212 iudiciorum,
328 3127 445 3213 quibus
461 3127 559 3194 iidem
573 3127 700 3194 nobiles
717 3135 832 3196 contra
854 3131 961 3216 ipsum
976 3129 1118 3197 Paulum
1134 3151 1244 3197 eoram

106 3237 231 3303 comite
246 3235 422 3302 Bacbiensi
438 3237 575 3304 convicti
600 3238 786 3322 extiterant,
801 3239 869 3305 litis
885 3239 1025 3305 materia
1047 3237 1161 3305 fuisset
1176 3259 1244 3304 sus·

104 3347 213 3412 citata
238 3348 272 3410 et
297 3343 423 3412 diucius
454 3345 541 3411 inter
574 3345 660 3430 ipsos
684 3347 850 3431 ventilata,
874 3348 1008 3414 tandem
1032 3347 1110 3415 licet
1133 3346 1245 3432 probis

103 3453 184 3520 viris
210 3451 431 3519 mediantibus
455 3453 568 3520 taliter
593 3453 868 3540 concordaverint,
894 3456 982 3541 quod
1006 3455 1093 3522 idem
1118 3455 1243 3524 Paulus

102 3561 297 3650 porcionem
322 3582 413 3628 suam
437 3562 472 3628 in
497 3562 610 3628 eadem
633 3565 834 3648 possessione
858 3564 955 3630 Baka
979 3565 1170 3632 existentem
1186 3585 1244 3632 suo

102 3673 293 3738 iuramento
309 3691 419 3736 coram
434 3669 562 3737 homine
577 3676 688 3738 nostro
705 3672 825 3740 adhoc
841 3672 998 3759 deputato
1014 3672 1172 3740 rehabere
1189 3673 1244 3740 de-

102 3779 234 3847 buisset
258 3782 293 3844 et
315 3777 447 3862 insuper
479 3778 577 3845 iidem
608 3780 734 3846 nobiles
766 3781 951 3866 quindecim
981 3802 1108 3849 marcas
1138 3781 1244 3850 eidem

103 3911 219 3958 coram
234 3887 328 3955 nobis
343 3887 422 3954 dare
438 3887 633 3974 debuissent,
658 3895 767 3956 tamen
792 3911 852 3975 pro
875 3891 962 3958 bono
986 3891 1077 3978 pacis
1093 3897 1128 3959 et
1145 3890 1244 3958 stabi·

101 3997 198 4066 lioris
213 3993 381 4062 firmitatis
396 3995 430 4062 in
445 3995 518 4063 looo
534 3997 731 4063 sacramenti
747 3996 791 4063 ad
806 3998 906 4066 talem
929 3997 1020 4083 pacis
1046 3997 1244 4066 devenerunt

102 4107 271 4188 unionem,
286 4103 374 4188 quod
389 4102 528 4189 predicti
543 4103 668 4170 nobiles
683 4106 872 4190 porcionem
890 4107 994 4192 ipsius
1009 4105 1108 4175 Pauli
1122 4107 1157 4173 in
1171 4127 1243 4192 pre·

103 4213 232 4298 scripta
256 4212 458 4296 possessione
483 4213 673 4278 existentem
698 4213 822 4300 absque
846 4234 905 4280 suo
931 4215 1115 4282 iuramento
1140 4215 1244 4282 eidem

105 4319 333 4388 reddidissent
351 4317 485 4404 pacifice
508 4319 737 4406 possidendam
762 4327 796 4388 et
818 4321 951 4407 insuper
967 4323 1103 4390 terciam
1116 4329 1245 4409 partem

103 4427 302 4515 porcionum
317 4446 451 4493 suarum
466 4426 507 4494 de
535 4427 648 4494 eadem
672 4451 693 4496 a
716 4433 811 4515 parte
835 4430 997 4514 porcionis
1021 4431 1123 4515 ipsius
1146 4429 1244 4507 Pauli

106 4537 318 4604 adiacentem
333 4557 407 4602 cum
419 4535 567 4603 omnibus
576 4537 773 4604 utilitatibus
783 4539 848 4605 suis
858 4539 1245 4623 etpertinenciisadean·
1343 4533 1345 4538 ’

104 4645 192 4731 dem,
207 4643 362 4712 videlicet
375 4644 516 4730 piscinis,
530 4645 634 4732 pratis
650 4650 683 4714 et
697 4645 814 4714 tenetis
830 4646 998 4720 simuloum
1023 4649 1128 4716 tercia
1149 4653 1244 4744 parte
