3112 5466
350 407 415 468 220
700 419 888 468 uxuocuom
907 409 1123 468 ouuluurhu.

347 585 407 647 tini
424 584 456 648 in
473 585 549 648 villa
566 588 675 648 eorum
693 583 869 648 Bezermen
885 589 999 650 vocata
1014 584 1048 648 in
1064 585 1168 648 vicino
1195 585 1344 650 existenti
1364 583 1456 650 eodem
1538 600 1542 637 ἰ

348 692 399 756 die
425 691 530 758 forum
557 691 784 757 celebrandum
809 693 1014 772 statuissent;
1040 687 1298 776 supplicantque
1323 692 1410 757 nobis
1429 699 1457 757 ut

347 799 451 864 forum
469 802 501 864 in
513 800 600 865 dicta
616 800 692 864 villa
709 799 1065 884 susKaaloupe1·n0·=
1082 821 1268 865 concessum
1286 800 1346 864 sibi
1363 799 1455 865 confir·
1538 859 1544 889 1,

346 909 464 974 ruendo
490 915 703 974 memoratum
720 909 825 974 forum
843 908 882 973 de
910 909 988 974 ville
1012 909 1190 974 Bezermen
1215 908 1341 973 abolire
1366 908 1455 972 etde

346 1023 471 1081 struere
502 1018 718 1102 dignaremur,
749 1018 834 1083 unde
865 1041 923 1084 nos
957 1019 1107 1103 precibus
1132 1018 1275 1083 eiusdem
1308 1018 1455 1102 benignius
1542 1023 1543 1061 ³

346 1125 493 1190 inclinati
519 1125 700 1208 predictum
726 1126 832 1191 iorum
849 1127 881 1190 in
898 1127 975 1191 villa
991 1125 1102 1190 Kalon
1119 1126 1171 1190 die
1197 1125 1323 1191 sabbati
1349 1127 1455 1190 cuiusli-
1542 1133 1543 1180 ἐ

346 1231 401 1296 bet
417 1233 618 1298 hebdomade
644 1239 800 1317 perpetuo
827 1234 1056 1299 celebrandum
1082 1235 1168 1299 dicto
1195 1234 1306 1299 comiti
1330 1234 1411 1298 Ivvun
1432 1241 1454 1298 et

347 1342 415 1405 eius
431 1342 676 1424 posteritatibus
693 1343 963 1426 quemadmodum
988 1343 1049 1408 sibi
1066 1345 1154 1426 prius
1171 1344 1383 1408 concessimus
1398 1363 1454 1408 con·

346 1447 520 1533 firmamus,
545 1450 649 1515 forum
668 1472 743 1515 vero
760 1449 800 1514 de
817 1451 904 1516 dicta
920 1451 998 1517 villa
1016 1451 1194 1516 Beuermen
1220 1471 1261 1514 ne
1287 1471 1344 1533 peu·
1368 1451 1454 1533 ipsum

346 1557 433 1622 dicto
450 1557 559 1623 comiti
575 1559 665 1624 Iwan
682 1565 714 1622 et
731 1559 797 1624 eius
813 1559 986 1624 heredibus
1002 1560 1214 1643 pueiudicium
1232 1563 1398 1642 generetur
1411 1557 1455 1622 eli-

347 1667 442 1750 quale
478 1665 627 1731 duximus
653 1668 847 1732 almleudum
865 1717 896 1734 ..
922 1669 1078 1733 universis
1104 1669 1215 1750 itaque
1241 1665 1454 1730 mercatoribus

347 1773 461 1837 danius
477 1773 510 1836 in
526 1775 687 1840 urrandatis
712 1775 920 1840 nihilominus
947 1775 1075 1839 eosdem
1092 1795 1317 1840 assecuramus
1332 1795 1387 1857 per
1400 1795 1456 1857 pre·

347 1887 462 1964 sentes,
479 1887 638 1964 quatenus
654 1884 686 1947 iu
703 1882 824 1948 dictum
840 1883 946 1948 forum
964 1883 1003 1947 de
1029 1883 1106 1948 villa
1130 1882 1244 1948 Kalon
1270 1903 1378 1947 secure
1400 1903 1455 1946 cou-

347 1991 478 2054 veniant
504 2013 641 2075 suasque
670 1993 829 2056 emciones
853 1992 1057 2056 vendiciones
1084 1997 1115 2055 et
1142 1991 1405 2056 commutaciones
1426 2012 1455 2054 ac

346 2097 451 2162 lorum
477 2105 647 2164 exerceant
672 2099 704 2164 in
730 2099 841 2164 eodem
868 2099 927 2165 surb
952 2106 1063 2166 nostra
1087 2099 1293 2182 proteccione
1318 2105 1349 2162 et
1371 2097 1455 2162 tutele

347 2208 488 2290 speciali,
514 2208 636 2272 nullum
664 2207 816 2272 desursum
841 2210 1030 2293 nullamque
1054 2209 1241 2274 molesciam
1273 2209 1307 2273 in
1331 2208 1456 2292 personis

347 2321 404 2378 utut
419 2313 516 2379 rebus
532 2314 706 2380 vendendis
723 2320 781 2380 aut
797 2317 939 2382 emendis
955 2324 1023 2381 tam
1039 2317 1072 2380 in
1088 2316 1245 2381 veniendo
1262 2339 1355 2399 quom
1367 2315 1456 2380 iorum

346 2421 509 2486 inccdens
534 2421 681 2488 faciendo
699 2429 731 2486 et
748 2425 848 2489 eciam
874 2425 1053 2490 recedendo
1078 2423 1119 2489 ab
1146 2425 1259 2489 eodem
1284 2423 1457 2509 perpessuri.

346 2528 471 2594 Datum
496 2531 529 2594 in
555 2531 735 2614 Derechke,
767 2538 883 2616 quarta
915 2533 996 2598 feria
1027 2533 1174 2616 proxima
1199 2537 1273 2615 post
1299 2529 1457 2614 quindenus

346 2636 434 2702 beati
450 2637 622 2704 Michaelis
647 2639 843 2724 archangeli,
868 2663 953 2706 anno
978 2640 1099 2706 domini
1124 2639 1178 2704 M⁰
1201 2636 1304 2704 0000
1328 2638 1457 2703 vicesimo

348 2747 469 2828 quinto.

454 2909 605 2974 Hellepjsiu
619 2913 711 2976 peccet
722 2913 897 2976 nyomaiva13
917 2911 1045 2977 credetije
1064 2928 1080 2961 a
1093 2913 1125 2962 N.
1139 2913 1332 2971 Muccurum,
1345 2925 1360 2958 a
1372 2907 1456 2968 Kallas·

347 3012 382 3047 cs.
398 2999 470 3049 lban.
485 2999 584 3051 Kiizli:
605 3001 730 3067 Tegdnyi
745 3004 777 3052 K.

833 3167 903 3174 μ-
910 3164 992 3172 υ.-.-

350 3582 444 3644 1325.
468 3581 568 3660 Vete's,
595 3591 651 3644 oei.
669 3582 721 3644 21.
746 3579 854 3664 Fuulep
880 3583 984 3646 recidor
1009 3581 1187 3646 Getlomeh
1214 3577 1457 3644 bardintuna

408 3688 501 3752 sileni
517 3689 606 3773 pere't
622 3711 643 3750 o
660 3687 808 3754 Sznbolcs
823 3689 1006 3773 ovirvneggei
1021 3689 1228 3774 hdzggu'lle'sre
1245 3687 1407 3770 halcsztjc..

453 3847 523 3914 Nos
539 3847 714 3932 Philippus
739 3849 903 3932 palatinus
931 3847 1045 3914 damus
1070 3869 1129 3931 pro
1155 3848 1318 3930 memorie,
1341 3841 1418 3930 quod
1432 3841 1457 3904 iu

346 3960 598 4042 congregacione
630 3963 740 4024 nostra
772 3937 915 4041 generali
942 3957 1023 4022 feria
1055 3957 1197 4022 secunda
1227 3957 1372 4040 proxima
1399 3951 1458 4036 posl

345 4069 464 4133 festum
490 4067 592 4132 suuncti
618 4067 707 4132 Luce
734 4067 929 4150 evangeliste
955 4067 988 4130 in
1014 4066 1170 4130 comitatu
1196 4065 1236 4129 de
1261 4061 1412 4130 Zothmur
1432 4057 1459 4120 iu

345 4175 422 4240 villa
438 4173 575 4239 Wethes
593 4175 756 4239 celebrata
782 4171 951 4258 Geblynus
969 4194 1165 4255 consurgens
1176 4173 1216 4237 de
1233 4172 1337 4238 medio
1352 4169 1461 4235 uuiver-

345 4305 454 4346 sorum
471 4283 561 4366 dixit,
587 4283 674 4366 quod
691 4282 803 4366 populi
820 4287 852 4346 et
868 4281 1054 4364 iobagiones
1074 4279 1098 4344 J
1101 4280 1237 4346 ohannis
1253 4279 1312 4345 filii
1327 4275 1410 4342 Petri
1425 4269 1459 4334 de

346 4389 469 4474 Saulyn
485 4391 526 4456 ab
553 4414 590 4456 eo
615 4390 758 4456 indebite
789 4390 929 4454 sedecim
955 4411 1080 4453 marcas
1106 4389 1233 4471 augenti
1259 4383 1462 4453 abstulissent.

345 4521 403 4581 pro
421 4521 484 4580 quo
501 4497 526 4562 J
528 4499 654 4563 ohanne
676 4499 805 4562 domino
831 4497 1051 4581 predictorum
1076 4497 1271 4580 populorum
1299 4501 1330 4558 et
1353 4485 1461 4568 integi-

346 4627 441 4672 onum
468 4605 506 4668 de
533 4605 654 4693 Saulyu
672 4605 856 4694 Stephanus
887 4605 973 4675 filius
1000 4603 1144 4695 Omodey
1170 4604 1310 4672 serviens
1334 4595 1462 4672 eiusdem
