3152 5472
659 455 847 503 assoonoar
864 443 1080 502 ouulsrrln.

826 893 899 958 540.

298 1061 394 1124 1332.
410 1059 474 1124 dec.
493 1060 545 1122 21.
565 1059 672 1124 Jaaos
698 1058 834 1124 Dobolea
849 1063 1018 1142 varmeqye
1035 1059 1170 1142 iapdojo
1186 1060 1219 1120 As
1236 1056 1289 1120 bet
1307 1054 1428 1139 szolqc·

296 1166 405 1251 bira'ju
434 1166 643 1252 bizonya‘tja'b‚
671 1166 753 1250 boyy
777 1165 884 1230 Jctnoe
918 1165 1038 1231 Milolo's
1054 1165 1109 1248 fla
1144 1163 1259 1229 Miluod
1286 1165 1430 1248 onoldja

513 1275 600 1339 betad
615 1274 768 1359 maqrival
783 1297 805 1336 a
822 1275 896 1338 ceti
911 1273 981 1340 itala
1000 1275 1088 1338 estat
1108 1275 1216 1339 latette.

404 1434 474 1502 Nos
492 1453 596 1501 comes
620 1433 789 1500 Johannes
815 1455 919 1501 comes
944 1436 983 1501 de
1007 1433 1151 1501 Dubuka
1177 1441 1209 1502 et
1239 1434 1363 1501 Petrus
1393 1433 1431 1498 da

297 1543 436 1610 Baduck
454 1565 492 1610 ac
507 1541 532 1610 J
534 1541 677 1609 ohannes
694 1542 733 1608 de
749 1539 924 1627 Bungarth
943 1543 1064 1610 iudices
1089 1543 1246 1610 nobilium
1269 1543 1432 1627 provincie

299 1653 441 1719 eiusdem
469 1651 582 1718 damus
601 1674 661 1738 pro
677 1653 841 1737 memoria,
869 1653 956 1738 quod
988 1654 1166 1721 secundum
1196 1655 1433 1721 continenciam

298 1763 441 1848 priorum
457 1763 624 1828 literarum
639 1768 879 1828 nostrorumst
902 1765 935 1828 in
961 1763 1012 1830 die
1043 1764 1191 1830 datarum
1221 1765 1431 1848 presencium

299 1872 325 1939 J
327 1871 466 1937 ohannes
483 1867 570 1935 filius
585 1869 714 1937 Nicolai
730 1869 789 1936 filii
817 1869 940 1957 Myoud
965 1877 1079 1937 contra
1104 1871 1262 1956 quendam
1286 1872 1432 1938 iuvenem

298 1981 427 2046 nomine
443 1978 616 2045 Nicolaum
634 2001 707 2044 cum
723 2001 779 2045 sex
794 1981 940 2064 personis
963 1979 1026 2046 sibi
1042 1979 1200 2046 similibus
1226 2003 1323 2066 super
1348 2002 1433 2047 reca-

299 2089 413 2174 pcione
428 2089 543 2170 viginti
563 2089 705 2172 quinque
715 2107 897 2154 marcarum
911 2087 1071 2155 bonorum
1081 2110 1189 2154 rerum
1198 2090 1233 2154 in
1243 2090 1336 2173 equis
1353 2095 1387 2155 et
1401 2089 1434 2154 in

299 2197 395 2262 armis
411 2217 449 2261 ac
463 2197 498 2260 in
514 2195 653 2262 denariis
679 2202 715 2262 ut
732 2196 894 2262 debuisset
914 2202 1059 2281 prestare
1074 2202 1312 2262 sacramentum
1330 2196 1382 2262 die
1402 2203 1434 2262 et

300 2307 371 2370 loco
388 2305 579 2370 sacramenti
599 2304 685 2370 idem
708 2303 860 2388 magister
885 2304 1052 2371 Johannes
1082 2304 1170 2371 filius
1199 2303 1332 2372 Nicolai
1364 2327 1434 2371 oum

300 2415 400 2478 tantis
416 2415 561 2498 personis
577 2417 676 2497 prout
701 2433 797 2479 causa
821 2412 883 2480 fuit
908 2413 1050 2480 iudicata
1074 2420 1125 2480 est
1155 2413 1348 2480 laetificatus
1380 2435 1435 2480 seu

301 2523 488 2589 emendatus
504 2522 544 2588 ds
563 2524 725 2609 premissis
744 2528 858 2590 contra
881 2522 1054 2590 Nicolaum
1079 2522 1284 2588 antedictum.
1309 2520 1435 2587 Datum

300 2631 432 2700 infesto
449 2635 550 2700 sancti
567 2632 692 2699 Thome
707 2632 854 2717 apostoli,
870 2654 956 2699 anno
972 2633 1093 2700 domini
1120 2631 1175 2697 Μο
1193 2628 1436 2699 OCG⁰XXX⁰

302 2742 450 2808 secundo.

412 2903 543 2956 Zerlattn
569 2907 662 2971 pecstt
682 2907 860 2974 nyomaiva13
879 2905 1009 2972 eredotijs
1032 2922 1064 2956 az
1084 2893 1141 2957 ard.
1160 2907 1291 2956 Muzenm
1316 2905 1436 2956 kezirss

304 2995 428 3046 tetthen.
444 2995 548 3062 (Papay
567 2996 686 3062 Irejosnt
699 3011 735 3048 sz.
759 2997 875 3060 Tarsoly
888 2998 985 3048 Esztor
997 2995 1221 3062 adomanyabbl.)
1232 2995 1331 3046 Kozli:
1346 2993 1435 3045 Szabb

303 3085 420 3150 Keroly.

788 3195 949 3203 —.—.

832 3394 905 3458 541.

306 3559 401 3624 1332.
421 3555 485 3621 dcc.
506 3557 558 3620 23.
575 3553 623 3621 Aa
641 3557 826 3640 caeteryomi
856 3557 934 3622 ledor
949 3557 1016 3621 «lec
1049 3556 1077 3620 I.
1104 3553 1231 3640 Karoly
1255 3557 1439 3642 bircilynak

297 3664 426 3749 jelacti,
443 3665 524 3751 boqy
541 3689 578 3728 oz
595 3667 698 3745 irrisit,
709 3667 825 3750 vajjoa
841 3687 862 3728 a
881 3661 1093 3730 Osalokszteo
1109 3665 1225 3729 Petben
1244 3666 1276 3728 sis
1294 3664 1440 3729 Petbend

305 3782 386 3838 nevil
402 3773 454 3837 leet
469 3771 567 3836 kalen
583 3773 687 3838 birtok
707 3773 853 3838 latescit-e
863 3776 890 3852 2,
907 3797 928 3837 α
944 3773 1136 3858 cizayoilatot
1152 3774 1337 3860 teljesr'tette.

418 3949 546 4016 Karolo
563 3998 570 4016 .
586 3999 593 4015 .
610 3953 680 4036 regi
705 4001 712 4017 .
739 4003 746 4019 .
776 3951 954 4036 capitulum
980 3949 1213 4036 strigoniensis
1240 3951 1374 4018 ecclesie
1399 4003 1407 4020 .
1433 4003 1440 4018 .

305 4057 429 4124 litteras
461 4064 565 4124 vestre
591 4061 775 4126 serenitatis
791 4061 971 4145 recepimus
996 4062 1083 4128 ..in
1107 4060 1168 4126 hec
1183 4060 1297 4126 rerba:
1329 4061 1441 4126 Karo-

305 4166 357 4231 lus
373 4215 380 4230 .
397 4214 404 4230 .
421 4185 478 4231 rex
502 4215 533 4232 ..
559 4167 701 4252 capitulo
733 4167 864 4233 ecclesie
895 4167 1125 4250 strigoniensis
1157 4218 1164 4233 .
1196 4217 1203 4234 .
1235 4189 1308 4233 cum
1340 4189 1441 4254 super

307 4294 404 4340 causa
435 4295 497 4358 que
527 4275 613 4340 inter
644 4277 902 4342 sanctimoniales
933 4276 1079 4344 dominas
1118 4277 1157 4342 de
1194 4275 1307 4342 Insula
1344 4275 1441 4360 Lepo

306 4404 379 4448 rum
395 4382 436 4448 ab
452 4404 525 4466 una,
541 4389 574 4449 et
590 4384 747 4469 quosdam
761 4386 906 4452 homines
922 4436 929 4452 .
946 4437 953 4453 .
970 4388 1026 4470 qui
1042 4393 1192 4453 asserunt
1207 4405 1241 4450 se
1257 4405 1327 4450 esse
1343 4385 1438 4450 nobi·

306 4491 353 4555 les
369 4489 409 4555 de
424 4489 550 4557 Pethen
566 4497 658 4576 parte
675 4492 715 4559 ab
731 4494 834 4559 altera
849 4515 946 4578 super
961 4495 1159 4586 possessione
1174 4492 1325 4559 Pothend
1335 4495 1441 4559 uomi-

306 4601 383 4662 nala
409 4604 519 4664 exorta
543 4601 577 4666 in
602 4602 758 4670 comitatu
784 4601 974 4668 Posoniensi
991 4603 1140 4668 existenti
1154 4601 1293 4668 vertitur
1326 4623 1440 4669 coram
