3154 5474
580 493 673 558 1331.
690 500 763 558 uir.
782 495 833 558 la.
1212 495 1273 558 531

146 673 328 757 terminato,
346 673 432 740 omni
457 671 520 740 iuri
536 695 594 739 suo
611 673 698 757 quod
714 674 747 738 in
773 673 886 740 eadem
910 673 1110 758 possessione
1137 671 1276 758 Tyukud

145 791 258 850 vocata
284 805 318 848 se
350 782 468 849 habere
500 789 660 866 sperasset
692 781 733 846 ad
755 788 899 847 nostram
923 780 1050 847 rediens
1079 782 1276 865 presenciam

145 913 279 975 prorsus
310 892 510 958 renunciavit
541 883 784 973 coram‘nobis3
815 912 874 956 nos
899 890 1058 976 siquidem
1084 891 1276 957 auctoritate

145 1002 233 1082 regia
250 1002 375 1067 cunctis
399 998 548 1066 fidelibus
574 1001 695 1066 nostris
720 1001 881 1066 iusticiam
906 1020 1107 1066 communem
1132 997 1275 1066 volentes

145 1108 322 1192 obseruare,
339 1129 491 1174 unacum
515 1109 649 1194 prelatis
665 1108 838 1174 baronibus
855 1109 994 1192 stregai
1010 1108 1114 1175 nostri
1136 1109 1276 1194 proceri-

144 1217 204 1283 bus
220 1218 333 1286 habita
349 1217 580 1284 deliberacione
596 1223 782 1302 prematura
797 1237 836 1282 ex
856 1237 948 1284 cause
958 1218 1112 1303 premisse
1122 1237 1276 1300 processu

144 1326 309 1391 informati
335 1333 563 1409 cognoscentes
589 1326 692 1410 ipsam
717 1327 949 1411 possessionem
975 1324 1116 1410 Tynkud
1132 1325 1195 1391 alio
1220 1347 1275 1390 no·

143 1435 227 1499 mine
266 1433 484 1501 Kerekoduor
516 1440 735 1520 nuncupatam
773 1435 862 1500 nullo
902 1441 1051 1518 pretextu
1091 1434 1131 1500 ad
1169 1435 1275 1520 ipsum

144 1539 312 1607 Andreanr
337 1541 476 1628 Zunyug
507 1541 563 1607 sed
588 1540 629 1606 ad
653 1548 796 1608 nostram
822 1541 1029 1608 collacionem
1054 1541 1093 1606 de
1109 1541 1178 1606 iure
1203 1563 1275 1626 per-

144 1651 254 1735 tinere,
286 1651 388 1735 ipsam
414 1651 647 1734 possessionem
673 1651 813 1736 Tyukud
847 1672 884 1716 eo
914 1651 984 1716 iure
1016 1671 1080 1734 quo
1096 1651 1186 1735 prius
1212 1651 1275 1733 ipsi

143 1759 301 1842 magistro
318 1757 484 1842 Stephano
511 1753 705 1824 contulimus
731 1760 924 1825 auctoritate
942 1759 1143 1844 presencium
1160 1757 1274 1824 confir-

143 1874 267 1932 mantes
284 1866 439 1934 heredum
466 1888 597 1932 suorum
616 1888 673 1952 per
698 1866 832 1933 heredes
858 1873 1014 1953 perpetuo
1040 1865 1275 1952 possidendam,

143 1976 206 2058 ipsi
221 1973 355 2042 Andree
371 1975 511 2061 Zunyug
535 1981 690 2060 perpetue
709 1976 941 2042 taciturnitatis
967 1975 1133 2041 silencium
1160 1981 1192 2040 et
1208 1975 1274 2040 suis

142 2082 316 2149 heredibus
332 2082 483 2148 duximus
499 2083 735 2169 imponendum.
750 2082 873 2150 Datum
892 2085 926 2148 in
941 2080 1134 2168 Wysegrsd,
1151 2081 1274 2148 decimo

142 2191 195 2256 (lie
212 2199 399 2258 octavarum
413 2191 499 2258 beati
510 2189 644 2276 Georgii
660 2193 803 2260 martiris
818 2191 1045 2278 predictarmn,
1061 2212 1143 2257 aurio
1153 2189 1275 2256 domini

142 2299 196 2366 Μο
212 2298 315 2367 000ο
331 2298 462 2364 XXX⁰
480 2301 594 2386 primc.

250 2463 403 2530 Httlapjtn
424 2479 442 2514 a
466 2478 539 2530 nagy
561 2465 664 2531 kirtlyi
686 2465 778 2531 peceat
799 2464 976 2531 nyomaiva13
995 2462 1128 2528 eredetijs
1149 2478 1181 2515 aa
1203 2477 1273 2516 orsa.

143 2553 198 2605 lteir
211 2553 314 2604 kinost.
341 2558 408 2606 oszt.
430 2553 463 2603 N.
477 2554 511 2604 R.
525 2555 558 2604 Δ.
573 2559 633 2606 955.
650 2560 692 2607 10.
705 2556 773 2622 dipl.
787 2556 860 2607 latr.-
876 2557 954 2605 2657.
968 2553 1065 2604 szli:
1079 2552 1189 2606 Kovbcs
1203 2554 1237 2604 N.
1265 2555 1268 2561 '

630 2756 787 2766 ...ιι-...μ-

673 2955 747 3018 455.

142 3119 240 3182 1331.
257 3119 335 3202 maij.
355 3118 405 3181 12.
423 3115 471 3182 Aa
487 3119 555 3202 apri
565 3117 724 3204 kdptalaa
740 3117 997 3204 alb'ttBoraopai
1006 3117 1128 3184 Middds
1144 3121 1176 3183 da
1191 3123 1272 3204 aeje,

144 3226 297 3290 Feminea
323 3226 424 3290 Heoes
448 3227 633 3311 adroreqyea'
658 3224 841 3289 birtokukot
862 3219 887 3288 'a
912 3225 1023 3290 Ratolt
1050 3225 1274 3311 araoaaeisdqbb'l

304 3335 380 3399 υαίό
395 3333 512 3398 Leiszlu'
527 3334 715 3417 bdrrfia‘nuk
744 3333 915 3400 Olina-nel·
932 3335 1112 3400 eldriida'tilr.

254 3491 325 3558 Nos
351 3494 527 3580 capitulum
554 3491 685 3560 ecclesie
704 3490 876 3576 Agriensis
902 3494 1014 3560 damus
1038 3517 1097 3580 pro
1114 3495 1275 3578 memoria,

141 3601 231 3685 quod
255 3599 392 3668 Nicolao
418 3599 486 3668 filio
512 3601 616 3668 Blasii
648 3601 686 3668 de
711 3599 860 3688 Baranya
884 3624 944 3688 pro
971 3625 1004 3669 se
1030 3608 1062 3670 et
1087 3624 1146 3687 pro
1172 3602 1273 3668 nobili

143 3709 276 3774 domina
300 3716 446 3775 consorte
472 3731 530 3775 sua
553 3707 620 3775 filia
635 3709 784 3775 videlicet
803 3708 944 3777 Simonis
967 3711 1027 3776 filii
1046 3708 1219 3776 Benedicti
1236 3709 1275 3774 de

140 3815 282 3902 Nemety
308 3815 403 3884 Clara
418 3825 602 3903 nuncupata
627 3839 666 3883 ex
681 3839 745 3884 una
761 3825 862 3904 parte,
879 3826 911 3885 et
928 3817 1058 3884 Oliverc
1083 3817 1151 3882 filio
1176 3815 1274 3882 Ladi-

139 3927 198 3991 slai
218 3924 355 3992 condam
380 3926 456 3992 bani
473 3926 512 3993 de
529 3948 646 4010 genere
662 3926 777 3993 Ratolt
794 3927 833 3993 ab
850 3927 951 3992 altera
970 3946 1077 3992 coram
1093 3924 1186 3990 nobis
1203 3945 1274 4008 per-

140 4034 298 4100 sonaliter
315 4035 500 4101 constitutis
516 4055 574 4120 per
590 4035 726 4101 eundem
743 4034 916 4101 Nicolaum
931 4034 1035 4100 filium
1051 4033 1154 4099 Blasii
1172 4054 1230 4098 suo
1241 4041 1273 4098 et

140 4142 272 4211 nomine
289 4141 374 4208 dicte
398 4143 517 4208 nobilis
537 4143 665 4209 domine
682 4145 839 4209 consortis
857 4164 912 4209 sue
937 4143 1139 4229 propositum
1165 4141 1274 4206 ext'tit

140 4260 172 4318 et
186 4249 337 4334 relatum,
354 4249 441 4335 quod
457 4259 606 4336 quartam
621 4257 745 4335 partem
762 4251 927 4317 cuiusdam
943 4250 1154 4336 possessionis
1170 4247 1273 4314 Bede-

140 4383 212 4426 mus
230 4367 341 4426 vocate
354 4360 387 4425 in
404 4361 559 4426 comitatu
568 4359 876 4445 Hewssuyuariensi
891 4361 981 4426 iuxta
999 4359 1132 4426 fluvium
1142 4356 1273 4442 Zagyva

140 4469 311 4536 existentis
328 4469 476 4536 videlicet
492 4473 594 4538 totam
611 4470 795 4554 porcionem
813 4470 958 4555 ipsorum
973 4469 1007 4533 iu
1023 4465 1132 4533 eadem
1148 4487 1272 4550 posses-

139 4579 231 4643 sione
247 4576 409 4641 Fedemus
426 4575 460 4661 (.
477 4627 484 4642 .
502 4627 508 4642 .
525 4575 539 4663 )
557 4598 618 4660 que
635 4576 719 4644 dicte
730 4577 830 4642 nobili
840 4577 969 4642 domine
985 4577 1018 4640 in
1035 4572 1272 4660 expedicionem

525 4695 539 4752 b

141 4693 257 4770 quarte
274 4706 329 4751 sue
345 4684 453 4751 filialis
469 4687 524 4752 iux
540 4708 559 4752 a
575 4683 697 4774 (regni)
709 4687 971 4754 consuetudinem
980 4685 1188 4772 provenisset,
1200 4705 1272 4749 cum

1103 4791 1164 4856 34*
