3152 5472
666 923 739 984 501.

137 1089 230 1152 1332.
247 1082 577 1172 Avipaouo,op1·.10.
596 1085 710 1151 XXII.
726 1086 832 1151 Jcioos
848 1090 938 1171 pdpo
955 1109 976 1150 a
990 1085 1266 1170 szc'lcerfchdrudri

132 1196 299 1280 prepostot
314 1195 464 1279 rctositja,
489 1197 572 1281 hopy
598 1218 620 1258 o
645 1193 746 1259 bardai
770 1195 897 1281 hii-depr·
921 1194 1130 1281 iedpolacidcto
1147 1195 1265 1282 hefolpt

134 1304 246 1390 deppae
263 1301 519 1388 odorrrdapokbo'l
536 1326 556 1367 a
576 1301 823 1388 sucepit-szipeti
840 1303 1021 1388 repriczcikct
1038 1327 1059 1366 a
1076 1303 1171 1370 carluid·
1184 1304 1267 1389 jdro‘

396 1411 536 1482 oaztodc'd
559 1410 721 1497 dolpddaa
737 1409 1003 1497 raepoe'dcdmeeze.

243 1571 413 1638 dohannes
439 1574 609 1658 episcopus
635 1593 744 1638 servus
777 1593 941 1638 servorum
966 1571 1018 1636 dei
1049 1570 1168 1638 dilecto
1194 1571 1261 1637 filio

137 1682 302 1766 preposito
329 1683 458 1748 ecclesie
474 1680 629 1749 Albensis
645 1683 781 1747 salutem
799 1689 831 1746 et
846 1681 1058 1766 apostolicam
1068 1679 1267 1746 benediccio-

135 1809 218 1856 nem-
251 1787 486 1874 significarunt
511 1791 604 1856 nohis
630 1789 747 1856 dilecte
772 1791 805 1855 in
831 1789 952 1856 eluisto
977 1789 1042 1855 filie
1073 1788 1210 1874 piorissa
1235 1795 1267 1854 et

136 1905 313 1964 conventus
350 1900 541 1966 monasterii
582 1898 875 1964 sanctimonialium
921 1899 1042 1982 regalis
1080 1896 1268 1962 monasterii

136 2015 245 2072 sancte
261 2004 369 2072 Marie
386 2007 424 2072 de
441 2007 554 2074 Insula
570 2006 714 2072 Danubii
731 2008 813 2072 alias
832 2006 994 2091 Leporum
1013 2027 1071 2090 per
1080 2005 1267 2090 priorissam

137 2114 224 2182 soliti
241 2114 416 2198 gubernari
443 2116 567 2194 ordinis
592 2116 696 2181 sancti
721 2113 898 2200 Augustini
915 2113 1165 2198 Vesprimiensis
1182 2113 1267 2180 dioe-

139 2225 218 2289 cesis
236 2223 412 2290 seoundum
428 2226 579 2292 instituta
595 2232 627 2291 et
643 2226 703 2291 sub
720 2247 797 2291 cura
812 2224 951 2290 fratrum
976 2224 1098 2290 ordinis
1123 2223 1267 2309 predica·

138 2341 245 2398 torum
261 2335 411 2418 viventes,
437 2335 525 2418 quod
540 2337 704 2420 perceptio
730 2335 869 2400 duarum
894 2334 1040 2419 parcium
1065 2333 1267 2399 oblacionum

140 2461 202 2524 que
219 2464 239 2507 a
256 2441 379 2509 Christi
395 2441 544 2509 fidelibus
560 2445 754 2528 proveniunt
772 2444 895 2528 capelle
920 2443 1006 2527 regie
1030 2449 1143 2507 vocate
1158 2442 1218 2506 site
1234 2441 1266 2506 in

138 2558 246 2615 castro
262 2548 357 2615 Bude
373 2550 457 2617 dicte
474 2551 627 2618 dioecesis
644 2551 686 2617 ad
703 2552 806 2618 dictas
823 2551 1010 2636 priorissam
1028 2555 1059 2616 et
1076 2557 1266 2615 conventum

138 2659 349 2742 quibuslicet
373 2659 493 2726 hebere
518 2663 686 2747 proprium
711 2662 744 2726 in
777 2662 937 2726 communi
969 2681 1007 2725 ex
1031 2659 1158 2724 indulto
1182 2657 1267 2724 sedis

137 2768 314 2851 apostolice
330 2770 462 2852 speciali
492 2769 532 2834 de
557 2771 694 2854 antiqua
710 2777 742 2835 et
758 2769 940 2854 approbata
956 2790 994 2834 ao
1010 2769 1165 2833 haetenus
1181 2767 1267 2853 paci-

138 2873 197 2939 fice
214 2875 385 2942 observata
402 2877 629 2942 consuetudine
640 2878 818 2944 dinoscitur
827 2878 990 2962 pertinere
1007 2883 1123 2942 ettam
1141 2873 1266 2959 prefato

139 2983 294 3066 priorissa
310 2991 342 3049 et
369 2989 543 3050 conventus
568 3007 665 3069 quam
681 2987 737 3051 ilie
754 3007 817 3070 que
833 2987 867 3052 in
884 2987 970 3052 dicto
986 2984 1180 3051 monasterio
1196 3005 1267 3068 pre·

139 3097 305 3156 cesserunt
335 3092 463 3158 easdem
498 3092 628 3159 fuerunt
651 3095 685 3160 in
711 3093 846 3179 pacifica
869 3093 1068 3178 possessione
1092 3094 1143 3158 vel
1174 3091 1267 3176 quasi

136 3201 216 3266 iuris
231 3202 431 3286 percipiendi
447 3203 575 3268 easdem
600 3204 680 3270 diras
704 3211 815 3288 partes
840 3203 998 3269 dictarum
1019 3201 1222 3268 oblacionum
1246 3223 1267 3266 a

138 3319 284 3395 ternpore
313 3312 402 3378 cuius
436 3313 470 3377 in
496 3305 693 3378 contrarium
725 3313 881 3378 memoria
911 3333 975 3377 non
1007 3313 1125 3395 existit,
1155 3331 1266 3376 verum

138 3418 280 3484 universi
296 3419 402 3484 clerici
429 3419 568 3486 eiusdem
589 3422 711 3506 capelle
729 3409 843 3486 contra
859 3421 1118 3486 consuetudinem
1135 3419 1266 3504 premis·

137 3548 204 3592 sani
228 3533 349 3592 temere
373 3529 538 3594 venientes
571 3529 775 3614 propriisque
802 3529 977 3594 commodis
1001 3529 1162 3593 inhiantes
1196 3547 1267 3611 prc-

137 3635 222 3701 i'atas
254 3635 335 3702 duas
366 3644 476 3722 partes
508 3639 653 3722 ipsarum
684 3637 888 3704 oblacionum
920 3637 1101 3702 temeritate
1134 3635 1267 3720 propria

136 3751 331 3828 receperunt
362 3753 395 3812 et
420 3747 604 3831 percipiunt
628 3747 734 3811 minus
764 3747 848 3812 iuste
878 3747 1028 3828 ipsasque
1059 3745 1125 3810 suis
1155 3745 1267 3810 usibus

137 3855 344 3938 applicarunt
360 3861 392 3920 et
417 3853 582 3939 applicant
606 3855 639 3919 in
664 3855 817 3939 priorisse
843 3860 1015 3919 conventus
1032 3859 1064 3920 et
1080 3853 1268 3919 monasterii

136 3962 356 4045 predictorum
375 3963 588 4047 preiudicium
618 3985 682 4028 non
707 3963 866 4028 modicum
893 3970 926 4028 et
950 3982 1141 4047 g1·ara1nen;
1167 3983 1268 4046 quare

138 4069 231 4136 nobis
248 4069 358 4136 eedem
374 4072 528 4155 priorissa
555 4078 588 4137 et
604 4080 779 4137 conventus
797 4071 965 4137 humiliter
981 4071 1214 4156 supplicarunt,
1230 4075 1268 4134 ut

136 4181 307 4265 providere
322 4181 400 4265 ipsis
417 4189 448 4246 et
474 4181 560 4248 dioto
578 4182 774 4248 monasterio
800 4183 834 4246 in
855 4183 916 4248 hac
940 4188 1033 4266 parte
1052 4181 1092 4246 de
1107 4187 1268 4265 oportuno

138 4288 283 4354 remedio
308 4309 513 4370 curaremus3
540 4310 611 4354 cnm
636 4295 745 4355 autern
771 4290 927 4374 priorissa
951 4295 985 4356 et
1000 4293 1173 4356 conventus
1198 4309 1269 4373 pre-

137 4395 214 4478 fate,
230 4396 314 4462 sicut
330 4404 486 4480 asserunt,
506 4397 667 4464 dictorum
694 4399 915 4465 universorum
941 4398 1129 4463 clericorum
1155 4401 1268 4481 poten-

138 4507 221 4569 ciam
238 4505 353 4570 merito
379 4505 658 4589 perhorrescentes
684 4508 771 4592 ipsos
790 4507 875 4573 infra
891 4507 1054 4573 civitatem
1073 4527 1129 4572 seu
1145 4505 1268 4572 dioece-

139 4634 207 4679 sem
222 4611 496 4698 vesprimiensem
513 4621 677 4700 nequeant
692 4617 860 4683 convenire
876 4635 995 4699 secure,
1013 4613 1203 4681 discrecioni
1214 4623 1268 4682 tue

138 4742 199 4807 per
215 4721 392 4808 apostolica
405 4723 526 4810 scripta
550 4723 750 4806 mandemus,
775 4731 933 4814 quatenus
951 4723 1100 4816 partibus
1117 4745 1268 4796 convoca·
