3112 5466
572 447 666 508 1326.
684 465 755 507 nra.
774 448 824 508 22.

672 843 745 906 221.

143 1007 236 1070 1326.
253 1028 326 1090 apr.
345 1007 396 1068 22.
414 1001 443 1066 A
461 1006 592 1089 nyitrcr'
606 1005 767 1090 kdptalan
784 1005 857 1068 eir'r'tt
873 1003 980 1088 Specie
995 1004 1064 1086 fiai
1088 1003 1221 1090 Gyb'rpy
1237 1009 1270 1070 aa

162 1114 295 1194 Miletos,
328 1111 502 1193 Welkfiair
522 1116 553 1176 c's
573 1113 736 1176 tcirsaikat
755 1113 915 1176 Preznold
933 1113 1115 1197 helyse‘gbea
1131 1113 1248 1177 histnic-

483 1220 633 1284 retractat
647 1220 926 1307 visszafopadjdk.

246 1377 317 1444 Nos
334 1380 511 1462 capitulum
525 1381 658 1445 ecclesie
674 1379 851 1446 Nitriensis
863 1431 887 1444 ..
905 1379 1164 1464 significamus..
1182 1381 1270 1466 qnod

141 1487 301 1570 Georgius
318 1495 351 1554 et
365 1487 523 1554 Nicolaus
539 1487 598 1554 filii
615 1487 732 1572 Spach,
757 1487 877 1554 Petrus
902 1488 989 1554 filius
1015 1489 1139 1556 Thome
1155 1512 1193 1554 ac
1209 1489 1270 1554 Pe-

140 1603 209 1662 trus
225 1595 312 1660 filius
328 1595 353 1661 J
355 1595 457 1680 acobi‚
474 1599 552 1662 item
568 1595 730 1681 Georgius
746 1597 853 1662 dictus
868 1597 950 1664 Kun
976 1605 1043 1663 tam
1059 1621 1118 1682 pro
1128 1619 1161 1664 se
1172 1619 1270 1682 quam

139 1705 244 1769 Paulo
271 1704 380 1770 Deseu
397 1711 430 1770 et
444 1703 470 1770 J
472 1705 598 1770 ohanne
626 1704 701 1770 filiis
727 1707 800 1789 suis,
817 1728 856 1772 ac
871 1703 1025 1772 Andreas
1041 1705 1128 1772 filius
1143 1705 1222 1789 Isyp
1237 1713 1271 1770 et

140 1811 165 1877 J
166 1813 311 1878 ohannes
327 1811 414 1878 filius
428 1811 593 1878 Dominici
609 1814 643 1878 in
659 1814 763 1878 nostri
778 1815 946 1897 presencia
964 1815 1180 1898 personaliter
1196 1835 1271 1878 con-

140 1922 247 1986 stituti
279 1920 321 1985 ab
346 1943 412 1986 una
427 1929 531 2005 parte,
558 1921 652 2005 Tyba
667 1921 753 1986 filins
766 1920 867 1987 Welk
883 1921 942 1987 filii
957 1921 1133 1988 Mortunus
1148 1944 1187 1988 ac
1201 1921 1270 1986 Ke-

137 2051 211 2094 msn
227 2028 330 2094 frater
346 2030 489 2094 eiusdem
505 2029 606 2114 Tyba,
616 2031 694 2095 item
713 2030 851 2094 Iwahun
864 2029 949 2095 filius
960 2028 1127 2096 Sechchen
1145 2030 1270 2095 nobiles

138 2135 178 2200 de
193 2136 375 2202 Preznolch
401 2143 469 2202 tam
484 2159 544 2221 pro
561 2159 594 2202 se
610 2159 708 2221 qnam
724 2159 783 2222 pro
800 2139 874 2202 aliis
899 2139 1054 2221 proximis
1071 2143 1104 2204 et
1122 2139 1269 2222 cognatis

136 2247 203 2310 suis
219 2267 259 2310 ex
269 2247 373 2310 altera
389 2247 539 2312 similiter
553 2248 587 2310 in
603 2246 706 2311 nostri
717 2247 888 2312 constituti
898 2248 1073 2330 presencia,
1084 2247 1269 2312 retulerunt

136 2355 304 2420 nveroois
328 2357 469 2438 oraculo,
495 2354 582 2438 quod
608 2375 681 2418 cum
704 2353 885 2420 Prezncich
910 2355 975 2419 iam
1000 2355 1090 2419 dicta
1113 2356 1270 2438 possessio

88 2521 93 2532 .
136 2464 283 2546 ipsorum
308 2483 328 2526 a
343 2463 455 2528 multis
472 2462 671 2546 temporibus
688 2462 859 2528 retroactis
884 2481 943 2545 per
958 2468 1108 2545 potentes
1123 2461 1270 2528 homines

137 2576 172 2635 et
186 2571 326 2635 maxime
343 2591 401 2654 per
417 2571 540 2636 emulos
556 2571 641 2654 regis
658 2576 691 2635 et
700 2571 791 2653 regni
801 2569 915 2634 fuisset
930 2576 1090 2652 occupata
1106 2574 1139 2634 et
1148 2569 1210 2652 ipsi
1231 2569 1271 2634 de

138 2679 254 2746 eadem
270 2679 469 2762 possessione
486 2683 595 2744 essent
609 2684 642 2742 et
657 2677 794 2742 fuissent
814 2675 948 2760 effugati
973 2678 1008 2741 in
1032 2683 1142 2761 partes
1167 2677 1270 2742 direr-

136 2807 191 2852 sas
214 2786 302 2852 idem
328 2785 421 2870 Tyba
444 2793 477 2851 et
500 2785 631 2850 Kemen
655 2783 714 2850 filii
739 2785 840 2850 Welk
874 2784 1032 2850 antedicti
1057 2784 1097 2848 de
1122 2807 1203 2850 noro
1229 2785 1272 2850 ad

135 2896 227 2978 ipsos
242 2901 276 2959 et
291 2896 324 2960 in
338 2896 493 2960 noticiam
510 2895 653 2978 ipsorum
664 2900 867 2978 remeassent,
883 2893 969 2957 idern
986 2890 1149 2976 Georgius
1165 2899 1198 2958 et
1212 2893 1271 2960 Ni·

136 3001 250 3066 colaus
266 3000 326 3066 filii
341 3001 445 3087 Ipach
461 3023 500 3068 ac
516 3003 573 3067 alii
591 3001 710 3066 fratres
735 3007 769 3066 et
793 3003 933 3085 proximi
957 3002 1101 3085 ipsorum
1125 3003 1271 3085 superius

136 3110 299 3175 nominati
315 3111 423 3194 ipsum
439 3109 533 3194 Tyba
550 3116 583 3174 et
599 3110 680 3176 alios
695 3109 815 3174 fratres
838 3130 913 3174 suos
928 3109 962 3172 iu
977 3109 1121 3193 ipsorum
1136 3110 1272 3193 recepis-

140 3225 217 3284 sent
242 3219 414 3302 collegium
430 3239 599 3283 numerum
620 3221 653 3282 et
669 3223 776 3284 cetum
796 3224 834 3283 ut
850 3217 1022 3300 debebant,
1038 3217 1221 3300 obligantes
1238 3239 1272 3283 se

132 3328 276 3394 firmiter
292 3328 381 3412 quod
397 3351 469 3394 cnm
485 3329 571 3393 idem
593 3325 686 3412 Tyba
710 3327 761 3392 rel
776 3327 834 3392 aiii
849 3327 967 3392 fratres
993 3328 1044 3392 sui
1069 3349 1166 3412 super
1183 3327 1269 3393 facto

132 3437 239 3521 ipsius
254 3439 464 3521 possessionis
480 3436 660 3502 Prennoloh
676 3437 840 3502 accionem
864 3436 914 3500 vel
939 3436 1039 3501 alium
1063 3435 1196 3500 modum
1212 3435 1270 3499 ali·

132 3568 235 3631 quem
260 3547 303 3611 ad
328 3547 547 3612 rehabendam
574 3548 679 3630 ipsam
694 3547 928 3632 possessionem
951 3543 1135 3609 niterentur
1151 3541 1272 3607 habere
1374 3586 1376 3590 -

131 3660 258 3721 extunc
273 3655 360 3721 idem
385 3653 547 3740 Georgius
573 3662 606 3721 et
631 3655 789 3722 Nicolaus
813 3676 852 3718 ac
877 3655 934 3718 alii
958 3654 1099 3738 proximi
1124 3653 1270 3736 ipsorum

129 3766 199 3830 iam
218 3761 298 3828 dicti
313 3765 374 3848 ipsi
391 3761 484 3847 Tyba
499 3764 737 3830 auxiliarentur
751 3763 848 3828 rebus
874 3767 907 3826 et
931 3761 1076 3845 personis
1093 3810 1100 3825 .
1117 3810 1123 3825 .
1139 3759 1265 3824 Datum

129 3871 219 3938 feria
235 3871 338 3936 tercia
352 3873 500 3954 proxima
525 3869 736 3936 antefactum
753 3869 840 3936 beati
856 3867 991 3952 Georgii
1007 3867 1158 3950 martiris,
1184 3887 1269 3930 anno

129 3979 263 4045 domini
280 3977 334 4042 Μο
351 3975 453 4044 000⁰
467 3976 561 4042 ΧΧ0
581 3985 671 4044 sexto

245 4141 398 4206 Hatlapjtn
411 4143 503 4206 peccet
515 4141 676 4205 nyomsival
689 4159 695 4206 ;
710 4140 839 4204 erodetije
852 4155 869 4189 a
882 4155 917 4189 nr.
932 4139 990 4189 tud.
1004 4137 1158 4188 Akadernia
1167 4137 1271 4200 kitnyv-

132 4235 267 4286 taraban.
287 4232 386 4281 Kczii:
405 4233 513 4282 Koraos
526 4232 649 4281 Nandcr.

629 4395 651 4401 .-
667 4394 786 4401 .....--...

180 4764 341 4804 nnsousom
359 4752 524 4800 onnlnrria
540 4765 569 4802 11.
584 4753 646 4802 scr.
