3112 5466
730 457 916 504 1110111011
935 443 1151 504 0111111111.

872 842 943 903 172.

350 1006 443 1069 1325.
461 1006 539 1089 meij.
557 1006 586 1067 2.
603 1002 732 1066 Borsod
755 1006 923 1086 odrochye
938 1003 1109 1108 ulispduja
1127 1005 1160 1065 e's
1186 1003 1361 1067 hirotdmui
1382 1004 1446 1066 bizo-

343 1113 487 1198 uyo'tjctlc,
503 1113 584 1196 bopy
611 1111 777 1173 Britoluoi
793 1111 974 1173 Istvduoult
999 1109 1151 1194 Abrdupi
1167 1111 1275 1174 Ja'uos
1290 1110 1449 1174 111111111-

348 1245 462 1306 conpos
488 1221 599 1302 hirso'p
615 1218 746 1304 feje'beo
772 1218 919 1303 lefoplalt
944 1217 1084 1281 birtoho't
1108 1219 1235 1301 Keroeji
1253 1219 1370 1281 Millo's
1384 1220 1449 1280 11111

719 1326 879 1389 szomszc'd
903 1325 1085 1389 leivciltotta.

448 1468 518 1535 Nos
544 1469 697 1552 magister
723 1466 854 1531 Blasius
871 1487 976 1531 comes
1000 1467 1039 1532 de
1056 1467 1193 1552 Borsod‚
1213 1470 1292 1533 item
1318 1467 1451 1547 lacobus,

342 1575 475 1658 Sceulre,
492 1575 667 1640 Ladialaus
683 1581 716 1639 et
734 1573 919 1658 Stephanus
935 1573 1020 1639 filius
1037 1574 1166 1641 Nicolai
1183 1583 1325 1659 quatuor
1348 1575 1450 1639 iudices

340 1684 497 1749 nobilium
523 1684 563 1748 de
580 1683 690 1748 eodem
715 1685 870 1748 comitatu
886 1683 1001 1747 danius
1024 1705 1082 1766 pro
1098 1685 1262 1766 memoria,
1288 1683 1451 1766 quodcum

341 1791 367 1856 J
368 1793 511 1857 ohannes
522 1790 607 1856 filius
618 1790 792 1855 Benedicti
809 1790 848 1855 de
863 1789 990 1854 Abram
1001 1789 1205 1874 Stephanum
1221 1790 1323 1855 filium
1335 1789 1451 1873 Caspai
1546 1797 1550 1865 1

341 1900 381 1965 de
405 1900 543 1965 Babana
568 1901 601 1963 in
627 1900 784 1966 comitatu
809 1898 937 1965 Borsod
963 1899 1075 1964 ordine
1100 1900 1270 1965 iudiciario
1294 1922 1351 1984 pro
1365 1904 1452 1963 morte
1549 1893 1551 1905 '

341 2008 455 2074 Bodur
481 2007 548 2074 filio
573 2007 687 2075 Vrach
711 2013 834 2091 septem
857 2008 979 2073 vicibus
996 2008 1038 2072 ad
1054 2014 1199 2074 nostram
1215 2010 1359 2091 118111111
1374 2008 1452 2072 citas·
1549 2039 1552 2055 2

341 2122 392 2180 set
407 2118 605 2199 presenciam
622 2117 775 2180 terminos
792 2116 954 2198 legitimos
971 2115 1075 2180 cidem
1092 2117 1297 2199 assignando,
1308 2115 1453 2200 'inquibus
1554 2108 1555 2124 ¹

342 2225 472 2309 quidem
487 2225 635 2289 terminis
651 2222 735 2287 idem
752 2221 922 2287 lohannes
939 2229 976 2287 ut
992 2222 1132 2289 debebat
1158 2245 1230 2288 cum
1257 2225 1371 2289 litteris
1393 2241 1453 2305 pro-

342 2333 512 2397 curatoriis
528 2331 728 2397 evidentibus
745 2331 879 2414 capituli
894 2328 1066 2413 Agriensis
1081 2353 1140 2415 pro
1166 2332 1298 2397 domina
1323 2336 1454 2397 consorte

343 2438 507 2506 Johannis
531 2437 590 2503 filii
616 2438 748 2503 Herrici
772 2437 840 2502 filia
866 2438 1009 2503 eiusdem
1034 2438 1148 2504 Bodur·
1164 2440 1330 2505 interemti
1345 2456 1460 2520 semper,
1554 2443 1555 2446 ’

343 2548 526 2631 comparuit
542 2568 582 2611 ex
598 2569 664 2611 una
680 2551 773 2629 parte
790 2568 899 2611 coram
911 2547 1012 2628 nobis,
1024 2569 1063 2612 ex
1079 2548 1186 2612 altera
1205 2569 1281 2613 vero
1297 2546 1380 2612 idem
1394 2543 1455 2609 Ste-

341 2655 468 2739 pharius
485 2677 544 2720 nec
560 2656 690 2739 propria
706 2656 739 2719 in
756 2677 893 2737 persona
904 2655 1013 2740 aliquo
1024 2657 1153 2721 illorum
1165 2658 1374 2722 terminorum
1383 2675 1456 2720 com·
1553 2669 1554 2672 ’

341 2764 451 2846 paruit
466 2783 525 2828 nec
541 2764 683 2847 aliquem
699 2763 880 2827 transmisit
896 2785 954 2846 pro
971 2785 1004 2827 se
1020 2765 1250 2848 responsalem,
1266 2765 1350 2829 unde
1360 2764 1456 2828 decre
1553 2796 1554 2802 κ

341 2871 444 2935 vimus
460 2871 596 2937 eundem
612 2870 814 2954 Stephanum
831 2878 945 2936 contra
962 2871 1096 2936 eandem
1113 2871 1276 2938 dominam
1296 2879 1330 2938 et
1343 2872 1368 2937 J
1369 2870 1458 2937 ohan·

345 3001 418 3045 nem
444 2988 688 3064 procuratorem
714 3002 807 3045 suum
833 3002 902 3045 esse
928 2980 1088 3045 devictum
1112 2987 1145 3045 et
1161 2980 1255 3046 nohis
1271 2982 1305 3045 in
1322 2977 1458 3046 omnihus

343 3089 490 3153 terminis
506 3089 540 3151 in
562 3088 682 3153 iudicio
698 3089 899 3169 remansisse,
917 3095 948 3152 et
965 3110 1038 3152 cum
1049 3088 1186 3152 eundem
1196 3087 1398 3170 Stephanum
1407 3104 1458 3168 pro

342 3196 460 3261 eisdem
483 3195 608 3260 iudiciis
634 3203 684 3260 111·
709 3197 898 3269 0111111111
923 3203 958 3260 ut
983 3197 1075 3262 nobis
1100 3201 1133 3259 ct
1148 3197 1252 3261 actori
1268 3194 1461 3268 satisfaceret

341 3303 611 3386 quemadmodum
627 3304 669 3368 ad
685 3305 808 3388 priores
824 3305 869 3369 sic
886 3303 928 3369 ad
944 3306 1022 3370 istos
1038 3305 1147 3369 venire
1163 3304 1316 3388 neglexit,
1326 3310 1400 3389 post
1409 3301 1460 3364 hee

341 3417 450 3475 autem
476 3433 548 3476 cum
573 3433 632 3477 nos
657 3411 700 3475 ad
724 3413 909 3494 porcionem
925 3412 1135 3496 possessionis
1152 3412 1294 3476 eiusdem
1311 3408 1462 3494 Stephani

341 3517 480 3584 Babana
505 3526 616 3584 vocate
641 3540 780 3584 unacum
796 3519 959 3585 nobilibus
975 3521 1139 3602 provincie
1155 3519 1305 3584 videlicet
1321 3541 1393 3583 cum
1409 3516 1462 3580 Jo

341 3626 447 3692 banne
456 3626 523 3693 filio
535 3627 667 3711 Chepan
680 3633 711 3691 et
721 3627 869 3693 Emerico
880 3626 947 3692 filio
958 3628 1055 3693 Pauli
1066 3628 1257 3711 acTyboldo
1268 3636 1301 3692 et
1312 3649 1387 3692 cum
1398 3626 1464 3690 aliis

341 3737 584 3801 accessissemus
601 3742 637 3800 ut
653 3757 712 3818 pro
729 3735 855 3800 iudiciis
872 3737 989 3819 quibus
999 3736 1098 3800 iudici
1114 3742 1147 3800 et
1163 3737 1266 3801 actori
1278 3758 1374 3800 cause
1385 3734 1465 3799 idem

341 3841 526 3928 Stephanus
553 3844 717 3908 convictus
733 3842 839 3908 fuerat
855 3843 1033 3927 predictam
1058 3845 1243 3927 porcionem
1260 3842 1467 3926 possessionis

341 3973 398 4016 sue
411 3953 490 4016 iuris
506 3951 619 4016 ordine
635 3953 875 4033 assignaremus
892 3953 1116 4034 existimando,
1132 3955 1289 4038 magister·
1313 3952 1468 4018 Nicoluus

341 4059 445 4124 dictus
462 4058 501 4122 de
517 4058 644 4143 Kemey
659 4060 832 4142 propincus
849 4066 882 4122 et
898 4067 1137 4124 commetaneus
1156 4061 1298 4126 eiusdem
1311 4058 1468 4143 Stephani

341 4166 573 4233 considerando
589 4189 630 4231 ne
647 4168 764 4250 aliquis
782 4174 953 4231 extraneus
969 4168 1011 4232 ad
1027 4170 1260 4252 possessionem
1277 4190 1391 4232 eorum
1419 4166 1470 4232 ad·

342 4275 465 4339 veniret
482 4282 513 4339 11
531 4275 575 4338 ibi
586 4276 800 4340 collocaretur
810 4277 994 4358 porcionem
1005 4277 1146 4342 eiusdem
1163 4276 1321 4362 Stephani
1332 4272 1471 4361 proximi

341 4384 390 4446 sui
408 4385 440 4447 in
456 4384 602 4467 predicta
617 4386 817 4468 possessione
833 4384 971 4449 Babana
988 4392 1102 4450 vocata
1118 4387 1255 4469 triginta
1270 4387 1394 4450 marcis
1404 4406 1472 4447 eum

342 4493 433 4573 equis
450 4498 483 4556 et
498 4515 605 4575 pauno
621 4514 658 4557 ac
675 4514 859 4573 grossorum
875 4491 1081 4557 denariorum
1097 4493 1243 4576 plenarie
1259 4490 1474 4576 persolsendo

345 4601 480 4666 redemit
506 4609 573 4668 tam
599 4626 618 4667 a
644 4603 747 4666 iudice
774 4622 871 4682 qiuuu
896 4601 1206 4666 101111111111010.
1225 4603 1379 4667 ,1)111111
1398 4603 1474 4668 seria
