3112 5466
317 481 381 542 278
676 489 862 536 inrooaonr
880 477 1097 536 onulnrrin.

316 657 439 722 sionem
470 677 580 720 eorum
611 652 798 717 Keuruselu
829 657 978 718 vocatam
1009 651 1154 716 indebite
1185 655 1424 734 occupassent..

316 788 412 850 super
438 785 502 848 quo
520 763 671 829 fidelitati
688 768 793 828 vestre
818 763 1012 845 precipimus
1028 783 1087 846 per
1102 767 1269 844 presentes
1286 767 1426 844 quatenus

316 882 458 940 vestrum
474 873 558 938 detis
574 872 793 936 testimonium
810 891 918 936 coram
934 891 998 954 quo
1014 869 1040 935 J
1041 870 1183 936 ohannes
1192 869 1279 936 filius
1289 869 1426 936 Kalanda

316 984 367 1048 vel
382 981 407 1046 J
409 981 552 1046 ohannes
569 979 655 1045 filius
665 979 690 1045 J
692 979 785 1045 acobi
801 979 840 1044 de
857 1000 975 1062 genere
992 975 1051 1043 Osl
1068 979 1094 1042 si
1105 980 1208 1044 alium
1232 979 1344 1046 abesse
1367 999 1426 1042 con-

317 1093 424 1174 tingat
439 1091 535 1156 homo
552 1095 662 1154 noster
678 1090 760 1153 sciat
776 1095 808 1154 et
823 1089 969 1172 inquirat
993 1087 1032 1152 de
1048 1089 1212 1171 premissis
1229 1087 1427 1162 omnimodam

317 1201 485 1264 veritatem
503 1203 625 1280 etpost
642 1197 702 1262 hec
727 1196 806 1262 facti
831 1197 945 1261 seriem
971 1194 1063 1261 nobis
1087 1195 1229 1260 fideliter
1253 1196 1427 1260 rescribatis

290 1379 293 1386 ,
317 1307 442 1371 Datum
458 1306 492 1370 in
508 1302 681 1386 Visagrad,
697 1304 779 1369 seria
795 1305 911 1388 quinta
925 1305 1075 1388 proxima
1100 1307 1176 1368 ante
1201 1303 1321 1369 festum
1337 1302 1428 1368 beato

316 1435 388 1478 rum
404 1413 550 1496 Philippi
567 1419 600 1478 et
614 1411 733 1478 Jacobi
750 1413 979 1497 apostolorum,
1005 1433 1090 1476 anuo
1118 1411 1240 1476 domini
1265 1409 1321 1476 Μο
1345 1407 1428 1478 0000

318 1521 410 1586 XX⁰
426 1522 570 1606 septimo.

425 1685 553 1734 Zarlatan
566 1686 659 1748 pecset
680 1686 854 1752 nyomaiva13
868 1683 997 1750 credetije
1007 1699 1024 1733 a
1033 1683 1066 1733 N.
1081 1685 1308 1734 Muzeumban.-
1320 1683 1358 1732 Aa
1369 1682 1429 1732 olle·

317 1773 416 1822 selben
426 1774 581 1824 emlltettelr
594 1790 610 1823 a
623 1775 678 1826 Jak
690 1775 845 1838 nemzetsdg
858 1775 945 1840 tagjai
959 1774 1090 1836 valanak;
1104 1773 1264 1822 noi-ineatur
1277 1772 1430 1822 aaarmmtak

318 1879 335 1912 a
348 1863 444 1928 Sitkey
457 1863 650 1928 cealadbeliek,
666 1865 741 1915 Ebed
754 1865 831 1915 flatol
845 1863 1006 1929 Rajndldtdl
1020 1862 1102 1927 pedig
1115 1877 1131 1912 a
1143 1861 1293 1926 Niczlryek.

808 2040 966 2054 ——-...-—A

850 2279 923 2343 258.

320 2447 415 2510 1327.
439 2443 609 2528 Viscpro'd,
626 2445 703 2526 maij
719 2445 749 2507 8.
777 2445 804 2507 I.
823 2443 948 2527 Kriroly
966 2441 1081 2526 kiruily
1097 2443 1170 2506 elau
1186 2468 1207 2506 o
1223 2444 1301 2507 Pe'cz
1318 2450 1431 2506 ueniret-

318 2553 420 2638 se‘gbr'it
437 2552 512 2616 volo‘
527 2551 736 2637 Gerpelyflai
753 2551 880 2615 Lukcics
897 2552 930 2614 c's
947 2549 1092 2633 Gergely,
1117 2551 1220 2614 Zooch
1237 2550 1339 2613 dirtolc
1356 2549 1430 2610 irciat

448 2659 595 2726 Szubolcs
611 2659 840 2744 octrmepyc'ben
857 2657 1101 2744 Egycdflaicol
1116 2659 1314 2744 triegyeznelc.

423 2819 494 2885 Nos
518 2817 666 2884 Karolus
692 2841 809 2885 ..rex
842 2869 850 2885 .
876 2869 882 2884 .
909 2817 1127 2902 significamus
1152 2869 1159 2884 .
1185 2868 1192 2884 .
1219 2819 1306 2904 quod
1346 2817 1432 2900 magi·

318 2931 395 2994 stris
405 2925 777 3010 LucachioetGregorio
788 2926 862 2992 filiis
872 2925 1025 3010 Gregorii
1036 2927 1075 2993 de
1086 2949 1204 3012 genere
1213 2927 1320 2993 Peech
1329 2925 1368 2991 ab
1377 2945 1432 2988 una

317 3044 420 3123 parte,
439 3039 519 3104 item
537 3039 702 3121 magistris
719 3037 810 3102 Iwan
826 3043 859 3102 et
874 3035 1005 3103 Simone
1020 3036 1095 3102 filiis
1113 3037 1225 3122 Egidii
1242 3089 1248 3104 .
1266 3089 1272 3102 .
1289 3059 1327 3103 ex
1341 3037 1433 3101 altera

320 3168 429 3211 coram
448 3145 541 3211 nobis
560 3145 778 3230 personaliter
797 3145 984 3210 constitutis
1000 3147 1201 3229 propositum
1219 3145 1326 3210 ext'tit
1341 3194 1348 3208 .
1364 3193 1370 3208 .
1385 3161 1434 3224 per

320 3255 448 3319 eosdem
458 3303 465 3319 .
476 3305 483 3320 .
494 3254 582 3338 qnod
597 3255 674 3320 licet
683 3275 779 3338 super
790 3254 877 3320 facto
888 3254 1097 3337 possessionis
1107 3253 1220 3319 Zooch
1231 3259 1340 3320 vocate
1349 3253 1379 3317 in
1391 3271 1433 3314 co·

318 3362 486 3427 mitatude
503 3361 660 3428 Zabouch
676 3363 844 3427 existentis
863 3383 961 3445 quam
980 3361 1076 3427 iidem
1089 3361 1273 3428 Lucachius
1284 3359 1434 3442 etGrego·
1474 3423 1477 3430 .

318 3471 386 3535 rius
396 3471 446 3534 ius
457 3469 536 3534 dicti
546 3470 648 3552 patris
658 3471 801 3552 ipsorum
810 3469 1062 3552 fuisseetsicper
1071 3470 1255 3536 noscisdem
1266 3469 1433 3535 restitutam

320 3579 471 3643 eteniam
488 3577 593 3642 denuo
610 3578 762 3643 collatam
786 3577 949 3642 mediante
975 3579 1143 3660 privilegio
1168 3583 1279 3644 nostro
1306 3575 1435 3642 extitisse

322 3684 541 3768 declarabant,
557 3685 620 3768 ipsi
645 3685 776 3768 quidem
791 3685 939 3767 magistri
963 3684 1054 3750 Iwan
1070 3691 1102 3749 et
1118 3683 1231 3752 Simon
1256 3708 1273 3750 e
1298 3700 1434 3751 converso

319 3795 468 3858 similiter
483 3799 592 3859 nostre
609 3794 796 3859 donacionis
813 3794 911 3858 titulo
937 3815 995 3877 per
1011 3795 1154 3878 vigorem
1169 3795 1329 3878 privilegii
1343 3787 1435 3857 nostri

319 3903 435 3968 exinde
452 3900 589 3968 confecti
604 3903 747 3986 ipsorum
773 3923 841 3967 esse
869 3900 1076 3986 denotabant
1101 3901 1243 3986 predicti
1266 3899 1436 3968 Luoachius

318 4015 351 4076 et
366 4008 546 4096 Gregorius
563 4010 691 4076 eosdem
719 4011 809 4076 Iuan
836 4016 868 4075 et
894 4009 1059 4076 Simonem
1081 4010 1196 4075 ordine
1221 4009 1384 4076 iudiciario
1399 4003 1436 4068 ad

319 4121 521 4204 presenciam
537 4116 722 4186 Alexandri
738 4119 853 4185 iudicis
870 4119 957 4184 curie
973 4124 1084 4184 nostre
1100 4119 1135 4184 in
1151 4141 1282 4186 causam
1298 4115 1435 4185 attraxis-

319 4231 391 4292 sent
407 4250 470 4312 que
486 4229 571 4294 inter
587 4235 696 4312 partes
713 4228 838 4295 diucius
853 4249 1004 4313 processa
1020 4227 1169 4312 plurimis
1178 4226 1437 4312 prorogacionum

319 4335 422 4401 modis
447 4341 481 4402 et
512 4335 645 4402 diversis
677 4336 891 4404 dilacionibns
922 4335 965 4402 ad
999 4342 1166 4419 presentes
1197 4343 1326 4403 octavas
1356 4330 1436 4398 beati

318 4440 452 4526 Georgii
468 4445 610 4510 martiris
626 4445 877 4511 indeterminata
893 4445 1099 4530 pervenisset,
1126 4444 1220 4512 dictis
1237 4450 1341 4510 tamen
1357 4445 1437 4506 octa-

317 4550 365 4614 vis
389 4551 478 4616 beati
504 4547 638 4636 Georgii
664 4553 908 4620 advenientibus
933 4575 973 4618 ex
997 4553 1206 4636 permissione
1231 4553 1309 4619 dicti
1331 4547 1437 4615 iudicis

319 4659 538 4726 amicabilium
555 4663 803 4748 compositorum
820 4663 1027 4730 ordinacione
1054 4662 1096 4730 ad
1120 4663 1154 4729 id
1179 4661 1346 4730 accedente
1370 4678 1437 4742 pro
