3172 5462
594 459 689 521 1323.
706 478 782 522 nov.
800 461 851 523 20.
935 465 936 468 ’
1230 467 1291 529 101

157 637 297 704 sessione
329 633 491 703 Johsnnis
515 636 575 701 filii
592 634 679 721 Aba,
704 633 823 702 deinde
850 640 926 704 salit
957 640 999 706 ad
1028 621 1194 726 ⁴quandam
1210 623 1302 710 riam

156 753 312 828 magnam
338 752 371 812 et
393 743 574 812 reflectitur
600 766 710 812 sersus
736 747 893 814 orientem
918 754 951 815 et
973 749 1121 833 pervenit
1137 750 1293 818 adunam

155 860 279 920 metam
294 860 435 920 terream
462 875 524 938 que
548 860 678 938 separat
704 854 743 920 de
766 858 966 940 possessione
982 857 1122 926 filiorum
1139 857 1245 928 Zolad
1261 865 1294 926 et

156 963 306 1047 procedit
323 985 423 1046 supra
437 965 572 1029 eandem
587 965 682 1047 viam,
698 985 807 1030 serens
818 967 974 1032 orientem
990 969 1138 1051 pervenit
1154 967 1196 1034 ad
1212 969 1294 1060 duas

157 1081 262 1138 metas
287 1078 411 1138 temese
436 1094 501 1158 que
526 1079 679 1157 separant
704 1073 744 1137 de
759 1075 959 1158 possessione
982 1077 1115 1142 ecclesie
1132 1077 1171 1141 de
1187 1077 1294 1160 deles,

154 1181 232 1246 inde
251 1181 400 1265 procedit
426 1181 465 1246 da
490 1188 578 1247 meta
602 1181 644 1245 ad
670 1189 791 1247 metam
807 1188 840 1248 et
865 1186 1012 1268 pervenit
1034 1185 1076 1250 ad
1093 1184 1173 1251 duas
1189 1191 1293 1251 metas

157 1297 283 1356 terreas
309 1311 373 1373 que
398 1291 531 1356 suntin
556 1289 619 1354 fine
645 1291 812 1355 cuiusdam
838 1293 945 1375 stagni
970 1291 1163 1377 Horgostou
1178 1295 1294 1378 vocati,

159 1398 278 1462 deinde
294 1399 383 1464 vadit
399 1400 442 1476 ad
458 1399 539 1464 duas
555 1399 688 1464 arbones
704 1402 815 1483 quemi
828 1401 888 1466 sub
905 1401 1023 1484 quibus
1039 1409 1115 1467 sunt
1130 1403 1193 1468 due
1209 1409 1294 1468 mete

159 1515 277 1590 terrae,
295 1507 410 1572 deinde
435 1507 583 1592 procedit
609 1509 696 1574 circa
720 1531 873 1593 magnam
897 1511 990 1592 siam,
1006 1512 1153 1593 pervenit
1169 1511 1211 1576 ad
1227 1517 1294 1576 tres

158 1621 265 1680 metas
282 1623 406 1680 terreas
431 1623 464 1680 et
480 1617 525 1680 sic
542 1637 581 1680 ex
597 1623 737 1700 utraque
753 1623 847 1700 parta
862 1617 950 1682 illius
966 1619 1016 1683 vie
1031 1618 1237 1702 procedendo
1253 1619 1294 1685 de

158 1730 249 1788 meta
265 1725 308 1789 ad
324 1731 443 1788 metam
459 1726 697 1808 transitusque
728 1731 848 1790 metam
864 1727 1071 1808 possessionis
1087 1725 1223 1792 Buthka
1239 1749 1293 1794 vo-

161 1837 244 1916 cate,
271 1833 346 1897 inde
370 1833 515 1916 procedit
542 1833 583 1898 ad
616 1833 696 1898 duas
721 1839 824 1900 metas
850 1839 973 1900 terreas
997 1857 1136 1920 quarum
1160 1857 1227 1902 una
1243 1841 1294 1904 est

158 1941 219 2004 sub
236 1941 354 2007 arbore
372 1943 482 2024 querci
493 1937 723 2025 que'sepersnt
739 1938 822 2027 (igy)
834 1941 873 2006 de
889 1941 987 2007 Lelez
1000 1949 1032 2007 et
1049 1943 1088 2007 de
1104 1943 1248 2027 Buthka,
1259 1941 1292 2029 *)

159 2047 288 2113 deinde
301 2046 482 2113 reflectitur
506 2069 616 2113 versus
640 2049 808 2114 meridiem
825 2048 864 2113 de
883 2055 972 2114 meta
995 2049 1037 2115 sd
1053 2055 1171 2116 metam
1189 2057 1294 2116 trans·

156 2157 266 2222 eundo
293 2155 459 2240 quandam
484 2155 569 2220 viam
585 2157 731 2240 pervenit
762 2157 805 2222 ad
821 2156 900 2222 duas
917 2164 1020 2223 metas
1038 2164 1162 2225 terreas
1178 2160 1211 2224 in
1227 2157 1291 2224 fine

159 2265 329 2332 cuiusdam
360 2264 487 2329 viminis
512 2265 690 2347 vulgariter
723 2259 863 2349 rakatya
893 2268 1008 2349 vocati,
1038 2267 1113 2332 inde
1147 2255 1294 2350 procedit

158 2373 312 2440 similiter
337 2393 447 2438 versus
471 2372 639 2438 meridiem
659 2373 698 2438 ds
722 2378 810 2438 mata
826 2372 868 2436 ad
892 2377 1013 2440 metam
1029 2380 1062 2439 et
1086 2376 1291 2458 pervenitad

157 2504 260 2548 unam
293 2489 500 2566 metamque
535 2481 656 2546 dicitur
685 2481 871 2546 holmhatar
900 2503 963 2565 que
989 2488 1037 2546 est
1062 2483 1155 2548 iuxta
1190 2482 1292 2566 quod·

160 2593 236 2658 dnm
262 2597 416 2674 stagnum
440 2611 503 2674 que
527 2595 658 2674 separat
682 2589 723 2654 de
747 2595 838 2654 terra
869 2590 1076 2674 possessionis
1101 2589 1237 2656 Buthlra
1262 2597 1295 2658 et

160 2702 311 2786 procedit
326 2703 419 2767 iuxta
443 2701 529 2768 idem
550 2707 701 2784 stagnum
726 2706 760 2766 et
774 2701 920 2784 pervenit
936 2701 978 2764 ad
995 2699 1158 2785 quandam
1173 2707 1294 2766 metam

161 2812 417 2895 capitalemque
434 2815 564 2892 separat
588 2830 608 2873 a
631 2815 723 2878 terra
740 2809 950 2894 possessionis
974 2807 1089 2875 Dobra
1104 2814 1225 2892 vocate,
1242 2809 1296 2875 de·

161 2920 236 2984 iude
253 2917 426 2984 oblicsndo
452 2915 535 3004 (igy)
561 2937 594 2984 se
618 2917 766 3001 procedit
789 2938 900 2982 sersus
915 2917 1082 2983 meridiem
1099 2923 1132 2982 et
1147 2918 1295 3000 pervenit

161 3027 203 3094 ad
220 3027 303 3092 (luas
320 3033 423 3090 metas
440 3031 563 3090 terreas
579 3047 641 3108 que
667 3007 743 3092 sunt
759 3025 844 3090 circa
861 3024 1024 3109 quoddam
1039 3030 1191 3108 stagnum
1207 3025 1295 3090 Hor·

160 3143 280 3220 gostou
306 3139 464 3217 vocatum,
489 3134 606 3200 abinde
623 3134 727 3200 eundo
752 3134 897 3217 pervenit
922 3131 964 3198 ad
979 3138 1099 3198 metam
1114 3134 1190 3200 ville
1206 3133 1296 3199 Kus-

160 3245 230 3312 solu
246 3249 360 3309 vocate
377 3264 439 3327 quc
456 3248 505 3308 est
520 3243 597 3308 villa
613 3241 755 3307 filiorum
764 3241 944 3324 Benedicti,
960 3241 1076 3306 deinde
1091 3241 1295 3326 procedendo

159 3355 250 3420 circa
265 3352 498 3436 possessionem
513 3350 655 3417 filiorum
672 3349 842 3416 Benedicti
863 3351 1008 3434 pervenit
1024 3350 1066 3416 ad
1082 3355 1203 3416 metam
1218 3351 1295 3416 ville

158 3461 335 3546 Perbenyk
352 3466 464 3526 vocate
490 3480 553 3544 que
578 3465 627 3526 est
652 3460 739 3528 circa
769 3459 854 3524 viam
871 3458 910 3526 de
928 3457 1075 3543 Semyen,
1091 3459 1206 3524 deinde
1221 3481 1295 3542 pro·

158 3571 307 3638 cedendo
325 3570 444 3644 transit
454 3567 617 3652 quandam
636 3589 756 3651 aquam
766 3566 1082 3634 Karacharocatam
1099 3573 1132 3633 et
1147 3570 1294 3652 pervenit

157 3677 388 3768 antiquandam
413 3699 568 3762 quercum
593 3677 735 3761 subque
760 3683 837 3742 sunt
852 3677 915 3742 due
933 3681 1018 3742 mete
1036 3683 1143 3742 terrae
1159 3681 1192 3742 et
1209 3677 1295 3742 circa

157 3788 300 3856 eandem
325 3809 446 3872 aquam
470 3785 693 3852 descendendo
718 3787 837 3852 transit
862 3785 905 3852 ad
928 3787 1027 3852 aliam
1051 3791 1178 3870 partem
1192 3785 1295 3871 ipsius

156 3920 247 3982 aque
272 3903 308 3963 et
323 3897 471 3982 persenit
497 3895 539 3960 ad
565 3895 664 3960 aliam
690 3915 845 3978 quercum
870 3893 1012 3978 subque
1038 3899 1114 3960 sunt
1131 3894 1193 3960 due
1208 3899 1295 3959 mete

156 4017 268 4072 terres
300 4026 364 4089 que
394 4011 548 4088 separant
578 4005 618 4069 de
649 4009 737 4070 terra
763 4001 868 4086 Gorys
893 4007 1017 4086 vocata,
1043 4002 1158 4071 deinde
1182 4023 1293 4086 proce-

155 4113 270 4200 dendo
295 4114 415 4179 transit
439 4113 561 4178 dict-am
586 4133 706 4195 squam
736 4111 895 4178 Karacha
920 4119 954 4177 et
977 4110 1182 4194 procedendo
1206 4111 1296 4178 ultra

155 4223 298 4290 eandem
324 4237 442 4305 aquam
467 4221 614 4305 pervenit
639 4220 682 4284 ad
707 4221 815 4286 locum
844 4219 1005 4304 quendam
1029 4219 1293 4302 Wytslustelelro

154 4351 346 4362 ..φῇ-νησα-
355 4353 358 4357 .

172 4389 175 4394 “
189 4405 209 4420 ·«
270 4387 296 4446 *)
310 4387 351 4436 Itt
363 4401 380 4436 a
393 4384 498 4434 eaaaa.
511 4384 572 4447 niv,
581 4383 771 4446 vaidszintsseg
781 4395 812 4432 az
825 4383 897 4432 atird
911 4383 1007 4446 hibaja
1019 4383 1109 4445 mistt,
1120 4383 1291 4448 helytelenssl

154 4481 194 4530 sill
211 4475 325 4527 Baetes
344 4491 417 4540 vagy
429 4473 539 4524 Bccdko
554 4475 678 4538 helyett3
701 4474 793 4522 Butka
814 4473 930 4536 ugyanis
942 4488 1006 4522 nem
1018 4473 1218 4522 lebet-lrataros
1230 4473 1294 4521 Hel·

154 4570 306 4628 nicomed,
321 4569 354 4618 de
366 4567 479 4617 hataros
492 4567 551 4616 vele
564 4565 680 4625 Bassia,
703 4580 714 4612 s
728 4579 779 4627 cgy
793 4568 899 4627 ponton
913 4579 929 4612 a
943 4563 1034 4612 leleszi
1048 4563 1075 4613 ds
1089 4562 1199 4614 bacskai
1215 4560 1295 4612 lata-

153 4661 211 4712 rok
231 4659 393 4722 csakugyan
405 4659 502 4720 egytitt
515 4653 618 4704 aranuk
631 4667 646 4702 a
659 4653 792 4706 hehneczi
805 4652 908 4702 hatstrt.
