3154 5474
726 473 915 523 nnrouuoar
931 463 1148 522 ounlnruln.

865 866 867 872 '
898 857 974 921 470.

381 1021 476 1087 1331.
508 1046 582 1108 cup.
609 1023 661 1087 26.
693 1019 723 1086 A
755 1023 891 1087 carecini
921 1019 1082 1106 lco'ptalan
1106 1019 1257 1084 Erzedbrt
1287 1019 1485 1106 kirctlyne'nol

373 1131 500 1215 jelenti,
518 1131 600 1217 boyy
611 1155 632 1196 a
645 1129 783 1197 Crocnai
799 1130 962 1212 Jeoosfio
979 1127 1093 1193 Simon
1104 1127 1185 1192 dltol
1207 1127 1485 1196 thniicrlsillillo's

377 1240 534 1324 dzvepyc'u
551 1238 681 1322 e'afiaia
697 1239 856 1304 ellcbvetett
871 1235 1135 1302 laratozaslodus
1153 1236 1337 1324 tciipyciboa
1348 1261 1367 1302 a
1378 1238 1485 1322 vespa-

673 1349 752 1413 lotot
767 1371 788 1413 a
803 1345 874 1433 hely
890 1347 1002 1410 aziaco
1020 1345 1202 1430 teljesr'tette.

482 1506 656 1574 Elisabeth
672 1557 678 1574 .
696 1557 703 1573 .
734 1507 844 1592 regine
860 1556 868 1572 .
884 1557 892 1574 .
917 1507 1096 1590 capitulum
1126 1506 1153 1573 J
1153 1507 1311 1573 auriensis
1327 1505 1484 1572 ecclesie..

375 1614 487 1682 literas
518 1615 708 1682 excellencie
737 1620 842 1682 vestre
866 1615 1092 1699 recepimus..
1123 1613 1210 1680 hunc
1234 1619 1378 1682 tenorem
1400 1615 1484 1680 couti·

374 1728 504 1791 nentes:
523 1725 696 1792 Elisabeth
714 1775 744 1791 ..
776 1725 936 1808 regina..
961 1723 1103 1808 capitulo
1135 1723 1266 1789 ecclesie
1283 1724 1308 1789 J
1311 1725 1483 1790 auriensis..

374 1833 493 1902 nobilis
525 1833 655 1900 domina
678 1834 793 1900 relicta
822 1832 952 1899 Nicolai
983 1832 1042 1897 filii
1074 1831 1198 1898 'l’home
1229 1832 1269 1898 de
1293 1832 1483 1918 anicblr..

374 1943 482 2009 extitit
497 1943 590 2009 nobis
607 1947 782 2028 conquesta
798 1941 885 2026 quod
902 1939 1014 2008 Simon
1030 1941 1117 2008 filius
1133 1941 1159 2008 J
1160 1942 1297 2008 ohannis
1316 1941 1356 2006 de
1374 1941 1484 2008 Choma

377 2073 449 2116 cum
475 2053 541 2116 suis
565 2051 807 2137 consangnineis
833 2055 865 2116 et
890 2049 1100 2134 complicibus
1126 2069 1222 2134 snper
1248 2049 1378 2115 domum
1399 2051 1483 2133 ipsius

374 2159 530 2225 veniendo
556 2160 659 2226 filium
682 2182 775 2226 strum
801 2181 840 2225 ao
864 2160 899 2228 in
914 2157 1097 2225 defensione
1122 2159 1182 2225 filii
1207 2160 1258 2225 sui
1283 2160 1393 2226 ambos
1414 2159 1482 2224 iden

373 2267 582 2352 vulnerasset,
598 2270 729 2354 insuper
746 2273 885 2354 quatuor
900 2289 1000 2353 equos
1016 2290 1054 2335 ac
1070 2270 1235 2334 universas
1251 2290 1304 2333 res
1320 2269 1444 2334 mobiles
1458 2271 1483 2331 et

373 2377 554 2444 immobiles
587 2383 619 2444 et
651 2379 833 2463 specialiter
864 2377 1018 2443 scriuales
1048 2378 1275 2462 potencialiter
1309 2378 1483 2454 abstulisset,

374 2485 495 2553 idcirco
520 2487 671 2555 fidelitati
691 2492 797 2553 vestre
812 2485 1019 2572 precipiendo
1036 2486 1235 2569 mandamus,
1253 2493 1410 2572 quatenus
1424 2507 1483 2550 cum

372 2594 449 2660 Isak
479 2595 546 2661 filio
577 2595 654 2662 Isak
684 2595 734 2661 vel
764 2594 947 2661 Laurencio
978 2593 1045 2660 filio
1077 2593 1181 2678 Hung
1211 2595 1317 2661 altero
1355 2595 1481 2679 ipsorum

372 2704 504 2769 absente
519 2703 648 2770 homine
663 2708 777 2770 nostro
794 2709 935 2769 vestrum
951 2699 1034 2768 detis
1050 2701 1213 2769 bominem
1231 2725 1292 2788 pro
1318 2702 1484 2770 testimonio

372 2833 436 2896 quo
453 2819 603 2896 presente
619 2812 704 2878 idem
720 2813 816 2879 bomo
833 2817 942 2878 noster
959 2813 1040 2877 sciat
1056 2817 1089 2878 et
1103 2813 1250 2897 inquirat
1274 2812 1315 2878 de
1339 2809 1484 2897 premissis

372 2919 589 2986 omnimodam
605 2921 774 2986 veritatem
790 2926 823 2986 et
839 2919 1014 2986 secundum
1031 2919 1119 3005 quod
1134 2921 1224 2986 vobis
1248 2921 1368 2988 veritas
1383 2918 1483 2986 consti-

371 3029 449 3094 terit
464 3029 556 3096 nobis
573 3081 580 3096 .
597 3081 604 3096 .
630 3029 826 3096 rescribatis.
851 3029 977 3096 Datum
993 3030 1026 3095 in
1043 3028 1125 3097 Alto
1142 3029 1272 3114 Castro,
1292 3031 1327 3095 in
1341 3030 1391 3096 die
1405 3026 1479 3094 beati

371 3134 531 3222 Stephani
557 3139 643 3223 regis
669 3143 702 3203 et
727 3137 928 3221 confessoris,
954 3159 1039 3204 anno
1066 3139 1189 3206 domiui
1212 3137 1267 3204 Μ0
1283 3137 1383 3206 000ο
1398 3143 1482 3203 trece

306 3257 314 3275 ·
371 3247 453 3313 simo
485 3248 599 3332 primo.
630 3245 702 3314 Nos
727 3248 875 3331 igitur..
907 3269 980 3314 cum
1004 3247 1152 3333 predicto
1176 3247 1279 3313 Isaalr
1303 3246 1370 3312 filio
1398 3243 1482 3310 Isael

370 3354 499 3420 homine
517 3363 624 3424 vestro
642 3362 791 3424 nostrum
816 3357 961 3422 misimus
986 3357 1150 3423 hominem
1175 3357 1326 3423 videlicet
1342 3355 1481 3422 'ftomam

370 3463 584 3549 presbiterum
602 3466 692 3532 ohori
709 3468 812 3532 nostri
828 3488 888 3551 pro
912 3467 1098 3533 testimonio
1114 3517 1121 3532 .
1138 3517 1145 3532 .
1162 3467 1219 3550 qui
1238 3466 1368 3531 demum
1383 3463 1420 3530 ad
1432 3483 1480 3528 nos

369 3575 487 3640 reversi
512 3573 606 3640 nobis
637 3575 831 3658 retulerunt,
864 3574 951 3658 quod
983 3575 1034 3640 die
1066 3574 1229 3641 dominico
1261 3580 1338 3660 post
1368 3579 1478 3642 octavas

368 3677 592 3746 Assumcionis
607 3681 740 3766 virginis
764 3682 903 3766 gloriose
932 3683 1142 3748 accessissent
1166 3704 1263 3767 super
1288 3681 1399 3749 faciem
1422 3699 1479 3765 pos·

368 3788 516 3854 sessionis
533 3785 787 3856 Gerchevocate
804 3789 843 3853 de
860 3787 1017 3855 comitatu
1034 3786 1244 3856 Onstiiferrei
1255 3795 1289 3857 et
1307 3789 1478 3857 anobilibus

367 3892 452 3959 dicte
469 3896 678 3978 possessionis
704 3896 782 3961 item
798 3917 818 3961 a
834 3896 998 3964 nobilibus
1015 3896 1055 3962 de
1070 3895 1208 3963 Nadasd
1235 3905 1268 3965 et
1283 3921 1305 3964 a
1324 3893 1478 3964 communi-

367 4001 429 4066 bus
459 3999 644 4068 hominibus
685 4001 804 4068 ibidem
844 4003 1060 4069 residentibus
1094 4005 1174 4070 item
1204 4027 1225 4071 a
1263 4005 1422 4072 nobilibus
1448 3999 1479 4063 de

365 4104 490 4193 Sythke
506 4109 654 4174 similiter
669 4110 747 4175 item
763 4131 782 4174 a
797 4109 960 4176 nobilibus
977 4111 1017 4177 de
1041 4110 1179 4198 Mybaly
1204 4113 1285 4178 item
1301 4134 1321 4178 a
1336 4108 1478 4178 nobilibus

366 4213 404 4279 de
432 4214 570 4300 Semyen
602 4217 681 4282 item
713 4217 752 4283 de
784 4223 894 4284 sancto
920 4217 1067 4285 Martino
1099 4221 1223 4286 itema
1256 4219 1415 4288 nobilibus
1445 4215 1477 4280 de

366 4320 464 4388 Guad
489 4325 568 4390 item
584 4346 604 4390 a
619 4325 783 4392 nobilibus
800 4326 839 4391 de
855 4326 932 4392 villa
959 4327 1090 4392 Berurlr
1120 4328 1199 4394 item
1224 4349 1244 4394 a
1270 4329 1428 4396 nobilibus
1448 4324 1479 4389 de

365 4427 544 4515 Hymuskw
568 4433 646 4499 item
662 4456 682 4500 a
697 4434 923 4519 iobagiouibus
940 4437 1072 4502 ecclesie
1098 4435 1138 4502 de
1153 4435 1307 4504 Demenk
1332 4440 1366 4504 in
1389 4433 1478 4502 insula

364 4537 578 4607 residentibus
603 4542 718 4608 iterna
740 4543 905 4610 nobilibus
924 4543 1010 4628 Htvg
1029 4544 1128 4612 Isaak
1147 4547 1226 4612 item
1241 4569 1262 4614 a
1278 4545 1434 4614 nobilibus
1447 4541 1478 4605 de

364 4642 449 4732 ng
464 4646 638 4715 Laui-cncii
654 4651 730 4716 item
748 4672 766 4717 a
783 4651 910 4720 villanis
926 4653 965 4722 de
982 4653 1097 4740 Magos
1125 4655 1204 4726 item
1231 4677 1250 4722 a
1276 4656 1432 4724 nobilibus
1447 4650 1477 4715 ile
