3152 5472
359 470 423 536 580
733 479 921 532 ansocsonr
937 461 1153 529 onulurrln.

358 648 589 735 possessionis.
606 698 613 713 .
644 649 842 715 molestare.
858 695 866 712 .
881 649 1083 714 attentarent
1098 691 1106 708 .
1122 692 1130 708 .
1154 641 1225 726 ipse
1241 641 1391 726 magister
1403 639 1474 726 Egi-

359 757 432 824 dius
448 758 500 824 vel
515 757 566 822 sui
582 755 717 824 heredes
742 757 849 840 ipsum
875 755 1026 821 comitem
1049 750 1192 817 Paulum
1217 755 1250 815 et
1269 771 1342 816 suos
1356 751 1474 836 posteri·

358 873 443 934 tates
459 915 467 931 .
482 913 491 931 .
522 863 673 950 expedire
688 869 875 930 tenerentur
890 912 897 928 .
914 912 921 927 .
947 859 1073 928 Datum
1095 859 1129 924 in
1144 855 1338 942 Wysegrad,
1352 859 1384 924 in
1398 865 1473 926 ccta-

358 973 406 1038 vis
421 972 496 1038 sesti
511 970 761 1039 Purificacionis
777 971 910 1056 virginis
926 969 1075 1054 gloriose,
1092 987 1177 1034 anno
1194 965 1316 1032 domini
1326 964 1378 1033 Μ0
1388 964 1474 1034 0000

360 1076 491 1148 ΧΧΧο
507 1078 656 1146 secunde.

467 1242 621 1309 Hdtlnpjdn
651 1257 726 1308 nsgy
743 1239 842 1305 felsegi
868 1239 961 1304 peccet
990 1238 1167 1304 nyomaiva13
1202 1236 1334 1303 credetije
1357 1253 1389 1290 az
1418 1254 1474 1290 orez.

366 1334 423 1387 lter
441 1333 540 1386 lineet.
561 1335 628 1386 oszt.
641 1331 675 1383 N.
688 1331 722 1383 R.
738 1331 773 1382 Δ.
789 1335 849 1382 557.
864 1333 907 1380 26.
920 1330 987 1394 dipl.
1000 1329 1072 1382 lter:
1096 1332 1175 1381 2702.

852 1513 880 1520 —
909 1507 1009 1520 -....-—ae

894 1713 969 1775 493.

366 1879 462 1944 1332.
481 1873 768 1964 Koporrocb,febr.
785 1875 816 1940 9.
833 1872 961 1939 Hearilc
976 1873 1155 1960 veszprdmi
1166 1873 1297 1960 pltspb'k
1312 1897 1332 1936 α
1348 1873 1436 1939 liszdi
1449 1875 1473 1934 ἐς

363 1987 475 2072 petreii
498 1983 702 2049 septasole-neb
718 1982 914 2070 mepenchi,
934 1984 1016 2066 kopp
1032 2005 1053 2046 a
1070 1980 1165 2045 lissei
1180 1981 1326 2068 ka'pclna
1344 1981 1476 2064 leocaldi-'-

746 2092 802 2156 beu
819 2089 1123 2155 temetlcezbesscuel:

472 2249 542 2318 Nos
558 2251 717 2318 Herricus
734 2299 767 2318 ..
799 2251 968 2335 episcopus
992 2249 1245 2334 vesprimiensis
1270 2252 1344 2316 aule
1368 2249 1475 2315 dominc

364 2359 476 2443 regine
492 2359 705 2426 cancellarius
730 2357 952 2442 significamus
968 2407 975 2424 .
991 2407 999 2423 .
1029 2357 1117 2442 quod
1140 2359 1217 2441 quia
1233 2359 1352 2424 nobilis
1366 2358 1476 2422 domina

364 2474 470 2534 mater
490 2467 652 2552 quondam
668 2465 799 2534 Nicolai
822 2465 900 2532 bani
924 2466 1030 2532 tocius
1045 2463 1217 2532 Solavonie
1233 2465 1369 2531 Petrum
1391 2485 1476 2531 socer-

366 2576 474 2644 dotem
491 2575 531 2640 de
547 2573 616 2660 Sag
631 2576 750 2642 ablatis
774 2574 868 2641 bonis
893 2576 960 2642 suis
985 2581 1098 2641 contra
1122 2575 1297 2642 canonicas
1314 2575 1476 2641 sanctiones

366 2684 592 2768 potencialiter
623 2683 662 2749 de
687 2705 746 2749 sua
771 2684 907 2750 ecclesia
931 2684 965 2748 in
990 2682 1205 2767 preiudicium
1232 2685 1374 2750 omnium
1396 2682 1476 2748 eccle

365 2791 570 2857 sinsticarum
586 2812 800 2875 personarum
827 2797 860 2856 et
884 2790 1045 2856 nobilium
1060 2791 1200 2856 virorum
1217 2792 1252 2856 in
1268 2791 1356 2856 villis
1371 2789 1439 2855 Lizo
1453 2797 1476 2852 et

364 2898 494 2965 Patruh
515 2900 726 2965 existencium
745 2898 863 2984 expelli
878 2897 965 2984 iecit,
989 2921 1049 2983 pro
1075 2921 1113 2965 eo
1139 2899 1377 2984 compatientes
1398 2897 1477 2963 aller·

366 3005 552 3072 cacionibus
570 3028 651 3090 quas
667 3007 857 3090 iobagiones
883 3007 1026 3073 eiusdem
1051 3007 1180 3074 domine
1206 3008 1247 3073 de
1271 3009 1395 3094 prelata
1414 3005 1477 3070 silla
1549 2987 1550 3044 ἶ

367 3112 435 3198 Sag
450 3136 516 3180 una
532 3135 605 3179 oum
620 3113 721 3181 Petro
747 3114 815 3180 filio
831 3114 857 3182 J
858 3113 995 3182 ohannis
1006 3123 1039 3182 et
1055 3117 1128 3182 aliis
1143 3116 1312 3182 nobilibus
1327 3115 1476 3192 habebant
1549 3123 1550 3198 l

366 3222 524 3307 capellam
549 3221 655 3288 sancti
679 3221 789 3287 Brieci
804 3223 844 3288 de
869 3223 950 3290 Lino
976 3245 997 3288 a
1022 3223 1150 3308 prefata
1168 3231 1275 3290 matre
1301 3225 1426 3290 ecclesia
1445 3219 1476 3285 de

368 3329 447 3394 villa
463 3327 531 3412 Sag
547 3328 727 3413 separando
743 3329 777 3396 in
794 3331 950 3396 cimiterio
967 3330 1109 3397 ciusdem
1125 3333 1250 3417 capelle
1259 3331 1393 3418 prefatis
1404 3328 1476 3395 nobi-

366 3435 452 3502 libus
485 3436 686 3520 sepulturam
717 3437 887 3503 annuimus
914 3444 948 3504 et
973 3438 1178 3505 concedimus
1211 3442 1405 3524 presencium
1430 3456 1476 3520 per

371 3550 516 3610 tenorem
532 3543 648 3610 dantes
673 3545 794 3610 eisdem
811 3546 1040 3612 auctoritatem
1066 3546 1268 3613 sacerdotem
1293 3546 1476 3633 quandocun-

364 3673 428 3736 que
452 3651 616 3718 roluen'nt
641 3653 851 3719 conservandi
876 3654 911 3719 in
932 3653 1057 3732 ¹eadem.
1088 3652 1216 3722 Datum
1241 3656 1277 3722 in
1307 3649 1474 3741 Kapomot

363 3758 500 3824 sabbato
526 3761 673 3844 proximo
696 3767 772 3828 ante
797 3761 990 3828 dominicam
1008 3759 1107 3829 Oculi
1131 3765 1244 3848 nostri,
1269 3784 1354 3831 anno
1378 3759 1475 3830 donni

364 3863 542 3933 Millesimo
559 3865 662 3934 000⁰
676 3867 808 3936 XXX⁰
824 3870 973 3937 secundo.

474 4029 561 4081 denos
574 4029 727 4096 roszprtmi
739 4031 910 4098 prepostnalr
932 4032 1031 4084 Liszlb
1042 4033 1195 4100 veszpremi
1209 4037 1320 4102 plispblr
1332 4027 1474 4101 helpetieni·
1548 4021 1549 4106 i

363 4118 419 4170 uek
445 4122 523 4170 1363.
546 4123 701 4184 september
715 4123 796 4174 22-ὁιι
814 4123 874 4174 kelt
896 4123 1056 4186 atiratabbl,
1082 4127 1213 4190 melynek
1234 4127 1474 4193 eredeuJomegmn

364 4224 396 4261 az
410 4223 479 4261 orsz.
499 4209 553 4261 lter
565 4209 665 4262 kinost.
678 4216 745 4264 oszt.
771 4213 845 4264 Eccl.
859 4217 901 4265 55.
922 4219 947 4268 9.
967 4213 1034 4281 dipl.
1048 4215 1121 4268 lter:
1137 4221 1217 4269 5159.
1230 4219 1313 4270 Kozli
1324 4231 1330 4267 τ
1343 4213 1438 4268 uorsa
1448 4209 1474 4260 N·

853 4445 1010 4458 -ο--ι
