3172 5462
632 484 726 548 1323.
873 520 876 528 ·
1181 487 1241 550 109

103 683 213 726 coram
230 663 328 727 nobis
340 665 534 746 constitutis,
545 665 641 730 iidem
652 663 849 728 Benedictus
869 667 902 728 et
918 661 1078 748 Phylipus
1091 664 1243 730 dixerunt

104 769 198 835 nobis
216 775 250 834 et
268 769 404 836 confessi
430 777 515 856 sunt,
540 772 628 856 quod
653 771 817 856 quandam
842 772 1073 855 possessionem
1097 773 1242 857 ipsorum

102 877 337 946 hereditariam
352 880 561 968 Phyluplaks
577 887 724 952 vocatam
742 883 775 946 in
792 881 947 946 comitatu
964 877 1134 946 Orodiensi
1150 881 1243 945 iuxta

102 981 239 1050 flurium
260 987 416 1078 ,Berulrzo
441 991 631 1062 existentem
656 991 753 1074 cuius,
772 988 982 1073 possessionis
1009 987 1243 1073 dimidietatem

103 1093 204 1157 titulo
222 1095 402 1161 concambii
419 1117 438 1161 a
454 1095 618 1163 Michaele
634 1095 701 1174 filio
726 1093 890 1162 Dominici
915 1072 1014 1178 super
1038 1094 1241 1160 dimidietate

103 1201 317 1282 possessionis
329 1201 474 1286 Welnuk
488 1211 600 1272 vocate
616 1207 650 1270 in
667 1207 824 1286 comitatu
842 1201 1060 1284 Chanadiensi
1075 1202 1167 1266 iuxta
1182 1199 1241 1264 flu·

103 1308 192 1371 vium
211 1308 343 1375 Morisii
357 1309 535 1379 adiacentis
560 1314 657 1379 iidem
680 1313 880 1378 Benedictus
906 1316 938 1376 et
962 1307 1131 1394 Phylypus
1156 1329 1240 1374 com-

101 1417 263 1493 mutando
280 1417 544 1488 obtinuerant‘ut
560 1421 811 1504 dicebant,'cum
827 1418 978 1486 omnibus
993 1416 1192 1484 utilitatibus
1209 1465 1216 1481 .
1233 1463 1240 1480 .

103 1524 250 1590 eiusdem
263 1530 478 1610 possessionis-
487 1531 644 1598 universis
661 1581 668 1596 .
683 1580 691 1595 .
707 1526 969 1614 permittentibus
980 1523 1126 1590 omnibus
1138 1522 1178 1603 de
1188 1543 1240 1608 ge-

103 1629 1241 1721 ueracioneipsornmscilicetmagistroPaulofilioDyonisiicumfiliis

103 1741 180 1822 suis,
196 1738 337 1808 Andrea
350 1741 418 1808 filio
435 1741 596 1830 Gregorii,
615 1743 779 1812 Michaele
792 1741 862 1808 filio
880 1741 1045 1807 Dominici
1069 1738 1240 1825 prelibato,

104 1850 391 1932 consencientibus,
412 1853 514 1918 eciam
540 1855 697 1920 universis
717 1852 944 1919 commetaneis
961 1855 994 1916 et
1009 1851 1123 1918 vicinis
1139 1847 1241 1932 ipsius

102 1944 317 2038 possessionis
341 1958 491 2024 videlicet
514 1959 623 2044 Mark,
648 1960 673 2026 J
675 1962 809 2036 ohanne,
818 1965 852 2026 et
868 1957 1029 2042 Gregorio
1053 1957 1127 2022 filiis
1142 1953 1240 2020 Nico-

102 2065 147 2130 lai
163 2064 227 2130 filii
247 2064 391 2152 Georgii,
415 2069 494 2134 item
520 2072 629 2136 alberte
646 2074 683 2136 de
699 2073 818 2157 Byzas
844 2091 903 2154 pro
928 2089 993 2151 quo
1019 2066 1155 2134 Oosmas
1171 2059 1241 2128 osli-

101 2173 195 2254 cialis
211 2175 315 2259 ipsius
330 2178 436 2242 astitit
452 2200 525 2244 cum
540 2181 729 2262 procutario
747 2177 931 2260 sufficienti,
957 2180 1110 2260 preterea
1125 2171 1240 2238 nobili·

101 2282 164 2348 bus
181 2283 224 2348 de
240 2282 385 2368 Symsnd
401 2287 525 2352 scilicet
541 2285 734 2354 Sebastiano
751 2293 784 2352 et
799 2287 899 2351 Petro
915 2283 998 2363 filiis„
1012 2281 1146 2364 Thome,
1160 2279 1240 2344 item

102 2388 256 2476 Haznga,
273 2389 420 2476 Nycolao
437 2392 505 2459 filio
529 2394 665 2477 Mathai,
692 2393 883 2476 smaragdo,
907 2388 1053 2473 Andrea,
1078 2386 1239 2469 Gregorio

102 2498 193 2564 uta
209 2498 336 2582 suum,
351 2501 525 2585 aguano,
540 2503 620 2568 rtem
636 2485 735 2568 Paro
751 2499 818 2566 fila
835 2498 972 2585 symm,
995 2495 1157 2562 michaele
1173 2492 1239 2559 filio

101 2607 210 2692 ,Pauli
228 2607 431 2674 Gozma-filio
456 2609 577 2694 Zellas,
594 2611 776 2676 Laurencio
794 2609 860 2674 lilio
878 2605 1020 2672 eiusdem
1045 2609 1078 2670 et
1101 2602 1240 2690 Nicolao

102 2715 171 2782 lilio
188 2717 318 2802 Phylpe
334 2767 341 2782 .
359 2767 366 2782 .
381 2739 441 2802 pro
458 2718 830 2803 qninquagintamarcis
846 2715 969 2780 eisdem
984 2712 1079 2797 plene
1095 2709 1240 2796 persolu÷

101 2827 145 2891 tis
162 2831 201 2890 ut
217 2825 393 2907 asserebat,
418 2827 605 2892 memoratis
631 2825 803 2891 comitibus
828 2823 930 2888 Petro
947 2827 981 2886 et
996 2819 1102 2886 Paulo
1119 2867 1127 2882 .
1143 2867 1149 2882 .
1165 2838 1239 2881 ven-

102 2933 269 2998 didissent
284 2938 317 2998 et
332 2939 580 3016 perpetuassent
597 2984 604 2999 .
621 2959 648 3017 .;
665 2933 852 3018 obligarunt
868 2951 902 2996 se
917 2929 1127 2996 nihilominus
1142 2925 1240 2992 iidem

101 3040 306 3106 Benedictus
323 3047 356 3106 et
370 3039 531 3126 Phylipus
547 3041 695 3106 similiter
710 3062 820 3106 coram
845 3038 948 3122 nobis,
973 3035 1061 3120 quod
1087 3036 1114 3101 si
1139 3035 1241 3118 aliqui

101 3148 235 3214 eosdem
252 3149 387 3214 comites
412 3148 549 3216 Petrum
567 3156 601 3216 et
615 3149 765 3232 Paulum,
791 3153 849 3214 aut
862 3148 1018 3232 -ipsorum
1042 3163 1240 3210 successores

101 3259 237 3324 racione
252 3257 409 3342 premisse
424 3259 631 3341 possessionis
647 3257 760 3322 ordine
776 3255 945 3322 iudiciario
956 3254 1158 3338 impeterent,
1168 3271 1241 3334 pre·

99 3364 183 3432 dicti
198 3363 399 3430 Benedictus
415 3371 448 3430 et
462 3365 623 3449 Phylipus
638 3371 671 3430 et
686 3366 831 3448 ipsorum
857 3381 1055 3428 successores
1081 3357 1241 3444 sepefatos

100 3473 240 3538 comites
255 3471 396 3538 Petrum
404 3479 437 3537 et
447 3472 588 3540 Paulum
605 3477 637 3538 et
649 3464 764 3538 'eorum
781 3491 979 3538 successores
991 3467 1142 3551 expedire
1153 3471 1240 3532 tene.

99 3581 246 3648 buntur.
257 3631 264 3646 .
276 3579 401 3645 Datum
416 3601 475 3664 per
490 3603 604 3646 manus
621 3581 752 3646 discreti
768 3580 827 3646 viri
843 3575 991 3662 magistri
1007 3575 1100 3640 Petri
1109 3573 1240 3640 lectoris

99 3689 241 3754 ecclesie
251 3693 371 3771 nostre,
387 3709 472 3754 suno
489 3687 612 3754 domini
621 3687 676 3752 M⁰
688 3686 789 3754 0000
799 3686 952 3769 vigesimo
963 3684 1072 3766 tercio,
1083 3681 1240 3766 presenti,

98 3797 164 3862 bus
179 3795 421 3888 venerabilibus
438 3796 649 3882 discretisque
665 3797 742 3862 viris
757 3795 858 3862 Petro
874 3791 1086 3874 kathedralis,
1102 3789 1239 3856 Matheo

100 3904 220 3972 Sancti
232 3903 414 3972 saluatoris
430 3905 639 3997 ecclesiarum
649 3907 823 3990 preposito,
835 3903 974 3968 Herrico
987 3904 1127 3980 cantore,
1144 3897 1239 3962 Eme-

97 4017 169 4082 rico
186 4013 335 4097 custode,
361 4011 528 4098 Stephano
546 4013 770 4098 Thymisiensi,
794 4009 942 4098 Nycolso
969 4005 1150 4090 Orodiensi,
1175 4006 1239 4072 Ls·

97 4123 207 4194 dislao
224 4121 515 4205 Ultramorisiensi,
531 4120 637 4186 Paulo
654 4119 888 4186 archidiaconis
905 4117 944 4184 de
960 4115 1092 4182 Karaso
1109 4115 1239 4182 ceteris·

98 4253 166 4316 ,qne
182 4227 350 4298 canonicis
366 4230 424 4314 qui
438 4235 518 4294 tunc
532 4233 685 4314 poterant
700 4228 821 4294 adesse.
859 4284 860 4288 ,

212 4393 254 4443 Az
267 4393 346 4443 aradi
358 4391 549 4457 kaptslannsk
564 4370 738 4458 1332'jullus
752 4389 839 4441 as-iki
858 4389 1018 4452 atii-stabol,
1040 4365 1169 4452 melpnek
1182 4401 1239 4437 era·

96 4477 185 4550 datiis
197 4475 321 4548 megvsn
333 4499 366 4534 az
379 4495 448 4534 orsa.
461 4482 517 4534 usr-
530 4481 630 4534 kincst.
644 4484 713 4535 oszt.
727 4477 760 4532 N.
769 4481 803 4532 It.
813 4480 847 4532 Α.
862 4483 939 4532 1597.
954 4483 995 4530 22.
1003 4477 1070 4542 dipl.
1077 4478 1144 4530 lttr:
1159 4481 1237 4534 2202.

96 4576 201 4630 Kozli:
221 4573 461 4636 Vincze·thor.'
553 4585 556 4594 ’
682 4587 686 4592 ·
755 4585 760 4591 ·
1177 4579 1180 4586 ·
1234 4580 1237 4584 ’

608 4665 667 4676 ...-
686 4661 751 4672 ...-
