3112 5466
315 461 319 469 ·
341 433 407 496 204
694 446 880 495 ‚issouuonr
898 434 1113 492 ouininrrin.

339 617 442 676 strum
458 611 594 676 Petrum
612 609 651 674 de
668 609 810 675 Suklous
826 609 982 674 accedens
999 610 1201 693 presenciam
1225 609 1318 674 nobis
1343 610 1453 673 litteras

339 726 467 788 nostras
483 719 620 785 formam
637 717 882 803 composicionis
908 725 940 782 et
966 718 1153 802 pecuniaria
1179 719 1352 783 solucionis
1368 718 1453 782 conti-

340 834 453 895 nentes
471 850 509 894 ac
525 828 659 912 capituli
677 825 1032 909 Quinqueecclesiensis
1044 827 1288 909 demonstravit,
1303 826 1336 889 in
1352 826 1451 907 quibus

340 936 552 1020 comperimus
569 956 717 1018 expresse
735 933 904 1014 contineri,
921 933 1008 1015 quod
1025 956 1098 998 cum
1114 935 1207 999 iuxta
1231 934 1449 999 continenciam

339 1045 558 1131 predictarum
573 1045 743 1108 literarum
759 1048 944 1106 nostrarum
970 1043 1212 1126 prenominatus
1236 1043 1387 1124 magister
1400 1040 1451 1105 Pe-

339 1161 409 1218 trus
426 1173 483 1236 per
499 1151 635 1216 formam
653 1149 970 1232 composicionariam
986 1155 1135 1234 pretacto
1151 1151 1308 1233 magistro
1333 1149 1449 1213 Andree

341 1262 476 1343 triginta
491 1280 618 1324 marcas
634 1258 754 1340 partim
780 1257 813 1320 in
839 1257 979 1322 denariis
1004 1264 1150 1341 tempore
1176 1258 1376 1322 currentibus
1390 1278 1450 1340 par·

342 1370 400 1433 tini
417 1390 491 1433 vero
507 1368 541 1431 in
563 1365 722 1448 condigna
739 1366 945 1430 estimaeione
965 1365 1127 1430 tricesimo
1152 1366 1293 1431 secundo
1318 1365 1366 1429 die
1388 1364 1450 1428 sesti

340 1475 582 1541 Penthecosten
617 1497 723 1539 coram
761 1474 905 1557 capitulo
938 1471 1277 1556 Quinqueecolesiensi
1303 1473 1360 1537 sub
1383 1492 1452 1556 pena

342 1584 575 1648 satisfaccionis
593 1583 734 1647 omniurn
751 1582 945 1646 iudiciorum
973 1582 1088 1664 quibus
1112 1582 1272 1646 hactenus
1288 1582 1353 1664 ipse
1368 1582 1452 1663 magi·

343 1697 410 1755 ster
440 1691 559 1755 Petrus
592 1695 706 1755 eontra
740 1696 953 1754 memoratum
979 1690 1172 1772 magistrum
1197 1688 1363 1754 Andream
1393 1712 1454 1754 eon-

343 1800 446 1863 victus
481 1799 588 1862 suerat
621 1805 653 1861 et
688 1798 880 1881 peremtoria
919 1820 1131 1881 responsurus
1165 1798 1242 1862 facti
1284 1798 1454 1881 principalis

340 1908 522 1992 persolvere
539 1906 720 1985 debuisset;
735 1907 870 1989 ipsoque
887 1907 1025 1971 termino
1052 1907 1243 1971 adveniente
1269 1906 1453 1988 prenomina-

340 2023 393 2079 tus
410 2015 564 2097 magister
580 2014 701 2078 Petrus
717 2036 774 2096 pro
791 2014 862 2096 ipsa
878 2015 1012 2096 pecunie
1030 2013 1166 2095 triginta
1175 2034 1358 2078 marcarum
1369 2034 1453 2094 quan·

340 2123 436 2186 titate
462 2121 692 2204 possessionem
721 2121 798 2184 dare
814 2121 977 2201 voluisset,
1003 2120 1109 2184 dictus
1134 2121 1291 2203 magister
1321 2118 1454 2182 Andreas

339 2228 569 2313 possessionem
587 2250 646 2312 pro
663 2227 775 2292 eadem
792 2249 857 2292 non
884 2235 1027 2293 curasset
1053 2234 1232 2311 acceptare,
1258 2250 1367 2292 rerum
1391 2226 1455 2307 quia

340 2336 545 2418 supradictus
570 2337 724 2418 niagister
747 2335 867 2398 Petrus
899 2336 1086 2418 premissam
1119 2336 1316 2400 solucionem
1343 2334 1455 2418 pecuni-

339 2446 441 2510 ariam
466 2444 719 2527 possessionaria
744 2444 907 2508 solucione
924 2444 1031 2509 facere
1046 2444 1237 2509 intendebat
1263 2445 1355 2508 iuxta
1378 2441 1453 2525 regui

339 2553 470 2618 modum
496 2558 681 2617 consuetum
705 2552 890 2635 pecuniarie
925 2553 1104 2617 soluciones
1138 2552 1318 2616 tradicione
1352 2572 1456 2634 posses·

340 2662 467 2725 sionum
507 2659 576 2724 fieri
616 2660 739 2743 possint
778 2666 944 2743 pretactus
985 2667 1095 2724 autem
1134 2661 1289 2743 magister
1320 2656 1457 2723 Andreas

339 2770 443 2852 ipsam
468 2767 700 2851 possessionem
725 2774 895 2851 acceptare
920 2790 984 2833 non
1003 2768 1136 2851 curarit,
1153 2790 1293 2832 unacum
1309 2765 1457 2831 nobilibus

301 2896 304 2901 ·
339 2876 430 2956 regni
473 2874 696 2940 adiudicantes
732 2873 930 2940 decrevimus
963 2876 1049 2958 quod
1088 2877 1286 2960 prescriptos
1317 2875 1458 2956 magister

339 2984 457 3048 Petrus
472 2984 549 3065 quia
565 2985 719 3066 magister
734 2982 759 3047 J
760 2985 860 3067 oseplr
876 3006 948 3048 cum
968 2985 1197 3067 procuratoriis
1207 2985 1328 3049 litteris
1339 3003 1459 3047 conveu-

342 3101 395 3157 tus
411 3089 624 3159 terraciensis
640 3114 698 3174 pro
715 3091 784 3174 ipso
800 3093 957 3175 magistro
973 3093 1074 3157 Petro
1091 3092 1131 3156 de
1152 3092 1353 3175 possessione
1369 3089 1459 3173 ipsius

341 3200 488 3283 magistri
513 3198 606 3264 Petri
631 3200 665 3262 in
691 3201 847 3265 comitatu
872 3202 912 3265 (16
937 3201 1098 3284 Budrugh
1123 3200 1275 3277 existenti
1301 3221 1359 3283 pro
1383 3197 1461 3262 dieta

342 3308 479 3391 pecunia
510 3306 586 3371 dare
613 3312 645 3371 et
671 3307 816 3372 conferre
841 3309 1028 3374 assumebat
1051 3309 1084 3372 iu
1109 3308 1231 3372 octavis
1257 3307 1362 3370 saneti
1385 3303 1462 3384 regis

342 3414 500 3497 Stephani
516 3414 549 3477 in
565 3416 732 3497 presencia
747 3415 923 3480 Laurencii
948 3414 1006 3479 filii
1030 3414 1120 3480 Boor
1135 3415 1185 3478 vel
1201 3411 1342 3478 Adriani
1360 3410 1463 3477 fratris

342 3523 391 3586 sui
409 3528 441 3586 61
456 3522 633 3587 testimonii
650 3524 785 3606 capituli
801 3522 978 3588 Bonnensis
995 3545 1052 3606 per
1067 3524 1174 3605 ipsum
1192 3521 1383 3604 magistrum
1396 3517 1463 3581 An-

341 3631 461 3712 dream,
477 3632 554 3695 item
570 3631 663 3695 Petri
679 3629 738 3696 filii
755 3629 910 3696 Ambrosi
936 3637 994 3696 aut
1009 3631 1107 3697 Pauli
1133 3631 1173 3695 de
1193 3629 1353 3696 Ohukona
1368 3627 1465 3692 homi-

302 3748 304 3754 '
341 3760 418 3803 num
435 3738 556 3804 domini
582 3740 668 3822 regis
694 3760 732 3804 ac
757 3740 931 3804 testimonii
959 3740 1091 3822 capituli
1117 3733 1466 3821 Quinqueecclesiensis

341 3867 399 3929 per
415 3846 611 3929 prelibatum
627 3848 818 3929 magistrum
841 3846 980 3912 Petrum
996 3847 1220 3927 adductorum,
1247 3846 1287 3910 de
1312 3841 1467 3929 prenomi-

341 3958 421 4017 nata
436 3955 635 4036 possessione
651 3976 711 4019 sua
726 3955 760 4018 in
786 3955 942 4019 comitatu
967 3953 1186 4038 Budrugiensi
1212 3954 1389 4019 constituta
1414 3970 1468 4034 per

342 4061 569 4126 distincoiones
600 4068 634 4126 et
665 4085 777 4127 cursus
815 4069 975 4128 metarum
1015 4061 1249 4146 sequestrando
1288 4059 1470 4126 convocatis

343 4170 571 4234 commetaneis
586 4171 687 4253 ipsius
712 4172 870 4236 universis
901 4171 942 4235 ab
968 4172 1116 4236 omnibus
1144 4169 1352 4236 deliberando
1369 4174 1405 4233 et
1421 4190 1471 4231 ex-

342 4276 500 4361 pediendo
517 4275 559 4341 ad
574 4277 716 4342 valorem
733 4279 869 4360 triginta
900 4300 1083 4343 marcarum
1108 4279 1199 4344 iuxta
1215 4280 1384 4360 antiquam
1402 4297 1472 4339 con·

343 4384 543 4450 suetudinem
560 4386 650 4467 regni
667 4386 882 4469 approbatam
898 4387 1042 4452 estimari
1058 4385 1164 4452 facere
1190 4392 1224 4452 et
1248 4385 1472 4470 prenominato

343 4493 498 4575 magistro
515 4489 648 4558 Andree
665 4495 787 4581 absque
804 4494 939 4581 aliquali
965 4494 1227 4561 contradiccione
1253 4492 1471 4585 quorumlibet
