3152 5472
537 484 630 544 1332.
647 499 723 544 nov.
743 483 769 544 1.
1153 485 1217 546 627

100 657 253 722 nominant
278 659 318 724 ab
343 658 448 723 altera
473 659 620 741 vertitur,
638 681 745 724 coram
776 660 870 726 nobis
901 659 1028 744 plenam
1060 661 1223 728 iusticiam

102 765 190 830 lacere
210 787 406 851 nequeamus
421 767 484 832 nisi
498 765 688 834 fidelitatem
708 769 928 834 universitatis
944 775 1050 834 vestre
1066 819 1073 834 .
1090 820 1097 836 .
1114 771 1221 854 requi-

98 895 190 939 ramus
216 877 465 942 ..universitati
488 881 593 940 vestre
610 874 724 942 damus
747 877 781 941 in
797 877 969 962 mandatis,
997 883 1156 962 quatenus
1181 877 1221 943 ab

97 983 238 1048 universis
263 983 427 1050 nobilibus
447 984 526 1049 dicti
542 985 713 1050 comitatus
737 985 933 1069 requiratis.
960 988 1219 1070 .veritatemque

102 1089 172 1155 soret
186 1092 243 1156 illa
258 1093 417 1176 possessio
434 1091 560 1158 Petend
576 1093 740 1158 nominata
751 1093 914 1178 quondam
926 1092 1221 1179 Zulgageoryensis

101 1220 184 1281 quam
198 1221 291 1283 reges
307 1201 500 1266 serenissimi
517 1199 600 1286 Bela
617 1205 649 1266 et
666 1198 852 1285 Stephanus
863 1203 966 1268 nostri
978 1203 1220 1286 predecessores

101 1309 273 1374 memoratis
289 1309 587 1376 sanctimonialibus
604 1308 796 1376 dominabus
813 1360 821 1376 .
837 1361 845 1376 .
862 1311 1065 1378 donaverunt
1082 1317 1114 1378 et
1138 1312 1221 1377 scita

102 1436 198 1480 esrum
217 1417 312 1500 plene
336 1419 471 1484 veritate
497 1419 639 1484 omnium
664 1419 841 1485 vicinorum
867 1425 899 1485 et
930 1425 1222 1486 commetaneorum

101 1523 229 1590 eiusdem
245 1526 454 1609 possessionis
470 1525 597 1592 Petend
612 1526 755 1610 undique
771 1527 1221 1594 adiacenciumnominainse-

102 1631 189 1698 rende
206 1683 214 1698 .
230 1684 237 1698 .
253 1633 347 1700 nobis
365 1635 480 1700 seriem
496 1635 599 1700 tocius
610 1634 688 1700 lacti
700 1636 742 1700 ad
751 1636 941 1718 vigesimum
952 1636 1126 1702 secundum
1136 1635 1221 1702 diem

100 1738 164 1806 lesti
174 1739 326 1808 Omnium
337 1741 530 1809 Sanctorum
540 1743 754 1810 rescribentes
768 1743 909 1809 fideliter
919 1744 1012 1810 nobis
1022 1746 1221 1811 transmitta-

98 1847 133 1911 tis
147 1899 153 1913 .
168 1899 174 1914 .
189 1849 313 1916 Datum
323 1851 358 1916 in
367 1849 553 1934 vissegrad
563 1853 597 1916 in
615 1850 698 1917 festo
717 1850 904 1917 beatiLuce
915 1852 1126 1934 ewangeliste,
1136 1873 1220 1918 anno

100 1955 208 2023 domini
223 1957 278 2024 Μ0
295 1957 395 2026 0000
410 1957 541 2024 XXX⁰
558 1959 705 2026 secundo.
722 1959 792 2024 Nos
808 1961 909 2043 igitur
924 1982 1057 2044 ..super
1065 1961 1221 2044 premissa

99 2065 183 2131 telem
199 2069 384 2134 rescivimus
400 2057 579 2152 veirtatem,
597 2068 684 2152 quod
699 2069 804 2154 primo
830 2091 849 2134 a
874 2069 950 2134 villa
975 2068 1113 2135 Padand
1137 2072 1170 2134 et
1200 2090 1221 2134 a

98 2173 213 2240 villanis
229 2197 284 2242 seu
300 2176 483 2242 hominibus
500 2176 538 2242 de
555 2177 641 2243 Zara
657 2182 689 2242 et
704 2177 780 2242 villa
794 2177 931 2245 Varlron
948 2199 1013 2244 aea
1037 2176 1115 2242 villa
1139 2175 1221 2242 Mod

99 2287 311 2352 commetaneis
327 2286 470 2370 ipsorum
487 2287 723 2370 possessionum
739 2285 843 2351 Peten
860 2291 893 2350 et
910 2287 1042 2370 insuper
1061 2308 1081 2352 a
1105 2284 1220 2352 nobili-

96 2389 148 2456 bus
163 2398 194 2457 et
207 2393 405 2460 innobilibus
422 2394 565 2460 eiusdem
581 2395 744 2479 provincie
761 2393 932 2478 diligenter
949 2393 1173 2478 investigando
1193 2442 1219 2458 ..

97 2501 198 2582 (prout
213 2499 373 2587 tenemur)
390 2502 490 2568 talem
505 2503 691 2568 rescivimus
706 2504 884 2585 veritatem,
895 2502 981 2587 quod
991 2503 1049 2568 illa
1059 2501 1218 2586 possessio

95 2603 189 2672 Peten
203 2610 236 2673 in
257 2609 348 2674 nullo
366 2609 501 2694 prefatis
526 2611 719 2676 monialibus
745 2610 899 2676 attineret
917 2609 974 2676 sed
999 2615 1220 2677 commetanea

95 2717 294 2796 possessionis
310 2714 437 2782 Petend
453 2722 546 2802 esset,
563 2717 650 2801 quod
665 2717 791 2784 Petend
807 2719 893 2784 inter
917 2717 1022 2784 Peten
1047 2723 1079 2783 et
1102 2715 1218 2782 Padan

95 2821 178 2907 iacet,
192 2825 322 2910 insuper
337 2846 357 2891 a
371 2827 560 2910 prescriptis
577 2827 802 2892 commetaneis
823 2827 923 2892 eciam
933 2827 1119 2892 rescivimus
1130 2824 1218 2910 quod

96 2929 148 2996 illa
162 2935 319 3016 possessio
336 2931 463 3000 Petend
478 2934 563 3000 foret
578 2933 862 3018 Zulgsgeoriensis
879 2940 964 3000 esset
980 2936 1107 3020 stipsis
1125 2933 1215 3002 nobi·

93 3037 173 3104 libus
188 3043 399 3125 possessionis
415 3041 518 3108 Peten
543 3043 578 3107 in
593 3042 682 3108 nullo
703 3043 864 3108 attineret.
889 3041 1012 3109 Datum
1027 3042 1170 3126 Posonii,
1185 3044 1219 3108 in

94 3145 140 3212 die
151 3147 302 3216 Omnium
312 3149 515 3234 Sanctorum,
525 3171 609 3216 anno
620 3149 741 3217 domini
751 3149 806 3216 Μο
815 3148 917 3217 0000
927 3149 1058 3216 XXX⁰
1069 3151 1218 3218 secundo.

193 3315 325 3366 Zela-laten
347 3315 442 3379 pecset
466 3315 642 3380 nyomaiva13
662 3315 793 3380 credetije
815 3331 848 3366 ez
873 3331 942 3367 orsz.
968 3317 1000 3366 lt.
1023 3315 1123 3366 kincst.
1150 3319 1217 3365 oszt.

92 3401 162 3453 Mon.
175 3405 234 3456 Pos.
250 3409 293 3454 22.
310 3410 333 3454 7.
345 3405 413 3469 dipl.
427 3405 494 3454 lter:
511 3409 588 3454 2755.
604 3405 623 3453 l.
638 3405 743 3470 Keroly
754 3406 845 3470 kirtly
855 3405 979 3456 fdntebbi
992 3405 1133 3456 rendelete
1146 3419 1219 3470 meg·

89 3507 141 3542 van
159 3499 306 3560 ugyanott:
321 3496 388 3560 dipl.
408 3495 479 3545 lter:
495 3499 573 3545 27⁵1.
587 3496 613 3545 A
625 3496 718 3560 kirtly
731 3497 837 3560 sgybri
852 3497 1001 3560 kdptalsnt
1019 3496 1043 3546 is
1060 3494 1218 3546 kikdlddtte

92 3583 161 3648 hogy
174 3600 190 3634 s
210 3587 337 3636 fontebbi
351 3587 463 3650 iigyben
476 3601 494 3636 a
506 3585 582 3649 Gydr
595 3585 624 3635 es
636 3585 788 3636 Komarom
802 3585 973 3650 vstrmegyek
988 3587 1106 3636 reszerdl
1119 3584 1218 3636 Donoh

93 3680 190 3725 mester
202 3693 269 3728 ezerr
283 3677 453 3740 vermegyek
476 3677 615 3742 idispdnja
634 3679 703 3728 eltal
723 3678 854 3728 tartandd
877 3675 1063 3742 kdzgydlesen
1085 3675 1218 3741 vizsgala·

92 3767 132 3814 tot
144 3767 345 3832 teljesltsen5s
367 3767 500 3830 ktptslan
518 3767 710 3831 jelentesenek
729 3767 859 3832 credetijs
874 3771 1011 3832 ugysnott
1031 3765 1218 3833 feltalelhato,

92 3855 163 3905 Mon.
178 3857 237 3906 Pos.
253 3861 296 3906 22.
313 3861 336 3906 8.
353 3857 419 3920 dipl.
434 3857 507 3906 lter:
523 3861 600 3907 2754.
614 3857 695 3906 Kozli
706 3873 713 3906 z
725 3856 836 3908 Kovacs
848 3857 882 3908 N.
