3130 5470
327 469 392 530 466
681 481 869 533 aanoonoar
886 471 1104 532 ounlnrrln.

328 645 530 729 plenitudine
540 647 629 730 regie
641 651 749 712 nostre
760 649 933 731 potestatis
948 648 1052 732 ipsam
1069 647 1311 732 prerogativam
1325 647 1437 713 liberta-

328 757 370 818 tis
385 755 552 820 humiliter
568 760 601 820 et
617 755 731 821 devote
749 779 768 821 a
783 756 877 822 nobis
893 757 1029 840 petitam
1047 762 1080 820 et
1091 756 1293 840 postulatam
1309 754 1439 820 duxirnus

329 862 567 928 admittendam
583 863 722 929 dandam
741 863 980 929 concedendam
997 869 1096 946 atque
1107 862 1337 929 conferendam
1351 869 1438 927 utnec

330 972 495 1055 palatinus
527 973 577 1037 vel
593 973 827 1056 vicepalatinus
853 993 913 1038 nec
944 973 1047 1038 banus
1078 973 1129 1037 vel
1154 973 1327 1038 vicebanus
1349 972 1437 1036 tocius

328 1079 503 1146 Sclavonie
519 1102 580 1146 nec
610 1081 707 1146 iudex
732 1083 820 1148 curie
846 1087 956 1147 nostre
981 1083 1032 1146 vel
1057 1081 1225 1147 riceiudex
1251 1101 1309 1144 nec
1325 1080 1440 1144 comites

329 1190 532 1273 parochiales
548 1191 598 1255 vel
614 1191 829 1274 provinciales
844 1196 902 1255 aut
928 1191 1115 1257 eorumdem
1140 1192 1370 1274 vicesgerentes
1390 1207 1440 1251 nec

330 1298 452 1363 iudices
469 1297 624 1362 nobilium
652 1319 918 1382 quorumcunque
934 1299 1120 1383 specialiter
1144 1299 1183 1363 de
1200 1296 1384 1376 Wereuche,
1399 1293 1441 1358 Si-

329 1406 501 1490 migiensis,
520 1406 714 1472 Tholnensis
730 1412 765 1470 et
780 1405 1029 1472 Woswariensis
1046 1406 1257 1471 comitatuum
1275 1409 1307 1469 et
1321 1423 1439 1487 genera-

329 1514 406 1578 liter
422 1515 530 1578 nullus
547 1515 798 1580 iusticiariorum
815 1521 847 1578 et
857 1514 1000 1580 iudicum
1011 1515 1103 1599 regni
1120 1515 1223 1580 nostri
1239 1515 1325 1597 ipsos
1334 1511 1442 1576 nobiles

329 1623 572 1704 prenominatos
589 1621 682 1687 nobis
699 1623 835 1687 dilectos
851 1629 884 1686 et
900 1643 958 1704 per
975 1645 1031 1688 eos
1046 1621 1233 1688 eorumdem
1259 1619 1386 1686 heredes
1399 1620 1446 1684 he-

330 1729 509 1814 redumque
525 1751 657 1795 suornm
681 1751 883 1796 successores
900 1753 940 1795 ac
958 1730 1147 1813 iobagiones
1172 1731 1316 1814 ipsorum
1341 1729 1372 1792 in
1386 1728 1446 1810 qui·

331 1837 520 1922 busounque
552 1839 759 1904 comitatibus
783 1839 970 1922 specialiter
986 1839 1027 1904 de
1044 1838 1240 1922 Wereuche,
1258 1837 1444 1922 symigiensi,

333 1945 513 2011 Tholnensi
530 1953 562 2011 et
578 1946 810 2012 Wosnariensi
837 1947 1044 2012 comitatibus
1076 1969 1202 2013 necnon
1234 1948 1323 2012 ultra
1346 1944 1447 2010 flirrios

332 2056 483 2120 Drauam
499 2061 532 2119 et
548 2054 674 2120 Zauam
691 2060 723 2118 et
739 2055 935 2137 generaliter
952 2054 1092 2120 ubilibet
1117 2057 1151 2120 in
1168 2055 1406 2139 quibuscunque
1420 2057 1448 2115 et

336 2161 616 2246 qualibuscunque
641 2160 896 2246 possessionibus
927 2163 1072 2246 ipsorum
1105 2169 1172 2228 tam
1203 2161 1399 2227 hereditariis
1420 2167 1451 2223 et

332 2270 544 2353 acquisiticiis
560 2291 659 2352 quam
675 2270 812 2334 emticiis
829 2275 862 2335 et
878 2271 1147 2354 impignoraticiis
1173 2291 1260 2336 nunc
1284 2269 1397 2334 habitis
1418 2276 1448 2332 et

334 2380 533 2461 generaliter
549 2398 752 2462 quorumque
767 2380 854 2443 iusto
871 2380 968 2444 titulo
985 2379 1193 2463 acquirendis
1209 2379 1376 2443 existentes
1384 2374 1446 2440 ullo

334 2509 478 2570 unquam
495 2494 640 2572 tempore
656 2488 691 2550 in
701 2492 892 2570 perpetuum
909 2489 1102 2572 cuiusquam
1119 2488 1300 2553 occasionis
1315 2489 1453 2570 pretextu

335 2616 391 2660 seu
408 2616 602 2680 quocunque
619 2595 727 2660 colore
744 2597 870 2680 quesita
886 2597 920 2660 iu
951 2597 1050 2661 nullis
1077 2596 1270 2680 simpliciter
1295 2613 1454 2659 causarum

335 2702 484 2766 articulis
500 2701 665 2768 iudicandi
681 2703 732 2767 vel
748 2703 867 2766 iudicio
884 2723 941 2767 suo
959 2709 1066 2767 astare
1083 2701 1299 2785 compellendi
1325 2701 1454 2765 auctori-

336 2815 437 2874 tatem
453 2811 597 2875 habeant
614 2817 713 2894 atque
729 2811 918 2876 facultatem
935 2811 992 2876 sed
1008 2811 1138 2895 penitus
1155 2816 1189 2876 ct
1214 2831 1272 2894 per
1298 2809 1402 2876 omnis
1416 2807 1453 2872 ab

336 2917 522 2982 eorumdem
536 2918 762 2984 iurisdiocione
780 2925 812 2984 et
828 2919 975 2984 iudicatu
1000 2921 1189 3003 perenniter
1214 2919 1359 2983 volumus
1374 2918 1455 3000 ipsos

336 3023 404 3088 fore
434 3025 553 3090 liberos
570 3025 734 3092 absolutos
760 3033 793 3092 et
818 3033 961 3093 exemtus
987 3029 1077 3112 regie
1102 3026 1282 3091 maiestatis
1306 3025 1458 3089 duntaxat

337 3132 465 3196 eosdem
482 3131 606 3198 nobiles
623 3135 778 3200 heredum
794 3137 827 3200 in
843 3135 976 3200 heredes
1002 3143 1117 3201 contra
1149 3135 1320 3218 quospiam
1335 3131 1459 3196 iudicia-

337 3242 385 3305 rio
403 3241 543 3306 examini
559 3245 691 3326 speciali
708 3267 748 3308 ex
764 3245 964 3328 plenitudine
976 3251 1086 3310 nostre
1097 3245 1278 3309 maiestatis
1294 3242 1381 3324 regie
1395 3261 1460 3324 pre-

338 3355 511 3430 servantes,
535 3351 597 3416 hoo
623 3358 732 3417 tamen
757 3353 904 3418 adhibito
930 3353 970 3418 dc
1001 3353 1230 3437 iobagionibus
1252 3351 1460 3416 moderamine

337 3456 424 3540 quod
455 3459 481 3522 si
512 3465 626 3524 contra
659 3460 844 3544 iobagionos
876 3463 1019 3544 ipsorum
1051 3465 1249 3526 memoratos
1274 3459 1377 3543 quivis
1408 3478 1458 3522 seu

337 3567 497 3649 quispiam
513 3567 674 3632 accionem
692 3570 853 3634 intentare
884 3571 1067 3635 niterentur
1098 3590 1207 3634 coram
1225 3567 1362 3632 dominis
1385 3566 1461 3648 ipso-

339 3695 410 3736 rum
443 3677 628 3740 memoratis
656 3697 689 3740 re
713 3699 788 3742 vera
813 3685 1054 3762 consequantur
1093 3699 1175 3766 quos
1214 3678 1241 3740 si
1272 3675 1462 3759 negligentes

338 3783 373 3845 in
415 3781 580 3848 reddenda
620 3785 750 3850 iusticia
800 3787 948 3850 noverint
989 3808 1054 3852 non
1098 3784 1288 3866 iobagiones
1327 3785 1461 3866 ipsorum

340 3888 502 3972 predictos
519 3891 575 3954 sed
592 3893 717 3958 nobiles
750 3893 896 3960 dominos
927 3897 1073 3978 ipsorum
1104 3900 1303 3959 memoratos
1332 3891 1374 3956 ad
1413 3912 1462 3954 nc

338 3997 398 4060 stri
430 4019 561 4063 evocare
592 3999 733 4066 debeant
764 4004 963 4085 presenciam
990 4003 1164 4086 specialem
1192 4001 1233 4066 de
1265 4001 1462 4086 negligencia

340 4104 503 4168 iusticiam
519 4105 732 4172 exhibicionis
749 4110 911 4174 racionem
930 4109 1124 4175 reddituros.
1141 4109 1270 4174 Datum
1285 4129 1343 4194 per
1359 4127 1466 4172 mansu

341 4209 535 4275 venerabilis
561 4214 622 4277 viri
636 4216 783 4297 magistri
809 4217 944 4282 Endree
969 4218 1127 4301 prepositi
1158 4217 1296 4283 ecclesie
1321 4213 1467 4280 Albensis

342 4318 416 4379 aule
447 4325 557 4383 nostre
585 4321 865 4389 vicecancellarii.
884 4325 1135 4391 ,aunodomini
1160 4324 1340 4390 Millesimo
1373 4321 1468 4390 000⁰

343 4417 481 4506 XXX0,
497 4428 587 4506 regni
599 4435 708 4492 antem
718 4432 821 4494 nostri
837 4453 923 4496 senno
934 4433 1084 4496 similiter
1094 4433 1272 4514 tricesimo,
1285 4433 1468 4498 duodecimo

343 4529 498 4594 kalendas
514 4531 653 4614 Marcii;
669 4538 907 4604 venerabilibus
923 4539 1073 4623 patribus
1089 4547 1228 4606 vacante
1240 4541 1377 4607 ecclesie
1396 4539 1471 4605 Stri-

344 4637 503 4714 goniensis
519 4641 603 4724 sede,
623 4641 778 4711 Ladislao
804 4647 1047 4732 archiepiscopo
1075 4647 1248 4714 Colocensi
1268 4649 1343 4714 aule
1369 4657 1471 4716 nostre.
