3154 5474
606 505 699 568 1331.
716 524 786 570 oor.
805 506 833 567 6.
1218 508 1285 568 557

151 701 252 767 supra
268 705 327 768 per
347 682 481 750 eandem
497 703 613 769 aquam
640 685 719 750 satia
735 685 770 748 in
787 685 871 750 bono
897 684 1005 768 spacio
1032 683 1117 748 cadit
1134 683 1174 748 ad
1190 705 1287 749 unam

152 791 306 858 arborem
322 792 381 858 boz
397 791 454 860 ubi
471 795 520 858 est
536 796 622 858 meta
638 795 744 858 terrea
760 799 793 859 et
809 791 912 858 tendit
938 813 1047 858 versus
1064 793 1231 858 meridiem
1247 792 1288 858 ad

151 920 252 965 unam
263 901 348 965 riam
359 899 398 966 ‹le
409 921 473 986 qua
489 901 555 966 itur
565 900 606 966 ad
617 901 715 966 aliam
731 902 814 966 riam
836 921 899 987 que
909 901 1015 966 tendit
1030 922 1139 967 versus
1156 899 1288 986 Odram,

151 1007 230 1074 inde
247 1031 306 1093 ρει
317 1010 451 1076 eandem
464 1010 668 1076 riamversus
679 1011 837 1076 orientem
847 1011 935 1076 venit
951 1009 991 1075 ad
1007 1031 1104 1076 unam
1121 1011 1288 1094 antiquam

153 1117 240 1184 uiam
265 1141 376 1185 versus
402 1119 578 1204 meridiem,
595 1141 654 1204 per
679 1140 831 1203 magnum
857 1121 1000 1205 spacium
1024 1119 1128 1185 eundo
1145 1119 1233 1185 vonit
1248 1119 1289 1184 ad

149 1233 253 1292 metas
273 1233 394 1292 terreas
409 1226 466 1293 ubi
477 1229 579 1293 intrat
595 1226 776 1294 Lomnicha
787 1229 873 1294 circa
883 1228 1031 1294 arborem
1047 1230 1134 1314 pomi
1150 1230 1288 1294 silvestri

152 1334 212 1400 ubi
239 1343 289 1400 est
315 1341 400 1402 meta
425 1343 515 1402 terra
541 1335 752 1422 circumfusa,
777 1358 836 1423 per
860 1337 993 1402 eandem
1024 1359 1141 1422 aquam
1166 1339 1243 1402 satis
1258 1339 1292 1403 iu

148 1441 237 1509 bono
254 1446 364 1528 spacio
381 1466 480 1528 supra
496 1444 600 1510 eundo
618 1447 685 1511 exit
701 1445 741 1511 ad
772 1469 872 1512 unum
888 1445 1046 1514 fossatum
1063 1446 1150 1531 quod
1166 1446 1288 1530 Hyngo

149 1557 295 1635 vocatur,
316 1553 355 1618 de
372 1553 453 1620 hinc
469 1573 528 1638 per
552 1575 705 1636 magnum
731 1555 875 1638 spacium
901 1554 1007 1621 eundo
1023 1557 1112 1620 venit
1128 1554 1169 1620 acl
1186 1559 1288 1619 metas

149 1667 274 1725 terreas
300 1659 355 1726 ubi
382 1662 470 1726 cadit
495 1662 536 1726 ad
562 1683 679 1746 aquam
696 1661 882 1748 Mochpnad
905 1683 1001 1748 super
1017 1685 1115 1728 unam
1131 1663 1217 1728 viam
1233 1661 1287 1727 ubi

150 1776 229 1835 sunt
246 1769 310 1835 due
326 1769 459 1836 arbores
475 1771 524 1836 tul
536 1791 630 1837 cruce
646 1773 773 1856 signate
790 1777 823 1837 et
839 1793 896 1856 per
912 1771 1048 1838 eandem
1063 1772 1148 1836 viam
1164 1772 1242 1838 satis
1253 1772 1286 1836 in

150 1876 239 1942 bono
266 1879 375 1962 spacio
401 1901 511 1944 versus
536 1879 703 1945 meridiem
728 1881 817 1946 venit
840 1879 883 1946 ad
907 1900 1025 1965 aquam
1042 1879 1214 1965 Lybnioha
1229 1902 1287 1963 ρει·

150 1993 255 2051 metas
282 1991 405 2054 terreas
425 1994 459 2053 et
484 1988 616 2054 arbores
632 1989 688 2056 ubi
713 1989 871 2054 vicinatur
889 1995 975 2055 terre
993 1987 1160 2070 Oozmath,
1180 1993 1212 2053 et
1228 2009 1285 2072 per

150 2093 287 2177 posthoc
311 2092 394 2180 (lgy)
421 2097 508 2161 venit
533 2097 574 2161 ad
599 2101 700 2162 metas
726 2095 867 2162 liliorum
892 2098 981 2163 Iwan
1009 2103 1042 2163 et
1070 2095 1182 2180 Egidii
1208 2096 1286 2162 dicti

150 2201 237 2268 Zala
262 2202 318 2268 ubi
339 2208 388 2269 est
404 2204 502 2270 arbor
518 2204 568 2270 tul
586 2226 680 2271 cruce
697 2207 822 2289 signata
838 2227 900 2290 que
918 2207 1002 2272 circa
1018 2227 1115 2272 unam
1131 2206 1214 2270 riam
1230 2203 1286 2269 ubi

150 2311 241 2376 cadit
258 2311 299 2376 ad
316 2333 432 2396 aquam
456 2311 628 2398 Kukynak
653 2319 685 2379 et
701 2335 759 2398 per
775 2314 910 2380 eandem
926 2335 1045 2398 aquam
1061 2312 1196 2379 inbono
1214 2334 1286 2397 spa·

150 2420 200 2484 cio
226 2420 420 2487 infraerrndo
446 2421 533 2487 cadit
558 2422 592 2486 in
617 2443 735 2506 aquam
750 2423 932 2489 Lcmniclra
947 2422 1003 2488 ubi
1018 2423 1180 2487 vicinatur
1196 2427 1282 2487 terro

149 2527 294 2594 filiorum
319 2527 478 2614 Stephani
505 2529 668 2614 quondam
692 2530 769 2596 bani
794 2530 997 2597 Brezanioha
1021 2535 1132 2595 vocate
1158 2534 1190 2594 et
1224 2549 1282 2612 per

157 2637 295 2704 carrdem
314 2637 507 2705 insraeundo
524 2639 613 2704 venit
636 2661 695 2724 per
712 2662 812 2705 unum
828 2645 921 2724 strug
947 2645 978 2705 et
994 2639 1111 2704 transit
1126 2659 1184 2722 ρει·
1202 2635 1285 2702 01ιε·

149 2753 202 2812 ret
220 2745 361 2814 Starcha
381 2753 531 2814 uocatum
546 2747 603 2813 ubi
619 2753 667 2814 est
683 2749 781 2815 arbor
806 2749 942 2814 haraztlr
966 2769 1060 2814 cruce
1076 2749 1204 2830 signata
1220 2767 1283 2830 que

152 2861 205 2921 est
229 2857 263 2921 in
289 2877 411 2941 campo,
427 2855 501 2922 inde
528 2855 569 2921 ad
595 2879 695 2921 unum
720 2855 853 2922 fluvium
878 2853 996 2922 Lahun
1013 2861 1161 2922 vocatum
1178 2860 1211 2920 et
1226 2876 1284 2939 per

152 2963 292 3028 eundem
319 2965 408 3029 venit
432 2963 475 3028 arl
493 2963 642 3029 arborem
661 2964 749 3048 pomi
766 2985 860 3030 cruce
877 2963 1037 3048 signatam
1053 2963 1109 3029 ubi
1124 2963 1284 3029 vicinatur

148 3079 236 3138 terre
264 3071 500 3137 nostreBlaca
524 3077 644 3154 vocate,
670 3071 745 3138 inde
768 3071 874 3138 tendit
893 3093 1004 3138 versus
1021 3072 1283 3158 septemtrionem

148 3187 182 3246 ot
200 3179 316 3246 cadita
340 3181 481 3246 mlakam
500 3178 641 3265 Glogala
656 3185 804 3248 vocatam
815 3181 872 3246 ubi
888 3180 1042 3246 estarbor
1053 3178 1173 3265 jegned
1189 3200 1283 3245 crucc

150 3289 281 3372 signata
297 3294 330 3354 et
346 3311 404 3373 per
422 3289 556 3355 eandem
577 3287 591 3376 (
606 3339 734 3355 ......
750 3285 764 3374 )
781 3287 885 3355 eundo
903 3289 986 3354 circa
1003 3287 1115 3353 silvam
1139 3284 1283 3352 Churma

149 3396 237 3464 ccidit
262 3397 303 3462 acl
329 3396 462 3483 Odram,
481 3397 596 3464 deinde
621 3419 678 3483 per
710 3402 947 3482 competentem
978 3397 1122 3481 spacium
1148 3397 1215 3461 exit
1242 3395 1283 3460 ad

147 3513 251 3572 metas
268 3513 390 3573 terreas
401 3507 442 3572 ad
453 3528 549 3572 unam
566 3505 715 3572 arborem
731 3506 830 3592 tapsi,
847 3505 920 3571 inde
938 3505 1058 3571 directe
1074 3503 1280 3589 procedendo

146 3615 236 3680 venit
262 3615 304 3680 ad
328 3637 429 3682 unum
454 3621 554 3699 strug,
580 3636 679 3699 supra
703 3615 738 3679 in
762 3634 862 3698 porro
888 3614 996 3698 spacio
1023 3611 1126 3678 eundo
1156 3612 1221 3676 exit
1237 3609 1278 3676 ad

145 3725 261 3789 siluam
278 3727 310 3788 et
325 3744 384 3808 per
401 3722 535 3789 eandem
553 3743 652 3806 supra
668 3720 772 3788 eundo
789 3720 875 3787 cadit
892 3720 934 3787 ad
950 3719 1048 3786 Zawa
1065 3716 1078 3805 (
1094 3769 1196 3786 .....
1212 3717 1226 3804 )
1243 3719 1277 3784 ia

146 3831 233 3898 bono
250 3832 358 3916 spacio
375 3831 462 3897 venit
473 3830 515 3898 ad
526 3831 668 3916 priorem
678 3835 797 3898 metam
807 3830 916 3916 ibique
931 3830 1133 3895 terminatur.
1152 3827 1277 3894 Datum

144 3940 228 4007 seria
253 3941 366 4025 quinta
388 3941 536 4024 proxima
561 3943 636 4006 ante
662 3938 781 4006 festum
799 3938 990 4005 Nativitatis
1006 3937 1094 4004 beati
1111 3935 1275 4003 Johannis
1307 3935 1312 3944 '

146 4047 312 4134 Baptista,
344 4070 428 4115 anno
460 4053 568 4115 autern
600 4050 748 4134 superius
773 4048 869 4115 dicto.
900 4047 971 4116 Nos
995 4049 1105 4131 itaque
1135 4043 1278 4133 (tenore)

143 4157 315 4224 literarum
349 4157 427 4223 dicti
459 4159 641 4243 capituli..
683 4156 828 4223 fidelium
862 4163 1047 4224 nostrorum
1086 4176 1183 4240 super
1214 4161 1276 4220 sta-

143 4267 275 4333 tucione
300 4316 332 4332 ..
372 4267 538 4333 informati
574 4265 711 4333 eandem
742 4267 975 4351 possessionem
991 4315 1022 4332 ..
1063 4263 1103 4330 de
1142 4263 1276 4329 consilio

142 4375 346 4458 prelatorum
370 4381 404 4440 et
438 4375 597 4442 baronum
622 4376 715 4461 regni
742 4377 846 4442 nostri
873 4375 1041 4442 eisdem..
1074 4372 1275 4440 donavimus.

141 4482 272 4550 Datum
296 4485 331 4549 in
348 4482 560 4570 Wyssegrad,
576 4487 610 4550 in
627 4484 749 4550 octaris
766 4484 865 4570 ,beati
881 4483 1055 4551 Michaelis
1081 4481 1276 4568 archangeli,

140 4613 228 4660 anno
245 4593 368 4660 domini
383 4593 553 4661 millesimo
571 4593 672 4661 0000
688 4589 819 4660 XXX⁰
835 4593 948 4678 primo.
