3240 5460
683 472 871 520 aurouuonr
891 457 1108 519 osirlurrln.

889 873 918 932 2.

341 1018 436 1081 1322.
450 1021 520 1102 jan.
537 1017 589 1080 28.
611 1019 639 1080 Ι.
657 1015 785 1100 Κάνοίῃ
801 1013 911 1098 kirtly
927 1039 948 1078 u
963 1013 1073 1078 aalkot‘
1087 1017 1206 1078 ectrbcz
1222 1024 1369 1080 1666166611
1384 1038 1466 1078 uzon

328 1125 457 1210 fc'lclte'r
472 1126 673 1207 birtolodhan,
689 1125 801 1211 melyct
815 1123 923 1207 (lilerfl
938 1124 1045 1189 Janos
1069 1125 1208 1210 Philpus
1223 1125 1344 1207 ficinalc
1359 1125 1466 1190 131166-

353 1239 355 1242 ’
553 1234 614 1298 nelo
630 1233 865 1318 ajdndc‘kozott,
887 1256 918 1296 cz
936 1232 1055 1297 ctobbc't
1072 1233 1260 1319 moperdsiti.

441 1392 588 1461 Karolus
604 1444 611 1460 .
628 1444 635 1460 .
651 1415 708 1460 rex
724 1443 755 1460 ..
780 1392 823 1460 ad
847 1393 1069 1460 universorum
1093 1393 1249 1459 noticiam
1278 1393 1395 1458 harum
1419 1413 1467 1458 se·

333 1504 381 1568 rie
397 1553 405 1569 .
421 1553 429 1568 .
444 1504 591 1569 volumus
611 1504 787 1588 pervenire,
803 1501 890 1587 quod
906 1525 979 1568 cum
994 1523 1054 1568 nos
1072 1501 1221 1568 fidelibus
1236 1503 1356 1568 nostris
1381 1502 1467 1586 capi-

345 1613 401 1678 ulo
428 1611 562 1678 ecclesie
593 1611 779 1694 Bonnensis
810 1616 848 1676 ut
878 1611 1022 1696 ipsorum
1052 1611 1221 1676 mitterent
1245 1611 1468 1676 testimonium

334 1717 534 1804 fidedignum
550 1741 660 1786 coram
676 1741 740 1804 quo
757 1717 782 1784 J
784 1719 904 1786 acobus
918 1719 1004 1786 filius
1028 1719 1221 1786 Marchardi
1244 1721 1340 1786 homo
1357 1725 1468 1786 noster

335 1827 500 1910 quandam
515 1834 638 1894 terram
664 1829 763 1894 castri
778 1829 882 1894 nostri
907 1829 947 1894 de
971 1827 1132 1912 Wolkow‚
1156 1830 1190 1894 in
1216 1851 1281 1913 qua
1305 1827 1468 1914 quondam

334 1933 411 2020 Syle
426 1935 513 2002 filius
528 1935 610 2022 Myh
635 1944 669 2003 et
694 1936 879 2022 Stephanus
903 1936 988 2003 filius
1014 1935 1131 2004 Ohuda
1155 1938 1376 2022 morabantur,
1401 1943 1467 2002 sta·

333 2050 442 2110 tueret
466 2047 623 2130 magistro
654 2045 679 2111 J
681 2048 802 2113 ohanni
832 2045 900 2112 filio
927 2049 1053 2112 comitis
1085 2045 1198 2132 Gyleti
1232 2049 1260 2112 si
1284 2069 1351 2112 non
1374 2045 1467 2110 fieret

334 2153 573 2220 contradictum
587 2161 745 2240 perpetuo
769 2155 1006 2240 possidendam,
1032 2154 1230 2221 dedissemus
1244 2156 1279 2220 in
1294 2153 1466 2236 mandatis,

333 2261 559 2328 tandemidem
574 2265 752 2348 capitulum
762 2262 876 2329 fideles
885 2265 999 2347 nostri,
1008 2264 1101 2329 nobis
1110 2265 1346 2348 rescripserunt
1362 2261 1467 2327 inhec

333 2371 448 2436 verba:
465 2371 747 2438 Excellentissimo
759 2423 784 2440 ..
801 2371 1467 2455 (1.616111611666161666616111616166-

333 2477 1379 2566 6611321-116116166116611161661661016616616τὶ543666.)
1395 2477 1467 2545 Nos

333 2589 435 2672 igitur
460 2611 500 2653 ex
518 2589 700 2656 huiusmodi
716 2591 879 2656 relacione
896 2589 1031 2674 capituli
1048 2590 1181 2655 ecclesie
1196 2589 1374 2656 Bonnensis
1390 2586 1467 2652 fide-

332 2696 412 2761 lium
437 2703 623 2762 nostrorum
648 2719 745 2782 super
771 2683 919 2782 predicta
943 2703 1032 2762 terra
1066 2695 1244 2780 certificati,
1266 2697 1467 2762 invenientes

334 2811 368 2869 et
393 2811 621 2888 cognoscentes
646 2806 781 2870 eandem
806 2807 846 2872 de
871 2807 941 2872 iure
965 2813 1074 2873 nostre
1100 2806 1271 2872 collacioni
1295 2805 1467 2889 pertinere,

334 2912 546 2978 consideratis
588 2912 802 2980 fidelitatibus
841 2922 874 2981 61
910 2915 1056 2982 fidelium
1095 2917 1302 2982 serviciorum
1341 2914 1467 2979 meritis

333 3021 435 3103 ipsius
459 3021 607 3105 magistri
632 3018 658 3085 J
660 3021 796 3088 ohannis
820 3021 880 3088 filii
905 3024 1031 3089 comitis
1057 3021 1170 3108 Gyleti
1195 3022 1359 3109 quoidam
1374 3021 1468 3088 uobis

334 3127 369 3193 in
394 3128 528 3194 diversis
553 3130 674 3195 nostris
700 3135 733 3196 et
758 3132 850 3216 regni
875 3133 978 3197 nostri
1002 3133 1145 3216 negociis
1165 3133 1329 3218 prosperis
1354 3137 1388 3196 et
1411 3129 1469 3196 ad·

334 3237 435 3303 versis
460 3239 495 3302 in
520 3237 758 3306 obsessionibus
774 3246 807 3305 et
823 3240 1121 3326 expugnacionibus
1147 3247 1327 3306 castrorum
1346 3243 1379 3304 et
1394 3238 1468 3303 aliis

333 3347 414 3412 locis
430 3351 463 3412 et
478 3348 678 3432 temporibus
703 3348 821 3414 debitis
847 3371 919 3414 cum
944 3350 993 3414 661
1017 3350 1150 3434 proprii,
1174 3350 1404 3434 proximorum,
1429 3369 1470 3412 ac

334 3456 530 3521 servientum
546 3479 678 3523 suorum
703 3458 866 3542 sanguinis
899 3455 1052 3524 effusione
1069 3456 1218 3522 exhibuit
1242 3463 1276 3523 61
1299 3455 1469 3542 impendit,

333 3564 411 3630 licet
427 3565 530 3630 multo
548 3565 644 3650 plura
660 3588 680 3631 6
696 3566 790 3633 nobis
805 3572 977 3650 mereatur,
993 3572 1103 3632 tamen
1113 3567 1147 3630 in
1157 3565 1332 3650 aliqualem
1347 3585 1470 3630 recom-

334 3673 561 3756 pensacionem
598 3695 730 3739 suorum
764 3675 971 3740 serviciorum
1001 3673 1183 3758 predictam
1214 3679 1335 3739 terram
1370 3672 1471 3738 castri

332 3783 438 3847 nostri
469 3781 504 3846 in
534 3781 621 3848 dieto
654 3784 811 3849 comitatu
849 3781 1002 3850 Wolkow
1036 3783 1284 3850 adiacentem..
1310 3783 1372 3866 ipsi
1401 3803 1471 3847 ma·

334 3890 437 3974 gistro
469 3887 617 3955 Johanni
650 3890 838 3956 donavimus
861 3941 900 3957 ..
933 3887 1131 3974 Quiquidem
1161 3891 1318 3974 magister
1342 3887 1368 3954 J
1370 3888 1471 3954 ohan·
1600 3901 1601 3964 l

333 4019 390 4064 nes
413 3997 500 4063 filius
531 3996 644 4082 Gyleti
670 3999 783 4064 eodem
807 3998 945 4064 instanti
975 3997 1172 4082 sepedictam
1202 4004 1324 4062 terram
1349 3995 1389 4060 de
1412 4015 1472 4060 no-

334 4113 402 4173 stro
442 4106 648 4192 beneplacito
688 4105 788 4172 Petro
828 4104 896 4172 filio
937 4105 1077 4190 Philpus
1120 4105 1272 4170 servienti
1311 4125 1369 4170 suo
1408 4124 1470 4187 pro
1599 4189 1600 4194 ἵ

333 4215 434 4298 ipsius
465 4215 559 4280 Petri
589 4215 732 4281 serviciis
762 4235 834 4280 cum
865 4213 1065 4279 utilitatibus
1096 4213 1209 4278 suis..
1234 4212 1399 4294 universis,
1431 4231 1471 4277 6ο

332 4323 483 4406 161666
508 4323 721 4407 plenitudine,
755 4323 872 4406 quibus
903 4344 961 4407 per
994 4343 1052 4389 nos
1083 4322 1145 4406 ipsi
1176 4319 1201 4386 J
1203 4321 1324 4388 ohanui
1356 4319 1469 4385 extitit

334 4429 500 4496 collata..
526 4430 705 4497 donavit..
731 4429 856 4498 Datum
891 4453 949 4515 per
982 4453 1097 4496 manus
1128 4429 1260 4496 discreti
1300 4429 1362 4494 viri
1400 4447 1469 4494 ma-

332 4538 429 4621 gistri
458 4535 483 4602 J
486 4537 622 4604 ohannis
646 4539 804 4624 prepositi
830 4539 984 4605 ecclesiae
1011 4536 1168 4604 Albensis
1183 4538 1257 4603 aule
1284 4541 1395 4603 nostre
1419 4537 1467 4602 vi-

334 4645 557 4712 cecancellarii
587 4653 620 4712 et
651 4647 870 4715 archidiaconi
901 4647 941 4713 de
972 4647 1131 4715 Kukulcu
1161 4647 1275 4713 dilecti
1299 4652 1333 4711 et
1357 4643 1466 4713 fidelis
