3130 5470
563 455 657 521 1329.
675 475 762 524 surr.
780 455 832 521 20.
1201 458 1266 522 433

127 635 238 700 nostri
255 634 397 720 episcopi
414 632 533 699 eisdem
548 634 582 700 in
597 633 681 701 facie
697 637 842 720 ipsarum
866 636 1102 720 possessionum
1118 637 1262 720 assigna-

127 743 218 809 bunt
235 747 268 808 et
283 745 319 808 in
335 742 456 808 octavis
470 743 615 825 ipsarum
631 741 870 826 quindenarum
881 744 986 810 sancti
1001 743 1175 810 Michaelis
1190 767 1265 829 par-

128 851 223 916 tibus
239 853 274 916 in
305 851 408 917 nostri
432 851 601 934 presencia
628 851 814 918 constitutis
839 850 882 918 ad
907 851 1132 917 redimendum
1163 851 1214 916 vel
1236 852 1264 918 ei

128 959 295 1026 redimere
312 981 376 1024 non
393 960 549 1042 competit
564 980 621 1024 seu
638 959 804 1025 noluerint
820 959 862 1025 ad
878 960 1136 1044 perpetuandum
1154 961 1263 1026 termi-

129 1091 214 1134 num
230 1069 282 1132 vel
300 1067 453 1134 terminos
469 1065 705 1149 assignabimus
720 1073 818 1152 prout
834 1066 957 1133 fuerint
973 1069 1121 1135 estimate
1144 1069 1177 1134 in
1193 1089 1265 1152 pre-

129 1178 246 1244 sencia
261 1175 430 1242 hominum
447 1176 569 1241 domini
586 1177 729 1260 episcopi
745 1175 976 1260 predictorum,
1000 1184 1150 1260 preterea
1165 1177 1264 1244 iidem

129 1285 193 1351 filii
210 1284 236 1351 J
238 1284 376 1350 ohannis
392 1305 489 1368 super
506 1305 543 1349 eo
560 1283 649 1368 quod
665 1285 834 1368 equaoiam
857 1285 921 1368 ipsi
948 1281 1137 1370 Stephanus
1154 1291 1186 1351 et
1202 1285 1229 1352 J
1230 1307 1264 1352 o·

129 1396 260 1461 hannes
276 1392 402 1460 nobiles
418 1394 459 1458 de
474 1393 605 1458 Balhan
621 1415 755 1458 numero
772 1394 911 1477 triginta
925 1393 978 1459 vel
1001 1395 1107 1460 minue
1123 1415 1189 1460 non
1207 1395 1264 1460 ha·

128 1503 269 1569 bucrint
285 1500 326 1566 de
342 1522 407 1584 qua
423 1507 576 1586 quartam
592 1503 660 1586 ipse
671 1501 800 1569 domine
811 1501 931 1567 habere
949 1501 1137 1568 debuissent
1149 1509 1264 1568 contra

131 1613 267 1678 easdem
283 1631 317 1676 se
333 1612 447 1695 quinto
464 1632 573 1676 coram
589 1611 681 1678 nobis
697 1610 889 1694 prestabant
899 1615 1136 1677 sacramentum
1153 1611 1268 1678 eodem

130 1723 185 1788 die
203 1722 331 1788 scilicet
355 1721 388 1786 in
415 1723 537 1788 octaris
563 1721 800 1807 quindenarum
827 1723 932 1787 sancti
957 1721 1129 1788 Michaelis
1146 1728 1267 1789 etcum

133 1831 328 1916 quindecim
352 1831 498 1913 personis
514 1831 672 1896 nobilium
698 1851 763 1896 uno
790 1831 938 1915 ipsorum
963 1831 1088 1897 incluso
1116 1851 1266 1916 supereo

132 1937 225 2024 quod
241 1938 332 2022 ipsos
348 1937 531 2020 quindecim
548 1960 648 2022 equos
679 1959 737 2022 per
761 1938 926 2023 prefatum
950 1939 1066 2004 Dausa
1081 1941 1264 2025 palatinum

130 2045 278 2112 traditos
294 2045 355 2128 ipsi
372 2043 548 2110 Ladislaus
565 2051 599 2110 et
614 2045 782 2112 Fabianus
797 2069 862 2113 non
877 2046 1070 2114 habuissent
1085 2069 1145 2114 nec
1162 2047 1260 2114 habe-

130 2159 218 2221 rent.
232 2153 359 2218 Datum
374 2148 487 2236 Agris,
506 2153 621 2238 quinto
638 2154 690 2220 die
707 2155 837 2220 termini
853 2156 1027 2240 prenotati,
1044 2156 1262 2223 annodomini

129 2265 187 2330 Μ0
205 2261 311 2330 0000
326 2259 418 2325 XX⁰
434 2281 530 2328 nono.

244 2424 315 2476 Zard
338 2423 430 2488 pecset
451 2425 628 2492 nyomaiva15
649 2426 780 2492 eredetije
801 2442 833 2479 az
856 2442 926 2478 orez.
947 2427 1115 2479 ltelrlrincst.
1141 2431 1208 2479 oszt.
1231 2428 1265 2479 N.

128 2519 163 2569 R.
179 2519 213 2568 Δ.
230 2519 308 2567 1535.
323 2518 365 2564 32.
379 2513 446 2578 dipl.
460 2515 531 2566 ltar:
547 2519 625 2567 2560.
639 2515 737 2568 Kozli:
752 2517 857 2570 Viucze
871 2515 972 2568 (labor.

666 2898 741 2960 379.

132 3061 231 3124 1329.
251 3069 328 3144 sept.
346 3059 397 3123 20.
411 3059 519 3126 Jotaos
535 3057 673 3143 quroid
689 3059 873 3143 cctrmepyei
882 3059 1018 3145 eliopeto
1034 3063 1067 3124 c‘s
1084 3061 1267 3130 birotdrsai

130 3167 205 3234 elb'tt
221 3167 431 3250 Korrardfla
453 3167 568 3231 Tamais
591 3165 701 3229 Vereor·
729 3167 836 3232 Jaoos
857 3167 938 3248 ficit
961 3167 1055 3232 Vorcb
1071 3181 1153 3237 oevtt
1170 3171 1266 3236 hirto-

403 3275 513 3340 locinalr
528 3274 768 3339 haszodlota'to‘l
784 3275 979 3341 tilulmazza.

241 3435 313 3502 Nos
330 3457 436 3503 comes
468 3434 639 3501 Johaunes
655 3433 824 3501 viceiudex
855 3436 1005 3520 magistri
1029 3435 1122 3502 Petri
1139 3439 1266 3505 comitis

130 3545 391 3631 Neugradiensis
408 3549 441 3609 et
457 3547 598 3628 quatuor
613 3543 736 3608 iudices
752 3543 915 3609 nobilium
931 3545 1074 3610 eiusdem
1094 3547 1266 3614 comitatus

131 3656 249 3721 damus
264 3676 324 3739 pro
340 3653 505 3737 memoria,
518 3650 606 3735 quod
622 3651 765 3718 Thomas
781 3650 867 3718 filius
884 3652 1041 3720 Oorrardi
1056 3675 1165 3720 coram
1174 3654 1268 3722 nobie

131 3761 352 3849 personaliter
368 3759 507 3826 astando
540 3759 700 3826 Thomam
717 3763 750 3824 et
765 3759 903 3825 Heuche
927 3760 1012 3826 filios
1038 3759 1201 3827 Johannis
1227 3762 1267 3828 de

132 3871 355 3939 ecclesiastica
370 3869 448 3936 villa
463 3867 572 3938 Vereb
598 3868 815 3952 personaliter
839 3869 988 3934 inventos
1012 3869 1047 3933 in
1072 3872 1174 3936 nostri
1191 3892 1265 3954 pre·

131 3983 243 4048 sencia
260 3978 343 4044 facie
359 3977 402 4042 ad
418 3976 533 4042 faciem
549 3978 637 4060 ipsos
655 3982 687 4042 et
712 3998 824 4042 omnes
850 3975 893 4041 ad
917 3977 1004 4060 ipsos
1019 3977 1223 4060 pertinentes
1248 4002 1268 4044 a

131 4089 345 4176 perceptione
357 4085 598 4152 ususfructuum
609 4091 642 4151 et
652 4085 836 4151 utilitatum
852 4086 1063 4170 possessionis
1081 4108 1137 4152 sue
1155 4089 1268 4152 simili-

131 4205 182 4263 ter
198 4195 311 4266 Vereb
327 4199 441 4260 vocate
458 4193 600 4259 inhibuit
631 4193 884 4260 contradicendo
910 4199 943 4258 et
967 4193 1168 4260 contradixit
1183 4194 1266 4259 inhi-
1316 4205 1318 4208 ’

131 4305 239 4373 hendo
259 4325 366 4371 coram
381 4303 484 4370 nobis.
500 4301 626 4368 Datum
642 4301 725 4368 feria
742 4307 862 4386 quarta
877 4303 1027 4385 proxima
1042 4308 1118 4386 post
1135 4308 1269 4369 octavas
1379 4313 1383 4319 '

131 4413 331 4480 Nativitatis
368 4411 517 4496 Virginis
556 4411 714 4495 gloriose,
763 4431 849 4476 anno
897 4409 1019 4478 domini
1066 4410 1123 4476 Μ0
1162 4408 1264 4478 000ο

131 4521 225 4588 XX⁰
242 4542 338 4588 nono.

243 4646 348 4700 lacot.-
361 4648 456 4700 xv-ik
469 4648 577 4700 azenarii
590 4648 705 4698 trassel:
726 4643 909 4713 Werebcljrp'al
919 4643 1001 4711 wotjc
1015 4642 1148 4713 tjljob'om.

179 4766 334 4803 nsrouuonr
350 4753 523 4804 onulurrin.
539 4766 569 4804 11.
585 4755 646 4802 nor.
1119 4739 1162 4800 ‘28
