3130 5470
362 444 428 504 448
719 457 907 505 susoruronr
923 446 1142 505 ountsrrln.

363 620 453 686 aliud
469 619 592 685 scilicet
620 639 679 703 par
696 639 792 702 super
807 619 1006 704 possessione
1022 617 1156 685 Paznan
1185 624 1365 704 nuncupata
1387 621 1413 684 in
1424 641 1459 686 co·

301 741 303 746 '
361 731 479 796 mitatu
495 728 663 794 Jauriensi
695 728 889 792 existentea
914 726 1068 793 ‹Iohanne
1094 726 1181 792 dioto
1207 727 1313 812 Foyes
1336 728 1396 793 filio
1414 727 1457 792 Mi-

362 837 480 903 chaelis
496 835 643 903 similiter
658 833 762 919 Ileyes
778 834 845 899 filio
862 855 919 900 suo
936 834 976 899 de
992 834 1085 900 Rede
1102 833 1197 900 simul
1214 857 1288 901 cum
1304 836 1420 901 ecclesia
1430 837 1454 899 in

360 947 516 1012 honorem
531 945 618 1010 beati
633 943 775 1008 himerici
792 942 981 1009 confessoris
990 945 1024 1011 iu
1034 943 1146 1009 eadem
1155 945 1330 1010 constituta
1341 997 1347 1010 .
1357 995 1363 1010 .
1374 945 1454 1010 sinili-

362 1059 412 1118 ter
429 1053 604 1138 empcionis
635 1049 732 1115 titulo
750 1051 918 1120 continens
934 1073 954 1115 a
968 1051 1125 1133 magistro
1149 1050 1251 1117 Petro
1279 1057 1310 1116 et
1325 1050 1457 1136 Stephano

362 1161 438 1226 filiis
455 1159 613 1244 Stephani
629 1157 689 1223 filii
705 1157 814 1224 Marci
829 1160 961 1224 racione
978 1157 1157 1224 concambii
1173 1159 1332 1242 porcionis
1348 1160 1456 1224 eiusden

362 1269 523 1336 ‚Iohannis
540 1267 792 1354 possessionibus
808 1267 843 1332 in
860 1274 967 1333 castro
984 1267 1110 1334 (lesneh
1134 1267 1297 1334 mediante
1320 1267 1456 1352 privilegio

361 1377 560 1444 honorabilis
577 1374 713 1460 capituli
730 1376 862 1440 ecclesie
886 1371 1042 1442 Albensis
1059 1425 1066 1442 .
1084 1426 1090 1441 .
1107 1375 1184 1440 olim
1213 1376 1316 1440 eidem
1341 1375 1458 1441 Johanni

366 1487 487 1552 tradita
497 1486 575 1551 data
586 1489 619 1549 et
634 1484 754 1549 donata
764 1488 959 1566 emanatum,
968 1484 1243 1568 proponendoque
1254 1490 1288 1549 et
1298 1483 1460 1550 declarando

367 1601 481 1662 nostro
498 1595 627 1659 nomine
642 1591 786 1657 fidelium
810 1593 1018 1658 serviciorum
1044 1615 1176 1660 suorum
1201 1613 1319 1674 genera
1341 1590 1459 1656 nobisab

365 1706 499 1788 antiquo
526 1700 735 1766 laudabiliter
757 1703 904 1785 impensa
928 1700 1044 1766 humili
1069 1723 1200 1786 precum
1225 1702 1380 1767 instancia
1392 1701 1461 1766 nobis

364 1813 478 1878 devote
495 1809 679 1895 supplicare
706 1810 832 1874 curavit
849 1814 1007 1892 quatenus
1025 1808 1112 1875 dicta
1137 1810 1305 1893 privilegia
1318 1811 1462 1894 possessio

362 1921 470 1984 uarias
487 1919 646 1983 emciones
663 1922 694 1982 et
711 1917 971 2000 comparacioues
987 1918 1159 2001 premissas
1174 1918 1208 1982 iu
1226 1918 1345 1982 eisdem
1360 1923 1463 1981 conten-

363 2034 413 2092 tas
429 2033 517 2092 ratas
534 2032 642 2110 gratas
653 2031 685 2090 et
697 2031 846 2110 acceptas
863 2025 1018 2090 habentes
1034 2027 1155 2091 nostris
1171 2024 1414 2109 privilegialibm
1426 2022 1464 2086 lit·

361 2137 440 2201 toris
457 2133 647 2200 confirmare
675 2133 901 2219 dignaremur;
933 2155 1070 2216 quornm
1095 2135 1190 2218 primi
1216 2140 1310 2199 tenor
1334 2133 1400 2199 talis
1414 2138 1464 2196 est:

361 2243 551 2330 Capitulum
568 2241 593 2307 J
595 2243 750 2308 auriensis
762 2242 893 2308 ecclesie
905 2295 911 2308 .
922 2293 929 2306 .
939 2242 1000 2307 stb.
1007 2240 1042 2328 (1.
1052 2241 1187 2308 fdntebb
1199 2247 1273 2307 357.
1284 2265 1325 2307 sz.
1335 2240 1466 2327 a)Tenor

361 2351 494 2418 secundi
504 2352 628 2416 scilieet
637 2373 733 2436 super
743 2349 1080 2434 possessionePaznan
1091 2351 1239 2434 predicta
1250 2347 1465 2415 similitertalis:

362 2458 549 2545 Capitulum
565 2458 590 2524 J
592 2461 747 2524 auriensis
764 2461 912 2525 ecclesie.
924 2509 930 2524 .
941 2459 1002 2524 stb.
1014 2457 1048 2544 (l.
1059 2458 1191 2526 fontebb
1203 2463 1325 2524 seam.
1341 2457 1379 2544 a.)
1388 2454 1466 2523 Unde

361 2590 419 2634 nos
435 2569 605 2632 memorati
621 2568 746 2633 comitis
762 2566 932 2651 Dethylini
949 2566 1053 2632 fidelis
1069 2568 1172 2632 nostri
1189 2566 1312 2632 devotis
1329 2563 1466 2648 supplica-

362 2675 507 2741 cionibus
522 2675 692 2758 benignius
707 2674 863 2757 inclinati,
891 2696 945 2740 eas
976 2675 1043 2740 iuri
1060 2695 1218 2740 consonas
1245 2679 1279 2738 et
1294 2674 1467 2738 admissione

363 2783 475 2868 dignas
491 2785 626 2848 memori
657 2789 766 2849 mente
792 2783 969 2848 recolentes
996 2785 1205 2849 serviciorum
1229 2781 1373 2847 fidelium
1386 2780 1469 2865 ipsius

361 2892 478 2956 merita
495 2891 612 2975 quihus
629 2891 668 2956 ab
686 2892 764 2957 olim
780 2899 847 2958 tam
864 2891 956 2958 nobis
973 2893 1162 2976 simpliciter
1188 2913 1285 2976 quam
1301 2892 1335 2956 in
1350 2909 1470 2975 persona

363 2999 556 3065 venerabilis
573 3001 607 3064 in
623 2997 754 3066 Christo
770 3001 874 3086 patris
891 3001 1012 3066 domini
1028 3007 1061 3064 et
1082 2999 1194 3066 fratris
1217 2999 1347 3065 Nicolai
1362 2995 1472 3063 abbatis

360 3109 462 3174 sancti
477 3107 615 3172 Martini
632 3109 672 3174 de
689 3131 780 3174 sacro
797 3115 906 3174 monte
922 3109 1091 3175 Pannouie
1108 3107 1279 3193 predilecti
1304 3113 1336 3172 et
1351 3103 1471 3171 familia-

283 3255 287 3264 ι
360 3217 404 3280 ris
420 3217 525 3281 nostri
542 3215 765 3301 multipliciter
782 3223 814 3282 et
830 3216 1010 3282 multifarie
1027 3239 1100 3282 cum
1117 3217 1232 3281 eximie
1249 3214 1411 3282 fidelitatis
1420 3211 1472 3275 ler-

360 3323 435 3387 vida
451 3323 622 3389 sedulitate
638 3324 705 3389 sere
721 3325 761 3390 ab
774 3347 830 3390 eso
848 3347 906 3391 suo
922 3325 1038 3410 puerili
1050 3324 1178 3410 explere
1189 3324 1315 3390 studuit
1330 3323 1474 3388 denostrs

359 3432 449 3513 regia
472 3429 672 3514 benignitate
691 3439 902 3516 recensentes,
919 3432 1078 3498 dictarum
1094 3434 1333 3518 possessionum
1347 3425 1474 3508 Durugh

361 3543 394 3602 et
409 3536 543 3602 Paznan
559 3540 734 3604 emcionem
751 3546 784 3604 et
799 3541 1018 3608 vendicionem
1043 3547 1146 3606 ratam
1179 3547 1306 3624 gratam
1338 3543 1370 3603 et
1398 3553 1474 3602 acce·

363 3650 453 3729 ptam
469 3646 623 3711 habentes
640 3647 830 3732 dictaparia
839 3649 1080 3734 privilegiorum
1091 3649 1130 3714 de
1142 3648 1275 3714 oonsilio
1292 3647 1475 3732 prelatorum

359 3759 391 3818 et
406 3753 564 3818 baronum
580 3761 764 3821 nostrorum
780 3763 982 3841 acceptamus
1007 3756 1204 3822 ratificamus
1220 3755 1432 3840 approbamus
1446 3751 1473 3812 et

359 3863 393 3926 in
409 3869 602 3947 perpetuum
627 3867 785 3948 presentis
802 3868 914 3952 scripti
939 3868 1044 3932 nostri
1068 3865 1281 3950 privilegialis
1306 3857 1473 3949 patrocinio

359 3969 468 4036 valere
485 3971 719 4040 confirmamus.
737 3975 862 4040 Datum
879 3997 938 4060 per
954 3997 1067 4040 manue
1083 3973 1277 4040 venerabilis
1307 3971 1366 4036 viri
1385 3963 1472 4046 magi-

359 4080 417 4144 stri
433 4077 568 4146 Andree
583 4085 737 4167 prepositi
748 4085 880 4152 ecclesie
895 4083 1049 4151 Albensis
1066 4082 1140 4148 aule
1156 4088 1267 4148 nostre
1294 4069 1471 4145 vicecancel-

358 4189 441 4270 larii,
457 4211 542 4254 anno
559 4189 682 4257 domini
691 4191 868 4259 Millesimo
879 4193 1104 4260 trecentesimo
1120 4192 1277 4274 vigesimo
1292 4179 1472 4266 nonoregni

358 4301 467 4362 autem
483 4301 587 4365 nostri
618 4321 703 4367 anno
730 4301 880 4368 similiter
895 4303 1048 4386 vigesimo
1074 4321 1169 4382 nono,
1194 4298 1362 4364 undecimo
1377 4289 1473 4357 halen·

358 4402 416 4469 das
426 4403 627 4490 Decembris,
645 4410 881 4476 venerabilibus
891 4410 1040 4494 patribus
1061 4412 1195 4474 vacante
1212 4407 1346 4472 ecclesia
1361 4399 1474 4479 stege

358 4511 463 4576 niensi
495 4513 597 4580 fratre
621 4515 776 4583 Ladielao
802 4519 1042 4603 archiepiscopo
1060 4514 1229 4582 Oolooensi
1270 4513 1342 4580 aule
1370 4510 1471 4574 nostre

357 4620 558 4706 cancellario,
569 4623 721 4691 Ladislao
738 4623 1226 4711 Quinqueecclesiensi,Nioolao
1237 4622 1263 4689 J
1264 4617 1406 4699 auriensi,
1416 4611 1472 4676 Be
