3172 5462
523 507 618 570 1325.
635 525 736 569 sinon.
755 509 783 569 7.
1157 508 1220 569 179

85 681 171 746 alias
187 683 404 764 possessiones
419 683 562 767 ipsorum
586 685 684 750 iidem
700 683 874 749 Ladislaus
890 683 994 750 banus
1010 690 1043 748 et
1060 680 1223 748 Oliverius

85 787 177 856 filius
194 791 264 856 eius
280 791 460 875 predictam
475 793 709 876 possessionem
733 791 903 876 Harkyan,
930 793 999 876 ipso
1027 793 1144 857 comite
1162 791 1223 856 Te-

87 919 172 982 psen
195 920 317 981 genero
341 901 487 984 ipsorum
512 899 747 966 dimidietatem
765 900 909 965 eiusdem
933 901 1143 984 possessionis
1162 899 1224 965 sibi

89 1008 250 1090 premisso
275 1007 372 1076 modo
404 1010 557 1076 collatam
590 1009 746 1076 reddente
770 1009 804 1074 in
830 1013 909 1092 toto,
941 1009 1045 1074 eidem
1069 1009 1225 1092 magistro

90 1113 217 1198 Mykch
242 1116 277 1179 in
300 1115 556 1201 redempcionem
586 1117 728 1183 vindicte
763 1117 864 1200 ipsius
890 1116 1040 1200 capitalis
1065 1117 1226 1181 sentencie

92 1223 261 1288 dedissent
277 1223 488 1290 tradidissent
503 1230 661 1311 perpetuo
686 1224 920 1310 possidendam,
945 1225 1046 1309 igitur
1061 1223 1146 1288 idem
1162 1222 1226 1290 La·

93 1331 219 1397 dislaus
243 1332 348 1398 banus
373 1341 407 1400 et
432 1331 593 1400 Oliverius
618 1333 705 1400 filius
731 1335 798 1400 eius
822 1335 1008 1418 porcionem
1032 1335 1176 1418 ipsorum
1191 1333 1226 1398 in

93 1443 299 1524 possessione
324 1441 463 1508 Ratolth
487 1450 603 1510 vocata
617 1445 651 1508 in
668 1443 780 1509 eodem
806 1443 963 1508 comitatu
987 1441 1147 1508 Pestiensi
1170 1443 1228 1507 ha·

94 1549 165 1614 bita
189 1551 277 1634 ipsos
302 1549 499 1616 hereditarie
534 1551 775 1636 contingentem
801 1573 874 1616 cum
891 1600 897 1616 .
915 1599 922 1616 .
937 1551 1008 1614 iure
1033 1555 1227 1634 patronatus

96 1658 231 1722 ecclesie
256 1660 291 1723 in
307 1659 420 1724 eadem
435 1661 635 1744 possessione
652 1659 787 1725 habite.
804 1710 810 1725 .
827 1681 886 1743 pro
912 1657 1000 1723 dicta
1027 1657 1228 1723 dimidietate

98 1767 308 1850 possessionis
323 1773 500 1833 memorate
519 1767 679 1852 Harkyan
704 1772 817 1834 vocate
834 1817 840 1832 .
858 1817 865 1832 .
881 1767 942 1850 ipsi
967 1766 1077 1831 comiti
1102 1764 1231 1849 Tepsen

100 1895 220 1959 genero
235 1877 380 1959 ipsorum
396 1875 556 1940 dederunt
572 1883 604 1942 et
631 1875 838 1942 tradiderunt
854 1925 861 1940 .
878 1925 884 1940 .
901 1874 1027 1940 Datum
1053 1875 1087 1938 in
1102 1873 1233 1957 Wysse-

102 1981 192 2066 grad,
218 1983 252 2047 in
279 1983 440 2051 dominica
465 1985 643 2068 Invocavit‚
677 2005 762 2049 anno
788 1983 910 2049 domini
936 1981 990 2047 Μ0
1016 1977 1118 2048 0000
1143 1979 1235 2045 XX⁰

104 2091 228 2173 quinto.

213 2255 238 2304 A
252 2255 329 2305 vdent
342 2256 529 2320 kdptelannek
542 2254 702 2320 ngyancsek
718 2257 795 2304 1325.
809 2258 891 2304 mart
905 2253 967 2302 ten
990 2252 1118 2302 Benedek
1142 2252 1236 2302 olvasd

107 2346 238 2396 kanonok
251 2347 318 2398 eltal
332 2345 783 2408 kiallltottedroltbol,1nelynek
808 2344 894 2408 vdgen
917 2360 934 2394 a
956 2342 1068 2408 prepost
1082 2343 1110 2394 ds
1124 2358 1141 2392 a
1153 2343 1240 2392 lano·

108 2437 201 2488 nokols
214 2436 262 2500 lgy
274 2437 453 2486 neveztetnek
467 2450 545 2500 meg:
562 2435 732 2485 »Laurencio
748 2435 856 2498 prelato
868 2437 973 2494 nostre,
987 2433 1128 2495 Stephano
1141 2445 1240 2496 prepo-

109 2531 168 2590 sito,
180 2529 317 2578 Detinaro
330 2531 451 2587 cantore,
470 2525 620 2575 Benedicto
640 2524 759 2586 custode,
782 2524 868 2574 Paulo
882 2523 1028 2586 Weciensi,
1050 2523 1178 2572 «Iohanne
1191 2521 1241 2569 Pe-

110 2621 214 2680 stiensi,
240 2617 381 2682 Stephano
415 2615 641 2680 Ohsngrediensi,
674 2615 802 2664 Johannc
833 2613 866 2663 ds
889 2613 997 2662 Zolnuk
1029 2609 1241 2672 archidiaconis,

110 2711 244 2776 magistro
256 2709 332 2761 Iwen
345 2712 451 2758 rectore
472 2706 554 2756 misse
576 2704 776 2755 matutinalis.‹
800 2703 874 2752 Ezen
896 2703 980 2752 sitiret
1002 2701 1240 2752 utdbb1358-ben

111 2801 216 2850 evdczi
228 2799 362 2864 keptalan
385 2799 452 2848 attat
476 2795 556 2846 ismet
578 2795 714 2856 atlintott,
737 2793 865 2857 melynek
888 2792 1016 2856 e1·edetije
1039 2789 1242 2840 leltaltlhatda

112 2889 180 2940 dei
191 2889 300 2953 Balogh
314 2903 349 2941 cs.
361 2890 434 2938 lban.

631 3047 756 3054 ...-.—---

645 3285 718 3348 162.

120 3454 212 3517 1325.
228 3461 324 3516 mart.
344 3451 371 3514 7.
389 3447 418 3513 A
431 3447 590 3534 pozsooyi
608 3445 769 3534 lectptalee
789 3442 910 3509 Miklo's
922 3438 1247 3526 pazsoopifdispdo·

120 3561 182 3624 nole
198 3559 324 3646 jelenti,
348 3561 429 3644 kopp
452 3557 503 3620 ke't
528 3553 701 3619 ceollo'lcb'zi
725 3548 962 3637 szotyade'ro'oal
977 3548 1125 3631 bizotsyos
1144 3546 1247 3610 halal·

119 3669 292 3734 eetosltodo's
317 3667 456 3753 ityydben
476 3663 627 3750 Elesetnti
643 3665 776 3746 Mdtyo's
792 3659 914 3723 sdszds'e
932 3655 1035 3720 Kene'z
1052 3677 1154 3719 comes
1171 3653 1246 3717 olleo

468 3797 490 3837 a
505 3771 694 3857 viaspo‘latol
710 3768 905 3853 teljese'ttette.

224 3935 364 4002 Nicolao
375 3934 485 4000 comiti
495 3931 684 3999 Posoniensi
695 3927 874 4013 capitulum
882 3924 945 3990 loci
956 3921 1116 3988 eiusdem.
1133 3969 1140 3984 .
1157 3939 1251 3984 nove·

123 4045 193 4110 ritis
207 4045 292 4129 quod
301 4066 391 4110 nos..
403 4064 475 4108 cum
484 4042 614 4108 homine
623 4043 730 4106 vestro
740 4035 765 4102 J
767 4035 868 4101 ecobo
878 4031 1031 4100 videlicet
1041 4027 1108 4093 filio
1118 4023 1253 4091 Andrce

37 4191 38 4243 p
124 4153 164 4218 de
175 4150 305 4238 Ohcpen
315 4151 455 4218 etPetro
465 4149 533 4216 filio
544 4149 683 4215 Martini
694 4147 734 4212 de
743 4143 909 4210 Werekne
920 4141 960 4206 de
969 4157 1103 4204 numero
1111 4139 1254 4220 quatuor

123 4261 263 4327 iudicum
273 4261 429 4326 nobilium
441 4259 480 4323 de
491 4256 671 4324 Chellckuz
681 4307 688 4321 .
700 4307 707 4322 .
718 4255 744 4320 J
745 4253 882 4320 acobum
891 4253 1050 4315 rectorem
1061 4244 1194 4309 ecclesie
1210 4241 1250 4306 de

125 4369 240 4435 Zowor
255 4419 262 4436 .
278 4419 286 4434 .
301 4369 452 4435 duximus
478 4364 707 4430 destinandum
733 4361 775 4428 ad
791 4358 957 4426 sciendum
974 4359 1007 4420 et
1022 4348 1251 4436 inquirendum

40 4455 43 4524 l
125 4483 234 4544 utrum
244 4497 347 4543 comes
357 4475 470 4541 Kenez
481 4475 630 4540 comitem
645 4470 818 4554 Mathyam
835 4467 874 4532 de
889 4463 1056 4547 Elephant
1071 4461 1105 4524 in
1122 4458 1257 4543 proprie

126 4587 337 4671 possesssione
360 4605 419 4650 sua
434 4584 492 4649 lite
509 4581 763 4668 inpignoraverit
792 4575 954 4662 pendente
970 4573 1056 4636 inter
1073 4589 1126 4633 eos
1142 4567 1192 4631 vel
1207 4587 1257 4647 ne,

127 4696 184 4778 qni
210 4693 301 4760 homo
316 4699 421 4762 vester
438 4693 583 4761 ethome
600 4697 743 4777 quatuor
758 4687 901 4754 iudicum
921 4678 1078 4746 nobilium
1095 4679 1260 4818 sc*noster

1090 4788 1130 4849 12
