3240 5460
343 423 385 486 70
696 433 883 480 anrounour
900 420 1116 478 curritur'rln.

340 599 443 664 dictos
460 598 657 662 scismaticos
674 602 750 660 aute
766 617 876 660 omnes
892 596 973 660 alios
993 617 1065 660 cum
1086 596 1151 660 suis
1168 593 1365 660 transeundo
1382 615 1472 658 exer-

341 707 420 771 citui
445 713 555 772 nostro
581 705 757 769 transitum
782 725 837 768 seu
862 687 980 768 vadum
1006 725 1155 768 securum
1180 704 1383 788 preparavit3
1415 701 1473 767 ubi

340 813 447 878 studio
463 812 648 878 fidelissimo
667 819 808 877 castrum
825 811 969 877 Machou
989 834 1061 877 cum
1078 813 1143 878 suis
1159 813 1281 878 viribus
1297 818 1329 876 et
1344 811 1473 877 actibus

339 923 499 988 bellicosis
515 923 549 987 in
564 923 679 988 maiori
702 928 797 1006 parte
813 923 983 1006 occupavit
1008 927 1040 986 et
1057 923 1102 986 sic
1127 921 1260 1005 grandis
1285 920 1424 984 materia
1441 925 1474 984 et

341 1053 438 1098 causa
455 1030 600 1096 scandali
616 1032 719 1096 nostri
734 1031 825 1114 regni
840 1030 1003 1095 mediante
1019 1029 1162 1095 eiusdem
1177 1030 1326 1112 magistri
1341 1027 1474 1094 Nicolai

340 1139 429 1204 fideli
453 1141 632 1205 ministerio
658 1140 799 1223 quodam
818 1139 913 1204 modo
931 1147 978 1204 est
994 1139 1125 1222 sedata;
1151 1146 1294 1204 ceterum
1310 1137 1385 1203 dum
1402 1139 1473 1220 qui-

342 1249 418 1315 dam
434 1250 572 1317 barones
587 1249 764 1315 theotonici
781 1248 820 1312 de
836 1245 974 1314 Austris
984 1249 1155 1334 prebentes
1171 1249 1328 1314 auxilium
1338 1245 1474 1312 Andree

341 1358 410 1424 filio
427 1357 580 1443 Gregorii
596 1365 705 1424 nostre
722 1359 885 1424 maiestati
901 1359 1073 1423 rebellanti
1100 1356 1238 1423 confinia
1263 1359 1354 1442 regni
1370 1356 1475 1420 nostri

340 1467 532 1532 invasissent
558 1467 768 1549 civitatesque
794 1473 826 1530 et
852 1467 971 1552 oppida
1005 1467 1246 1551 quamplurima
1265 1487 1304 1530 ac
1329 1464 1476 1528 fidelium

341 1581 525 1640 nostrorum
540 1575 754 1658 possessiones
769 1573 881 1639 hostili
896 1574 1016 1639 invidia
1026 1572 1156 1659 perflati
1167 1573 1361 1638 crudelitate
1373 1573 1476 1637 tiran-

342 1683 415 1746 nica
432 1681 652 1748 devastassent
677 1689 710 1747 et
725 1685 855 1768 penitus
872 1682 1078 1766 desolasscnt,
1104 1681 1189 1747 idem
1205 1682 1360 1764 magister
1375 1679 1476 1746 Nico-

341 1790 414 1874 laus
430 1791 499 1856 zelo
514 1790 682 1856 fidelitatis
699 1797 844 1857 armatus
861 1814 933 1856 cum
950 1793 1015 1856 suis
1042 1797 1076 1855 et
1100 1791 1294 1874 quibusdam
1310 1790 1382 1854 aliis
1397 1787 1477 1854 fide-

342 1896 428 1963 libus
444 1899 561 1962 nostris
577 1900 611 1963 in
627 1921 795 1964 occursum
813 1899 999 1965 eorumdem
1023 1898 1167 1963 hostium
1192 1903 1378 1962 nostrorum
1401 1917 1477 1980 pro·

343 2007 437 2071 cessit
453 2011 485 2070 et
502 2027 575 2071 cum
602 2007 646 2070 eis
671 2007 807 2071 viriliter
833 2006 1016 2087 dimicavit;
1040 2007 1075 2070 in
1100 2003 1298 2090 quoquidem
1323 2003 1478 2070 conflictu

343 2113 421 2179 deus
446 2114 612 2179 ulcionum
628 2121 660 2180 et
677 2115 825 2181 dominns
841 2117 1041 2180 exercituum
1058 2137 1096 2178 ex
1112 2115 1180 2178 alto
1200 2113 1397 2198 prospiciens
1412 2113 1477 2195 ipsi

343 2223 500 2306 magistro
515 2221 653 2288 Nicolao
670 2225 870 2308 triumphum
888 2225 1026 2290 contulit
1042 2229 1075 2288 et
1090 2224 1259 2288 victoriam
1277 2221 1478 2287 laudabilem

343 2336 567 2414 peroptatam
605 2331 660 2396 ubi
695 2334 809 2398 ceteris
843 2333 1036 2403 theotonicis
1060 2331 1231 2415 prostratis
1256 2337 1290 2394 et
1316 2331 1395 2394 cesis
1421 2352 1478 2394 sex

342 2438 479 2504 barones
509 2441 749 2523 potentissimos
779 2441 902 2507 scilicet
933 2439 1094 2508 Scedeker
1127 2437 1299 2506 Gelleuser
1324 2437 1478 2504 Pronnar

343 2545 491 2630 Pregnar
506 2544 768 2631 Wyrdusmodar
784 2556 817 2614 et
838 2549 1041 2632 Preghamar
1057 2549 1239 2614 nominatos
1256 2553 1288 2611 et
1305 2552 1478 2612 strennuos

343 2655 462 2720 milites
478 2655 581 2738 partis
596 2656 729 2720 adverse
746 2658 930 2740 captivavit,
956 2679 1036 2740 quos
1062 2678 1135 2722 cum
1162 2656 1334 2720 dextrariis
1350 2655 1478 2720 vexillis

344 2768 377 2828 et
393 2761 491 2826 armis
506 2762 702 2828 militaribus
718 2764 753 2827 in
777 2765 906 2847 signum
931 2764 1065 2828 victorie
1090 2769 1199 2829 nostre
1223 2763 1389 2826 maiestati
1404 2783 1479 2846 pre·

343 2869 491 2952 sentavit,
516 2891 574 2952 per
598 2870 685 2954 quod
710 2877 816 2936 status
840 2872 941 2956 regni,
973 2871 1091 2955 regalis
1115 2871 1219 2936 honor
1245 2876 1278 2934 et
1304 2870 1479 2953 imperium

343 2984 490 3043 nostrum
521 2999 586 3043 nou
617 2979 777 3044 modicum
808 2981 923 3044 sumsit
946 2980 1197 3063 incrementum,
1222 2985 1372 3063 preterea
1402 2999 1480 3042 cum

343 3085 500 3150 Mothous
516 3083 602 3150 filius
617 3085 710 3151 Petri
726 3086 766 3151 de
783 3085 947 3153 Trenchul
973 3087 1138 3170 quondam
1162 3086 1302 3153 infidelis
1318 3091 1428 3151 noster
1444 3087 1479 3150 in

344 3191 538 3260 infidelitate
563 3215 622 3258 sua
646 3196 747 3260 vitam
775 3193 938 3279 finivisset,
964 3197 1032 3279 ipse
1058 3197 1213 3278 magister
1228 3195 1386 3260 Nicolaus
1404 3215 1480 3260 cum

256 3295 259 3301 ’
345 3303 410 3368 suis
425 3303 459 3366 in
475 3307 597 3366 terram
613 3303 691 3368 dicti
707 3303 834 3368 Mathei
850 3303 1025 3368 inmediate
1037 3308 1188 3388 potenter
1203 3304 1327 3387 primus
1343 3303 1481 3367 intravit

345 3415 378 3476 et
408 3415 584 3492 antequam
618 3432 676 3474 nos
706 3411 999 3494 supervenissemus
1033 3417 1176 3494 quatuor
1201 3416 1309 3474 castra
1334 3410 1480 3474 eiusdem

346 3517 482 3600 Mathei,
499 3513 594 3601 Opon
611 3516 726 3601 Grogh
742 3517 871 3600 Preuge
888 3525 921 3582 et
936 3517 1104 3602 Baymaclr
1121 3523 1245 3600 vocata,
1261 3518 1390 3600 ingenio
1406 3540 1482 3601 pro-

344 3627 416 3709 prio
441 3630 475 3689 et
499 3627 674 3710 probitatis
690 3649 746 3692 sue
773 3628 893 3692 milicia
918 3628 1097 3710 occupavit,
1123 3648 1186 3710 que
1211 3625 1343 3691 tandem
1369 3633 1482 3691 nostre

344 3734 507 3800 maiestati
523 3733 663 3799 fideliter
687 3735 871 3819 assignavit,
896 3757 954 3818 per
978 3733 1066 3817 quod
1091 3757 1201 3800 omnes
1226 3735 1283 3799 alii
1309 3735 1483 3800 castellani

345 3844 414 3908 eius
430 3865 494 3908 nou
511 3841 708 3907 confidentes
723 3863 815 3926 posse
841 3843 932 3907 nobis
958 3843 1107 3906 resistere
1133 3842 1176 3906 ad
1201 3849 1346 3908 nostram
1370 3844 1482 3908 venire

344 3951 489 4034 graciam
505 3952 683 4015 necessario
700 3957 776 4016 sunt
792 3951 904 4034 coacti,
922 3951 1015 4014 etsie
1031 3956 1145 4015 tenuta
1155 3951 1256 4035 ipsius
1265 3949 1396 4016 Mathei
1405 3959 1483 4035 post

346 4057 396 4122 dei
412 4057 611 4122 adiutorium
635 4058 736 4142 ipsius
761 4059 909 4142 magistri
934 4057 1064 4123 Nicolai
1089 4057 1177 4123 fideli
1202 4060 1335 4124 servicio
1362 4066 1395 4123 ct
1410 4060 1483 4126 lau-

346 4164 447 4229 dabili
478 4166 642 4248 probitate
669 4168 779 4232 extitit
804 4167 896 4232 nobis
922 4173 1113 4250 recuperata
1139 4172 1171 4231 et
1196 4173 1307 4232 nostro
1331 4171 1483 4252 regimini

346 4271 542 4354 subiugata.
560 4325 566 4338 .
583 4273 708 4338 Datum
723 4294 781 4358 per
797 4295 910 4337 manus
930 4273 1060 4338 discreti
1077 4275 1136 4338 viri
1163 4275 1311 4358 magistri
1330 4273 1483 4340 Ladizlai

346 4383 501 4464 prepositi
527 4383 659 4446 ecclesis
675 4379 829 4446 Albensis
854 4383 928 4445 aule
951 4387 1061 4446 nostre
1086 4383 1343 4446 vicecancellarii
1370 4382 1486 4448 dilecti

348 4493 381 4552 et
402 4487 506 4554 fidelis
530 4490 641 4572 nostri,
667 4511 751 4554 anno
777 4489 898 4554 domini
922 4488 1093 4557 100000ο
1118 4488 1211 4554 XX⁰
1226 4491 1337 4566 tercio,
1362 4499 1485 4574 quarto

347 4596 503 4662 kalendas
526 4594 660 4681 Aprilis,
685 4599 776 4681 regni
802 4604 911 4663 autern
936 4599 1038 4664 nostri
1064 4620 1149 4664 anno
1165 4599 1314 4665 similiter
1328 4600 1485 4683 vigesimo
