3240 5460
354 413 394 477 32
707 429 894 477 1111111111
911 417 1127 478 1111111111.

351 592 530 675 preiudicia
545 592 679 657 iniurias
699 598 732 657 et
742 591 867 658 excidia
877 597 975 678 atque
985 593 1119 659 vulnera
1130 613 1261 658 suorum
1275 589 1487 674 iobagionum

352 707 526 784 expectans
542 700 604 766 sibi
619 707 745 786 tempus
761 702 888 767 iusticie
905 703 1074 787 provenire
1090 703 1149 767 sub
1161 701 1293 767 silencio
1304 721 1362 785 per
1372 721 1486 784 quam-

348 809 561 893 plurimorum
578 814 760 892 temporum
777 810 938 875 curricula
948 809 1181 894 subportasset,
1190 815 1364 894 postquam
1374 813 1486 872 autem

349 917 491 984 eiusdem
507 917 612 982 divine
638 919 771 1002 pietatis
795 919 1018 984 misericordia
1042 919 1205 984 illustrem
1230 919 1409 1003 principem
1428 914 1485 979 do-

347 1028 470 1091 minum
496 1033 644 1092 nostrum
669 1025 833 1094 Karolum
858 1049 968 1110 regem
994 1027 1035 1093 ab
1060 1029 1155 1093 avitis
1182 1027 1306 1093 laribus
1330 1030 1365 1092 in
1388 1025 1485 1108 regni

348 1135 465 1200 solium
496 1140 643 1200 vocasset
668 1141 700 1199 et
727 1127 880 1200 coronam
905 1141 937 1200 et
962 1135 1063 1219 ipsius
1088 1135 1208 1201 domini
1233 1135 1337 1200 nostri
1362 1133 1485 1216 regalis

348 1243 523 1308 clemencia
539 1243 688 1308 culminis
705 1242 748 1308 ad
764 1243 893 1308 laudem
904 1243 1064 1309 bonorum
1074 1243 1313 1326 vindictamque
1323 1242 1485 1306 malorum

347 1350 448 1435 gladii
465 1373 485 1416 a
501 1349 630 1415 domino
646 1351 820 1433 recepisset
836 1355 1042 1435 potestatem,
1068 1351 1147 1435 ipsis
1173 1351 1332 1436 Ropheyn
1348 1352 1433 1416 bano
1451 1356 1486 1416 et

347 1457 505 1524 Ladislao
531 1458 616 1523 111111
641 1457 789 1523 universe
815 1459 921 1524 carnis
946 1457 1202 1542 ingredientibus
1227 1463 1485 1544 prememoratus

348 1567 448 1632 Dwsa
472 1565 638 1650 palatinus
663 1566 742 1631 iuris
767 1567 910 1650 vigorem
934 1565 1049 1632 florere
1074 1567 1273 1652 conspiciens
1298 1566 1486 1634 Samuelem

347 1676 484 1741 fratrem
499 1676 602 1760 ipsius
618 1674 775 1760 Ladislai,
791 1677 868 1759 quia
892 1677 1040 1742 universe
1064 1677 1282 1762 possessiones
1307 1679 1409 1762 ipsius
1424 1699 1487 1762 per

348 1787 454 1870 ipsum
470 1783 652 1851 Samuelem
669 1783 908 1868 detinebantur,
925 1787 1029 1870 primo
1056 1807 1140 1851 anno
1167 1784 1288 1852 domini
1312 1784 1366 1850 M⁰
1382 1783 1487 1850 000⁰

348 1893 440 1959 XX⁰
456 1894 499 1958 ad
514 1899 645 1959 octavas
662 1892 751 1958 beati
760 1892 933 1959 Michaelis
943 1893 1134 1977 archangeli
1150 1893 1192 1959 ad
1204 1892 1384 1977 quindenas
1393 1894 1486 1960 beati

348 2002 488 2068 Martini
504 2001 693 2068 contessoris
709 2001 855 2084 legitima
872 2003 1029 2068 1111111111
1045 2003 1133 2068 facta
1143 2004 1235 2068 iuxta
1245 2001 1485 2068 continenciam

348 2112 533 2177 litterarum
558 2111 781 2176 citatoriarum
807 2111 942 2194 capituli
967 2109 1146 2195 Agriensis,
1173 2111 1277 2176 denuo
1305 2117 1416 2176 autem
1441 2111 1486 2178 ad

349 2225 480 2286 octavas
495 2217 680 2302 Epiphanio
696 2217 818 2283 domini
833 2219 925 2284 iuxta
950 2220 1187 2285 continenciam
1212 2225 1245 2284 11
1268 2224 1414 2284 tenorem
1429 2219 1486 2284 111

347 2334 493 2393 terarum
524 2327 657 2411 capituli
688 2326 914 2392 Waradiensis
946 2328 1105 2412 condigna
1136 2327 1368 2394 ammonicione
1393 2328 1486 2394 faeta

348 2434 491 2517 legitime
515 2436 551 2500 in
576 2455 707 2500 causam
733 2436 887 2519 evocavit,
911 2439 1009 2518 prout
1033 2434 1160 2518 plenius
1185 2437 1295 2502 littere
1320 2435 1486 2502 dictorum

349 2543 564 2627 capitulorum
582 2547 614 2607 11
638 2547 749 2608 nostre
773 2563 833 2626 per
857 2542 962 2625 ipsum
986 2541 1172 2608 Johannem
1198 2543 1419 2611 demonstrate
1435 2567 1485 2611 se-

347 2652 428 2716 riem
459 2651 607 2734 premissi
636 2650 764 2734 negocii
787 2650 914 2733 plenius
940 2647 1023 2736 (igy)
1050 2651 1267 2735 explicabant.
1299 2651 1485 2720 Teneribns

348 2765 457 2824 autem
472 2761 702 2844 promissarum
719 2760 906 2825 litterarum
934 2767 966 2824 et
991 2761 1194 2844 processibus
1221 2762 1382 2828 dictarum
1409 2785 1485 2829 cau-

348 2889 456 2933 sarum
487 2869 628 2934 breviter
661 2869 843 2950 compilatis
873 2869 1045 2934 iamdictus
1077 2869 1246 2935 dohannes
1273 2873 1486 2955 quamplures

347 2977 475 3042 litteras
490 2982 620 3041 nostras
637 2976 916 3060 capitulorumque
933 2975 1159 3043 Waradieusis
1176 2983 1208 3042 11
1224 2975 1396 3061 Agriensis
1411 2999 1485 3061 pre-

348 3086 488 3152 sentavit
504 3105 566 3168 que
582 3085 669 3150 inter
685 3090 794 3150 cetera
810 3084 1031 3169 declarabant,
1048 3087 1136 3170 quod
1152 3108 1224 3151 oum
1242 3108 1302 3152 nos
1317 3087 1487 3171 premissis

348 3195 484 3260 evolutis
501 3193 616 3258 seriem
632 3193 777 3258 omnium
792 3195 1023 3278 premissorum
1041 3195 1160 3260 litteris
1176 3196 1295 3261 nostris
1311 3193 1487 3260 inserendo

347 3324 406 3387 per
430 3302 593 3368 hominem
619 3301 740 3368 domini
765 3303 869 3368 nostri
894 3304 981 3387 regis
1007 3303 1066 3369 sub
1098 3304 1198 3388 ipsius
1225 3303 1359 3386 capituli
1383 3301 1489 3386 Agri-

348 3412 432 3476 ensis
449 3412 632 3478 testimonio
649 3413 786 3478 totalem
803 3413 1091 3496 possessionariam
1116 3413 1216 3496 ipsius
1241 3412 1389 3478 Ladislai
1409 3433 1490 3496 por-

348 3520 472 3584 cionem
505 3521 540 3584 in
574 3517 744 3604 Gyungus,
775 3518 895 3604 Sadan,
930 3519 1021 3585 Bene
1056 3527 1089 3585 et
1123 3521 1157 3584 in
1189 3521 1262 3586 aliis
1287 3520 1426 3586 ubilibet
1452 3521 1491 3585 in

347 3649 448 3711 regno
463 3625 636 3711 Hungarie
662 3628 768 3711 ipsum
794 3630 1036 3712 contingentem
1061 3635 1229 3712 tamquam
1252 3629 1398 3712 legitime
1414 3650 1492 3694 sen-

347 3736 482 3802 tenciati
506 3736 540 3800 in
565 3734 690 3801 duabus
716 3735 866 3819 partibus
891 3737 1049 3820 magistro
1075 3735 1139 3801 Wz
1164 3736 1288 3801 homini
1314 3742 1425 3802 nostro
1452 3739 1492 3802 in

347 3845 451 3910 tercia
466 3866 541 3911 vero
567 3851 660 3929 parte
686 3843 814 3929 prefato
840 3845 932 3910 Dosa
957 3845 1105 3929 palatino
1130 3852 1286 3929 perpetuo
1311 3847 1493 3913 statuendo

348 3954 509 4037 assignari
523 3953 712 4019 fecissemus
724 3950 756 4040 ²¹³)
783 3959 815 4018 et
840 3955 911 4038 ipsa
928 3975 1027 4019 causa
1051 3976 1110 4037 pro
1135 3975 1172 4019 eo
1199 3953 1277 4037 quia
1302 3952 1494 4037 sepedictus

347 4059 478 4127 Samuel
493 4061 655 4127 hominem
681 4061 803 4127 domini
827 4065 915 4146 regis
941 4068 974 4128 et
998 4063 1217 4127 testimonium
1243 4061 1323 4126 dieti
1350 4063 1496 4146 capituli

347 4169 566 4255 officialesque
597 4171 715 4237 Dowse
746 4172 885 4254 palatini
917 4177 950 4236 et
975 4176 1123 4236 nostrum
1151 4192 1216 4236 non
1242 4170 1387 4252 legitime
1413 4193 1496 4255 pro-

346 4277 486 4345 hibendo
503 4301 524 4345 a
542 4280 674 4345 statutis
698 4280 953 4364 possessionibus
970 4280 1161 4362 excluserat,
1188 4278 1368 4344 diutissime
1383 4283 1495 4348 venti—

347 4386 416 4454 lata
441 4388 610 4473 extitisset,
635 4389 713 4455 licet
744 4389 848 4456 denuo
873 4391 952 4456 iuris
983 4390 1114 4456 tramite
1138 4411 1204 4456 non
1230 4409 1362 4454 excessa
1386 4409 1494 4474 agno-

351 4548 564 4560 nur——

454 4605 480 4668 *)
494 4605 524 4655 L.
538 4607 671 4670 Lampert
683 4620 753 4656 orsa.
766 4607 827 4657 blro
839 4607 938 4658 leveltt
950 4610 1026 4658 1³22.
1036 4608 1100 4674 maj.
1112 4609 1210 4672 21-rol,
1230 4605 1346 4656 idntebb
1360 4610 1400 4658 15.
1411 4621 1450 4658 sz.
1462 4623 1491 4662 τι.
