3132 5470
569 453 662 514 1327.
678 465 750 515 run.
766 449 795 512 4.
1190 455 1255 516 295

120 631 220 698 arbor
236 632 321 698 tulsa
336 654 395 716 pre
419 636 506 696 meta
531 632 705 714 assignata,
731 627 940 713 exeundoque
966 629 1006 696 de
1037 629 1134 698 fluvio
1166 631 1256 697 etde

120 762 253 807 nemore
278 740 384 806 tendit
409 759 518 805 versus
544 737 680 804 eandem
704 743 833 821 partem
858 743 891 802 et
916 739 1062 804 escendit
1087 738 1129 803 ad
1156 761 1257 804 uuum

120 855 269 915 montem
285 850 397 933 ibique
406 849 440 913 in
455 869 592 913 ascensu
607 846 726 912 montis
738 851 786 910 est
806 850 893 910 meta
909 846 1181 930 zylhatarvocata
1192 869 1256 931 que

120 957 247 1023 scilicet
262 963 350 1022 meta
366 962 497 1041 separat
513 977 534 1020 a
550 960 638 1020 terra
653 952 785 1039 Dalyan
802 959 976 1037 prenotata
1007 977 1027 1019 a
1051 961 1145 1038 parte
1161 957 1256 1020 meri-

121 1065 256 1148 dionali,
274 1070 308 1132 ct
332 1063 448 1130 deiude
482 1063 597 1149 incipit
622 1069 733 1138 tenere
766 1065 870 1126 metas
905 1084 977 1128 curu
1003 1063 1081 1128 villa
1097 1062 1253 1148 Pesthen,

120 1173 329 1240 ascendendo
344 1174 387 1239 ad
402 1179 546 1240 montem
562 1171 652 1238 radit
677 1177 791 1237 contra
807 1170 1006 1238 occidentem
1022 1172 1080 1238 ubi
1103 1179 1178 1238 suut
1194 1173 1256 1240 due

122 1287 210 1348 mete
230 1289 333 1348 terreo
344 1281 536 1348 circumfuso
553 1302 691 1365 quarum
701 1301 766 1345 una
776 1285 907 1363 separat
922 1286 1044 1346 terram
1060 1280 1204 1348 Pesthcn
1222 1287 1256 1347 et

120 1393 187 1456 alia
213 1385 483 1474 terram‘Olpug,
508 1388 628 1456 abhinc
661 1389 776 1472 incipit
801 1393 905 1454 metas
930 1395 1042 1454 tenere
1068 1411 1141 1455 cum
1167 1397 1256 1458 terra

118 1499 196 1564 ville
212 1497 331 1564 Ladan
347 1497 389 1563 ad
405 1497 540 1562 eandem
556 1502 682 1582 partem
708 1496 764 1562 ubi
780 1517 814 1562 se
829 1497 927 1562 vertit
942 1517 1001 1580 per
1017 1497 1153 1564 eundem
1164 1521 1253 1564 mon·

120 1615 186 1673 tem
202 1627 316 1671 versus
332 1607 595 1689 septemtrionem
620 1610 653 1670 et
668 1605 814 1688 pervenit
837 1605 881 1670 ed
905 1605 986 1671 duas
1010 1611 1114 1672 metas
1130 1611 1253 1673 terreae

118 1737 264 1802 quarum
280 1714 376 1779 unius
391 1719 475 1780 mete
491 1714 525 1779 in
541 1712 646 1778 medio
662 1719 738 1778 sunt
763 1712 826 1778 due
854 1713 985 1779 arbores
1016 1713 1109 1797 tulta,
1135 1713 1251 1780 deiude

117 1824 229 1890 tendit
245 1844 355 1889 versus
371 1823 505 1888 eandem
521 1827 650 1906 partem
673 1821 716 1886 ad
742 1842 838 1886 unam
854 1822 940 1888 viam
954 1823 1046 1888 iuxta
1063 1845 1161 1907 quam
1178 1829 1258 1890 sunt

117 1932 181 1997 due
191 1937 282 1997 mete
298 1937 402 1996 terree
418 1952 490 1998 cum
506 1929 677 1996 arboribus
702 1927 793 2014 tulis,
825 1929 945 1996 abhinc
963 1931 1055 1996 vadit
1071 1931 1193 1998 directe
1211 1932 1254 1998 ad

116 2039 258 2106 eandem
274 2044 401 2123 partem
416 2039 627 2124 pervenitque
651 2037 694 2104 ad
719 2060 817 2103 uuam
842 2046 963 2104 metam
981 2045 1120 2106 terream
1136 2043 1171 2106 in
1187 2063 1253 2125 qua

118 2154 170 2214 est
186 2147 290 2213 arbor
314 2145 407 2230 tulis,
437 2146 556 2214 abhinc
572 2146 678 2213 tendit
693 2169 802 2212 versus
829 2147 963 2213 eandem
987 2153 1116 2233 partem
1132 2154 1165 2214 et
1180 2171 1252 2234 per·

117 2257 210 2322 venit
238 2256 392 2342 similiter¹
413 2255 455 2320 ad
481 2255 562 2321 duas
586 2261 688 2321 metas
714 2261 845 2342 terreas,
871 2255 987 2322 deiude
1013 2255 1180 2323 descendit
1206 2257 1249 2323 ad

114 2366 240 2432 vallem
266 2369 299 2429 et
324 2364 470 2429 ascendit
495 2364 538 2429 ad
562 2386 661 2429 uuam
685 2371 806 2429 metam
823 2369 965 2430 terream
982 2364 1023 2430 ad
1039 2348 1182 2432 montem
1198 2366 1254 2432 ubi

116 2473 271 2559 pervenit
287 2472 331 2537 ad
346 2471 496 2539 arborem
511 2471 670 2556 kertyani,
701 2477 776 2556 post
801 2469 862 2536 hec
886 2471 1053 2538 descendit
1069 2473 1111 2538 ad
1128 2473 1250 2539 dictam

116 2589 246 2648 terram
270 2578 542 2666 Vynergespotok
567 2585 600 2644 et
626 2580 745 2644 transit
760 2581 866 2663 ipsum
892 2580 993 2664 potok
1018 2581 1074 2647 ubi
1100 2587 1175 2647 suut
1191 2583 1254 2648 due

114 2697 204 2756 mete
223 2695 329 2754 terrea
345 2689 386 2753 de
401 2709 483 2754 novo
508 2693 614 2753 erecte
639 2689 732 2753 iuxta
763 2693 888 2754 veteres
912 2695 1024 2773 metas,
1051 2689 1167 2756 deinde
1183 2711 1255 2774 gra-

115 2799 213 2864 diens
242 2797 363 2863 directe
389 2801 518 2880 separat
542 2801 664 2861 terram
689 2795 859 2880 Vynerges
885 2819 905 2861 a
929 2803 1019 2862 terra
1043 2793 1190 2880 Onerges
1206 2798 1254 2863 ita

113 2911 274 2976 videlicet
300 2909 387 2993 quod
411 2914 553 2992 aparte
578 2907 772 2974 occidentali
798 2913 847 2972 est
873 2913 962 2974 terre
978 2905 1123 2991 Onergcs
1139 2912 1255 2974 vocata

113 3019 213 3085 Petn'
240 3016 299 3082 filii
325 3017 429 3102 Byter
454 3022 594 3100 aparte
619 2999 694 3080 vero
719 3015 871 3081 orientali
896 3021 946 3080 est
970 3021 1058 3082 terra
1082 3015 1253 3101 Vyuerges

113 3133 238 3193 vocata
253 3125 333 3190 dicti
349 3123 451 3190 Teme
466 3123 611 3208 minoda,
630 3130 664 3190 et
680 3125 770 3190 radit
785 3124 881 3190 modo
897 3125 1052 3208 premisso
1069 3125 1110 3190 ad
1125 3129 1254 3208 partem

113 3234 421 3321 septemtrionalem
436 3232 702 3318 ascendendoque
718 3233 760 3298 ad
776 3239 918 3299 montem
933 3232 989 3298 ubi
1005 3239 1081 3298 sunt
1097 3233 1159 3298 due
1169 3239 1254 3298 mete

112 3350 232 3409 terree
250 3342 290 3408 de
307 3362 389 3407 novo
407 3347 514 3407 erecte
527 3332 589 3406 sub
605 3343 721 3407 arbore
731 3362 869 3424 quereus
886 3364 948 3426 que
964 3347 1117 3426 separant
1133 3349 1254 3409 terram

111 3452 229 3519 Zahol
246 3453 295 3516 ita
310 3449 460 3516 videlicet
476 3449 563 3532 quod
579 3473 599 3514 a
615 3455 707 3532 parte
724 3450 879 3516 orientali
895 3455 945 3514 est
960 3455 1049 3515 terra
1065 3447 1247 3535 Wynerges

111 3584 132 3626 a
148 3565 252 3646 parte
268 3580 344 3624 vero
360 3557 554 3624 occidentali
570 3563 619 3622 est
634 3563 723 3623 terra
740 3554 888 3640 Onerges
913 3563 946 3623 et
961 3581 982 3622 a
1005 3564 1099 3643 parte
1116 3563 1252 3642 septem-

108 3667 254 3736 trionali
271 3665 451 3732 remanebit
468 3664 556 3732 dicta
572 3671 660 3732 terra
670 3665 784 3750 Zakol,
803 3665 919 3731 deinde
934 3667 1023 3731 venit
1039 3667 1081 3732 ad
1097 3687 1250 3749 maguam

109 3781 202 3845 riam
221 3782 257 3842 et
272 3797 333 3860 per
347 3775 438 3840 illam
454 3774 602 3840 metatim
628 3774 734 3840 tendit
759 3797 862 3858 usque
887 3775 965 3840 dum
990 3775 1150 3840 vicinatur
1165 3780 1253 3840 terre

108 3887 221 3953 Pelen
239 3883 353 3967 ibique
368 3887 443 3948 sunt
459 3887 526 3948 tres
551 3888 637 3948 mete
653 3890 759 3948 terres
786 3905 848 3966 que
873 3888 1026 3968 separant
1051 3884 1131 3948 istas
1147 3875 1252 3949 terras

109 3994 245 4061 scilicet
260 4015 280 4057 a
295 3996 390 4076 parte
405 3990 662 4074 septemtrionali
673 3997 794 4056 terram
810 3990 915 4057 Zolrol
931 3996 964 4056 et
979 3997 1101 4057 terram
1118 3987 1252 4060 Andree

110 4103 197 4168 dicti
226 4099 339 4166 Lotou
364 4121 384 4164 a
407 4105 502 4183 parte
526 4120 602 4164 vero
629 4100 779 4164 orientali
804 4105 927 4165 terram
953 4099 1055 4166 Peleu
1072 4107 1105 4166 et
1122 4123 1142 4166 a
1157 4106 1251 4184 parte

107 4209 327 4278 meridionali
361 4214 483 4274 terram
517 4207 623 4293 Pugh‚
656 4207 775 4274 abhinc
808 4211 901 4276 iuxta
940 4211 1140 4277 vicinitatem
1165 4215 1252 4275 terre

108 4320 233 4386 Pelem
250 4340 271 4384 o
287 4321 381 4402 parte
397 4316 593 4382 occidentali
618 4315 750 4384 divertit
775 4339 809 4383 se
836 4324 869 4383 et
895 4317 1061 4384 descendit
1086 4318 1252 4384 demente

107 4427 152 4494 ad
169 4431 304 4512 partem
322 4425 568 4492 meridionalem
584 4426 739 4494 veniendo
755 4428 903 4493 metatim
921 4425 963 4492 ad
978 4427 1063 4492 riam
1079 4419 1252 4512 perquam

107 4536 241 4602 transit
268 4533 311 4599 ad
334 4556 434 4599 unum
458 4535 599 4600 rivulum
624 4539 657 4600 ct
681 4556 739 4618 per
764 4535 856 4600 illum
882 4535 1023 4600 rivulum
1048 4533 1252 4619 pervenitad

106 4646 270 4712 arborem
287 4643 388 4709 silicis
404 4647 437 4709 et
453 4643 493 4710 de
509 4643 626 4710 arbore
642 4664 753 4710 versus
766 4643 900 4710 eandem
917 4649 1045 4728 partem
1060 4644 1253 4710 meridiona-
