3132 5470
303 415 368 476 354
655 433 844 480 nnrouuom
860 418 1077 477 oxirinrrin.

302 591 434 686 lendino
451 613 507 658 seu
523 595 631 659 uaeas
648 593 795 678 predicto
813 593 907 659 modo
923 614 981 677 per
998 591 1126 658 eosdem
1143 591 1417 676 comparataspre·

304 703 352 767 oio
362 723 419 768 seu
429 702 664 786 comparandas
673 703 877 786 presentibus
888 702 1008 767 litteris
1018 701 1138 767 nostris
1148 697 1337 784 patentibus
1349 716 1419 760 noro

303 816 337 874 et
361 813 526 876 autentico
542 811 649 894 sigillo
664 817 778 876 nostro
795 810 993 893 consignatis
1009 808 1129 873 eisdem
1154 793 1316 891 perpetuo
1330 801 1420 887 possi·

303 917 424 984 dandas
442 918 676 986 confirmamus.
686 918 813 984 Datum
828 919 861 982 in
872 916 1068 1008 Vyssegrad,
1079 917 1113 980 in
1129 913 1295 979 dominica
1310 909 1421 992 Indica,

305 1049 391 1092 anno
409 1024 530 1093 domini
546 1025 600 1090 Μο
617 1024 719 1092 0000
734 1025 827 1091 XX⁰
843 1030 966 1092 octavo.

413 1190 553 1256 Eredetije
565 1205 683 1256 megvan
706 1191 770 1256 igen
783 1190 958 1254 megrangalt
967 1190 1128 1253 allapotban
1142 1201 1174 1237 az
1188 1199 1260 1236 orsa.
1275 1185 1330 1234 ltdr
1342 1184 1427 1233 kincst.

308 1283 375 1331 oszt.
392 1281 470 1329 Paul.
484 1279 596 1345 Ujhely‚
613 1286 636 1331 1.
656 1285 681 1330 2.
704 1280 771 1342 dipl.
785 1281 816 1329 lt.
833 1283 909 1330 2492.
924 1280 1072 1344 Ugyanazt
1099 1279 1120 1328 Ι.
1142 1277 1226 1340 Lajos
1250 1275 1340 1338 kirtly
1362 1277 1427 1323 1358.

305 1373 373 1434 sept.
388 1369 710 1434 19·enttlrja,melynek
723 1371 853 1435 eredetije
867 1385 984 1434 megvan
997 1373 1142 1434 ugyanott‚
1157 1369 1235 1418 Paul.
1252 1367 1363 1432 Ujhely,
1378 1369 1398 1412 1.
1408 1367 1429 1412 t.

310 1459 379 1524 dipl.
392 1461 423 1510 lt.
439 1465 519 1510 4710.
532 1461 629 1512 szli:
644 1461 748 1512 Vineae
762 1460 863 1510 (labor.

794 1640 952 1649 .-—..-..—

840 1877 914 1938 317.

310 2053 406 2118 1328.
425 2061 518 2117 beart.
535 2055 586 2118 23.
608 2055 632 2118 I.
650 2053 775 2138 Keirolp
792 2055 904 2138 tt‘iolp
921 2021 1178 2140 adomciuplevele
1196 2047 1428 2136 Now-Miletos,

308 2159 527 2260 Now-Ioco,-
538 2163 652 2225 Matha
670 2160 819 2224 Saabolcs
835 2163 1028 2247 odrmopyei‚
1040 2163 1073 2224 e'e
1095 2159 1324 2244 Kerekeppbdz
1335 2157 1429 2220 Bihor

308 2269 489 2352 adr-rnepyei
506 2267 701 2333 ttirototrol
718 2269 827 2333 Do'zea
847 2269 1038 2351 reddorfioi,
1057 2267 1170 2334 Jotat
1196 2267 1314 2330 Pcc'bda
1333 2266 1425 2328 Dora

809 2378 940 2441 restore.

420 2533 567 2600 Karalus
584 2585 591 2600 .
609 2587 616 2602 .
633 2555 690 2600 rex
714 2585 722 2600 .
739 2585 745 2600 .
762 2536 805 2601 ad
830 2539 1052 2602 universorum
1077 2536 1235 2600 noticiam
1254 2585 1261 2598 .
1278 2584 1285 2599 .
1301 2533 1430 2598 volumus

311 2643 487 2726 pervenire,
513 2643 601 2729 quod
615 2644 740 2710 nobiles
765 2647 895 2711 iuvenes
920 2645 1069 2710 Jacobus
1096 2650 1129 2711 et
1153 2644 1283 2710 Paulus
1308 2661 1429 2709 unacum

311 2745 425 2813 Dousa
440 2752 575 2834 paruulo
591 2751 692 2817 fratre
719 2775 829 2819 eorum
844 2752 904 2819 filii
922 2754 1088 2838 quondam
1104 2753 1222 2818 Dousa
1239 2752 1375 2838 palatini
1388 2749 1427 2814 di·

312 2853 390 2918 lecti
406 2862 438 2921 et
453 2856 563 2924 fideles
580 2861 684 2924 nostri
699 2861 742 2925 ad
758 2868 906 2928 nostram
921 2861 1116 2927 accedentes
1126 2861 1332 2946 presenciam
1348 2865 1431 2923 etsue

311 2958 479 3030 fidelitatis
505 2988 543 3030 ac
569 2966 647 3031 dicti
672 2970 775 3050 patris
800 2969 946 3054 ipsorum
972 2971 1108 3035 servicia
1134 2973 1252 3034 exacte
1278 2965 1432 3050 diligencie

313 3068 421 3136 studio
437 3073 529 3138 nobis
546 3075 691 3140 exhibita
708 3081 741 3141 ot
771 3078 919 3160 impensa
944 3083 1165 3162 proponentes
1192 3084 1226 3141 et
1244 3077 1433 3142 declarantes

311 3174 534 3263 infrascriptae
566 3183 784 3264 possessiones
819 3184 972 3252 videlicet
997 3185 1193 3270 Nogmiclos
1219 3191 1255 3248 et
1281 3183 1434 3266 Nogiwan

309 3282 389 3348 item
403 3285 521 3351 Mathe
536 3289 629 3354 iuxta
644 3289 777 3356 fluvium
794 3291 974 3377 Hurtubag
990 3299 1024 3358 et
1049 3293 1135 3377 Elep
1161 3294 1197 3358 in
1224 3293 1378 3357 comitatu
1400 3287 1431 3350 de

310 3387 468 3458 Zouhoch
483 3417 522 3460 ae
537 3394 772 3482 Gerekyghaaz
789 3407 922 3466 vocatas
948 3403 983 3466 in
998 3399 1072 3486 Nyr
1088 3403 1124 3465 in
1149 3403 1313 3466 comitatu
1334 3395 1431 3481 Byhor

311 3499 483 3568 existentes
499 3512 679 3572 asserentes
696 3529 751 3573 eas
767 3508 868 3575 fuisse
885 3509 1053 3576 hominum
1064 3511 1133 3576 sine
1150 3510 1275 3575 herede
1293 3507 1433 3575 deceden-

311 3607 396 3671 cium
414 3615 446 3674 et
462 3611 523 3675 hac
540 3612 580 3678 de
597 3635 695 3680 causa
711 3618 882 3682 collacioni
898 3625 1010 3684 nostre
1027 3619 1067 3684 de
1085 3621 1158 3684 iure
1174 3620 1341 3703 pertinere
1356 3639 1374 3681 a
1389 3635 1433 3679 no-

312 3713 363 3778 bis
380 3715 441 3780 sibi
458 3718 529 3784 dari
560 3727 593 3785 et
620 3723 759 3788 conferri
792 3733 951 3810 perpetuo
978 3729 1194 3812 postularunt
1211 3778 1218 3793 .
1235 3777 1242 3792 .
1260 3727 1332 3792 Nos
1347 3727 1433 3808 igilur

310 3823 516 3890 attendentes
532 3829 753 3896 inviolabilem
779 3833 963 3900 devocionis
980 3841 1013 3900 et
1031 3834 1108 3900 fidei
1139 3836 1326 3918 puritatem
1349 3849 1431 3915 quam

311 3927 409 3993 iidem
426 3931 451 3995 J
453 3933 571 3998 acobus
588 3941 621 3999 et
636 3937 761 4004 Paulus
779 3961 856 4024 erga
874 3949 1018 4008 nostram
1030 3945 1240 4008 maiestatem
1258 3957 1431 4020 sacrurnqut¹

311 4044 456 4103 nostrum
473 4041 621 4107 diadema
636 4053 823 4113 constanter
838 4055 1018 4117 noscuntur
1034 4053 1191 4120 habuisse
1203 4052 1430 4118 considerantes

313 4145 413 4209 eeiain
429 4145 556 4212 labores
571 4153 739 4220 continuos
755 4162 788 4220 et
804 4180 904 4224 onera
921 4181 1138 4244 expensarum
1156 4185 1221 4246 que
1239 4163 1282 4229 ad
1296 4163 1430 4227 honorem

311 4253 415 4316 nostri
431 4255 580 4320 culminis
605 4260 740 4326 subiisse
756 4265 938 4347 probantur
964 4291 1091 4334 necnon
1118 4274 1201 4337 satis
1228 4279 1325 4356 grata
1341 4274 1370 4332 et
1385 4266 1431 4326 im-

312 4375 421 4424 mensa
437 4360 590 4445 obsequia
606 4387 668 4448 que
684 4369 770 4452 ipsos
787 4395 807 4437 a
822 4380 971 4458 tempore
987 4399 1044 4442 sue
1062 4378 1292 4445 adolescencie
1307 4375 1392 4442 nobis
1405 4373 1430 4430 et

312 4484 412 4545 regno
428 4473 539 4533 nostro
555 4472 588 4534 iu
606 4471 737 4540 diversis
755 4481 1024 4562 expedicionibus
1041 4508 1102 4568 pro
1120 4488 1326 4552 exaltacione
1342 4475 1427 4546 nostri

312 4569 477 4654 regiminis
494 4580 527 4638 et
541 4576 672 4646 honoris
687 4603 746 4666 pro
763 4588 1019 4672 reintegracione
1031 4599 1066 4657 et
1075 4600 1256 4679 augmento
1273 4587 1429 4676 reipublice
