3154 5474
551 477 647 538 1331.
664 494 737 540 Aru.
755 477 806 540 24.
1015 475 1019 489 '
1188 481 1249 542 527

114 659 148 720 et
163 651 281 720 fratres
298 674 372 721 suos
388 651 413 719 J
414 653 573 720 ohannem
594 652 778 720 Conrsdum
804 661 836 719 et
853 653 1053 740 Stephanum
1079 678 1151 723 cum
1168 658 1253 742 ipso·

112 782 189 826 rum
222 761 394 830 heredibus
424 763 458 828 in
498 761 678 846 prescripto
709 762 907 847 possessione
938 770 1037 847 prout
1068 766 1102 830 in
1134 764 1253 832 litteris

114 871 239 936 nostris
265 869 393 954 plenius
410 871 594 937 continetur
619 871 660 936 ab
680 869 827 937 omnibus
843 871 1083 956 impetitoribus
1110 877 1252 960 propriis

115 979 241 1046 loboris
256 987 289 1045 et
306 981 455 1064 expensis
472 978 679 1046 defensarent
703 1001 743 1046 ac
767 986 927 1065 perpetue
952 980 1103 1048 libertate
1123 1003 1251 1050 conser-

111 1093 232 1152 varent
263 1094 296 1153 et
328 1087 388 1154 hec
412 1087 475 1152 fide
499 1087 656 1154 iuratoric
680 1086 870 1172 firmarunt3
903 1087 1108 1156 attendentes
1139 1090 1250 1174 itaque

113 1195 278 1262 dictarum
303 1196 448 1281 percimn
467 1196 645 1280 peticiones
671 1196 740 1261 fore
763 1197 866 1263 iustas
883 1247 914 1262 ..
945 1204 1112 1283 presentes
1138 1199 1249 1264 literas

113 1303 236 1370 eisdem
253 1304 466 1370 concessimus
492 1303 591 1389 sigilli
607 1305 711 1370 nostri
727 1305 903 1371 munimine
918 1305 1099 1372 roboratas.
1125 1305 1250 1372 Datum

113 1414 196 1480 ferio
212 1421 304 1480 sexta
319 1418 397 1480 ente
412 1415 606 1480 dominicam
621 1413 820 1498 Palmorum,
840 1435 925 1482 anno
942 1414 1064 1480 domini
1079 1415 1133 1482 Μο
1149 1413 1250 1486 0000

113 1530 240 1591 octavo.
272 1521 342 1589 Nos
357 1525 467 1608 itaque
481 1524 655 1609 peticiones
671 1524 810 1608 predicti
836 1524 959 1591 domini
982 1524 1158 1591 Menhcrdi
1183 1526 1250 1610 ple·

112 1633 191 1699 beni
210 1631 251 1696 de
267 1631 344 1698 rilla
369 1629 468 1698 Sueui
483 1633 586 1698 iustas
611 1631 680 1698 fore
706 1633 989 1699 considerantes..
1019 1632 1104 1698 idem
1120 1634 1248 1719 privile-

113 1742 205 1824 gium
224 1791 254 1806 ..
286 1742 421 1807 rescribi
451 1741 584 1808 fecimus
600 1791 631 1807 ..
663 1741 789 1808 Datum
823 1743 905 1809 ferie
939 1747 1058 1828 quarta
1091 1743 1248 1828 proxime,

114 1855 192 1915 ante
223 1849 511 1918 Resurreccionem
542 1851 680 1932 domini,
706 1873 791 1917 anno
826 1851 1070 1918 Incarnacionis
1102 1851 1245 1917 eiusdem

112 1957 168 2022 Μ0
184 1957 287 2024 000⁰
303 1957 434 2024 ΧΧΧο
449 1961 563 2043 primo.

225 2123 322 2188 Fiiggli
348 2122 439 2188 pecstt
462 2124 639 2190 nyornaira13
659 2120 789 2190 credetije
814 2139 830 2175 a
855 2124 989 2189 Min-iissy
1015 2139 1051 2176 cs.
1077 2126 1151 2191 lbnn,
1173 2125 1245 2176 Meir-

113 2209 272 2276 kuslalrtm
286 2211 386 2278 Szepes
399 2214 509 2266 smben.

609 2375 762 2387 -*

646 2616 722 2682 452.

111 2777 208 2841 1331.
242 2773 412 2861 Viseprcid,
433 2800 504 2864 αρν.
531 2779 583 2842 24.
609 2771 637 2842 Ῐ.
663 2779 791 2864 Kc'roly
821 2779 1000 2866 kirridyrrcrlr
1032 2781 1121 2846 Burs
1146 2785 1242 2844 miros

405 2887 527 2950 odorere
543 2885 701 2951 ticltirort
717 2887 997 2972 szcdcdsciplcvcle.

217 3039 291 3110 Nos
307 3041 444 3110 Carolus
455 3095 479 3110 ..
504 3066 560 3110 rex
571 3095 595 3112 ..
612 3045 829 3129 significamus
845 3099 852 3114 .
869 3098 876 3113 .
902 3048 990 3133 quod
1006 3070 1065 3116 nos
1082 3049 1243 3115 civitatem

108 3155 256 3220 nostram
272 3151 479 3219 Borsiensem
494 3154 528 3218 in
544 3155 715 3238 pristinum
743 3154 865 3222 bonum
881 3161 1000 3223 statum
1015 3157 1119 3241 redigi
1135 3157 1244 3224 multi-

109 3262 224 3326 tudine
250 3263 444 3347 populorum
470 3264 535 3328 sive
558 3263 722 3348 hospitum
741 3264 887 3331 decorari
912 3270 944 3331 et
960 3265 1163 3332 libertatibus
1179 3267 1244 3332 suis

110 3371 257 3453 pristinis
283 3371 501 3456 congratulari
527 3371 679 3456 solentes,
705 3394 742 3439 eo
768 3373 856 3457 quod
886 3374 991 3458 gloria
1007 3374 1192 3459 principum
1208 3375 1241 3440 in

107 3478 319 3545 multitudine
343 3481 539 3565 populorum
565 3487 703 3566 augetur
728 3487 761 3546 et
785 3483 947 3566 accrescit,
979 3483 1037 3548 hes
1053 3481 1241 3549 libertatum

106 3589 333 3672 prerogativae
350 3589 454 3655 eidem
470 3589 618 3656 duximus
643 3591 870 3675 concedendas,
887 3595 924 3656 nt
940 3592 1083 3656 universi
1099 3591 1242 3675 hospites

108 3696 147 3761 nd
173 3697 278 3780 ipsam
305 3698 467 3764 civitatem
483 3703 628 3765 nostram
645 3699 831 3784 congregati
848 3704 880 3764 et
896 3697 1113 3783 congregandi
1130 3718 1149 3762 a
1164 3696 1240 3762 data

104 3805 309 3890 presencium
336 3807 436 3872 trium
464 3827 621 3874 annorum
645 3807 796 3873 libertate
820 3807 1028 3892 perfruantur
1045 3811 1078 3872 et
1102 3805 1240 3872 iudicem

106 3915 195 3980 inter
215 3935 249 3980 se
269 3915 391 3999 eligunt
412 3937 637 4001 quemcunque
661 3915 825 3981 voluerint
840 3915 880 3980 de
896 3916 1057 3981 communi
1074 3914 1240 3982 voluntate

104 4025 159 4106 qui
189 4043 299 4090 omnes
325 4045 437 4090 causus
464 4025 549 4090 inter
575 4025 661 4110 ipsos
687 4027 884 4107 emergentes
908 4022 1080 4106 iudicabit3
1107 4026 1139 4088 et
1164 4021 1240 4086 ville

104 4129 353 4197 Ohuturtulrhel
364 4135 397 4197 et
407 4130 603 4198 Zombotbel
619 4135 731 4197 vocute
742 4129 783 4197 od
793 4131 901 4196 locum
920 4131 1060 4196 civitatis
1069 4129 1239 4214 antiquum

101 4238 191 4306 Bors
207 4243 357 4306 vocatum
373 4261 406 4306 se
422 4239 599 4307 transferre
614 4238 953 4322 debeantmoreturos,
963 4243 1113 4324 preterea
1129 4238 1239 4303 comiti

101 4346 273 4415 Borsiensi
291 4351 324 4412 et
341 4346 516 4414 castellano
536 4347 682 4414 deLewo
697 4367 783 4413 nunc
798 4345 979 4417 const'tutis
996 4350 1028 4412 et
1044 4345 1238 4412 constituen-

101 4456 150 4523 dis
176 4456 214 4522 in
240 4453 387 4522 futurum
421 4447 454 4520 iii
489 4455 581 4522 nullo
612 4459 783 4521 teneantur
808 4455 951 4539 hospites
975 4454 1075 4539 ipsius
1101 4453 1238 4519 civitatis

103 4567 217 4632 nostre
243 4562 424 4646 subiacere;
457 4563 537 4629 alies
562 4567 669 4629 cutem
685 4564 851 4629 libertates
877 4562 954 4628 dum
980 4562 1065 4646 ipsos
1090 4561 1234 4647 hospites

101 4678 232 4740 nostros
264 4670 474 4756 multiplicari
497 4671 679 4755 viderimus,
705 4671 831 4738 eosdem
850 4671 966 4754 quibus
998 4675 1101 4735 cetere
1132 4670 1233 4738 libere
