3154 5474
561 455 656 516 1330.
673 469 743 514 rua.
759 457 807 515 17.
1186 452 1252 515 487

236 633 493 700 raggopecssne1;
517 631 645 697 oredetije
669 649 700 682 az
714 648 783 682 orsa.
807 633 863 683 liar
886 633 983 682 kinost.
1008 635 1076 682 oszt.
1103 631 1201 680 Trans.
1219 634 1258 680 12.

126 725 171 772 24.
187 723 252 788 dipl.
266 724 339 776 liar:
354 727 432 774 2614.
447 724 544 774 Kozti:
559 723 661 774 Vincze
672 723 773 774 Gabor.

614 935 771 948 *nn—*u

658 1179 732 1242 421.

129 1339 227 1402 1330.
252 1339 420 1423 Visopra'd,
429 1341 505 1424 jon.
524 1343 576 1405 13.
595 1344 622 1406 Ι.
640 1343 767 1428 Ko'rolp
799 1341 911 1426 tiroly
943 1342 1054 1408 Wrmat'
1079 1339 1193 1405 Simon
1210 1341 1263 1403 ko·

126 1445 287 1530 caijcinok
305 1446 415 1511 Gonni
432 1448 498 1511 Po'l
516 1448 599 1512 strat
615 1451 732 1513 to'rte'm
747 1449 930 1537 kifosztdso
946 1447 1128 1533 ta'rpyo‘bon
1145 1470 1183 1511 oz
1195 1448 1264 1533 apri

438 1558 611 1642 kdptolorrt
627 1559 830 1644 vizspo'totoo
845 1557 950 1622 kotdt.

231 1715 380 1782 Karolus
391 1767 398 1783 .
409 1767 416 1782 .
426 1739 484 1783 rex
494 1717 635 1803 capitulo
647 1715 788 1784 ecclesie
802 1716 974 1802 Agrisnsis
984 1767 991 1783 .
1002 1767 1009 1783 .
1020 1717 1099 1783 dicit
1110 1715 1203 1782 nobis
1214 1713 1263 1782 Si-

128 1822 423 1908 monfiliusEgidii
434 1825 473 1892 de
483 1825 584 1892 Wrus
594 1824 813 1910 quodPaulus
823 1824 908 1892 filius
919 1823 1045 1894 Nroolai
1056 1824 1096 1891 de
1107 1822 1207 1892 Gawa
1223 1825 1263 1890 ab

128 1931 243 1996 eadem
258 1931 334 1997 villa
349 1955 407 1999 sua
423 1931 524 2000 Gawa
540 1933 761 2018 consurgendo
776 1935 924 1999 oumsuis
939 1933 1154 1998 servientibus
1164 1955 1264 1997 unum

129 2062 266 2105 currum
282 2062 374 2106 suum
392 2041 431 2107 de
446 2041 524 2107 villa
539 2063 596 2108 sua
613 2039 730 2108 Oziaar
747 2049 860 2108 vocata
891 2043 1070 2108 venientem
1096 2062 1199 2124 usque
1224 2041 1266 2107 ad

128 2147 243 2214 villam
259 2170 350 2214 suam
366 2147 467 2216 Gawa
482 2149 661 2234 predictam
678 2150 846 2234 spoliasset
871 2155 904 2213 et
927 2148 1053 2214 fecisset
1080 2148 1214 2234 spoliari
1229 2151 1264 2214 in

129 2279 198 2341 qua
215 2258 461 2342 spoliaoiaoione
493 2258 646 2324 damnum
678 2257 787 2324 deoem
804 2279 988 2323 marearum
1015 2257 1119 2322 eidem
1135 2258 1263 2323 intulis-

129 2373 189 2448 set,
206 2387 304 2450 super
314 2389 376 2450 quo
388 2416 395 2431 .
407 2418 413 2432 .
423 2368 610 2432 mandentes
620 2368 830 2452 precipimus
843 2417 850 2432 .
861 2371 1019 2450 quatenus
1029 2373 1171 2432 vestrum
1182 2367 1264 2432 detis

129 2475 296 2541 hominem
311 2498 371 2560 pro
388 2477 570 2542 testimonio
586 2476 784 2561 fidedignum
810 2499 873 2561 quo
890 2482 1038 2562 presente
1062 2475 1200 2560 Egidius
1224 2475 1264 2540 da

129 2583 249 2649 Keroh
265 2583 315 2648 vel
330 2583 355 2649 J
357 2585 497 2650 ohannes
512 2584 599 2652 filius
614 2584 639 2650 J
641 2585 733 2652 aoobi
750 2585 789 2650 de
814 2583 981 2670 Nogialuy
1011 2585 1113 2649 altero
1130 2583 1264 2648 absente

129 2692 234 2761 homo
250 2699 360 2759 noster
376 2694 417 2759 ab
434 2694 582 2760 omnibus
599 2693 716 2777 quibus
734 2693 878 2759 decuerit
908 2694 941 2757 in
967 2693 1121 2758 comitatu
1147 2691 1186 2756 de
1202 2689 1265 2756 Zo-

130 2799 260 2866 sbouoh
277 2800 460 2886 specialiter
476 2802 588 2866 vicinis
614 2802 799 2868 eorumdem
824 2821 920 2886 super
945 2801 1107 2886 premissis
1133 2799 1265 2865 omnibu

130 2909 211 2976 ciat
227 2915 259 2973 et
274 2910 420 2994 inquirat
435 2909 651 2976 omnimodam
667 2910 843 2992 veritatem,
875 2917 907 2974 et
922 2915 994 2992 post
1009 2909 1069 2974 heo
1085 2911 1183 2993 prout
1197 2927 1267 2972 ros

135 3020 189 3086 bis
208 3019 326 3084 veritas
358 3019 540 3085 constiterit
555 3018 594 3084 de
610 3019 774 3102 premissis
798 3017 890 3084 nobis
913 3015 1052 3082 fideliter
1076 3015 1268 3081 rescribatis.

135 3131 268 3196 Datum
300 3128 334 3191 in
350 3125 558 3212 Wyssegrad,
589 3129 690 3194 tercio
721 3126 772 3191 die
802 3125 984 3192 festivitatis
1014 3125 1100 3191 beati
1116 3124 1269 3191 Barnabe

130 3237 287 3324 apostoli,
305 3257 389 3302 anno
407 3236 529 3303 domini
545 3236 720 3302 Millesimo
737 3232 839 3302 000⁰
855 3235 1024 3300 tricesimo.

246 3402 377 3452 Zarlatrin
390 3401 482 3466 penset
505 3401 683 3466 nyomaiva13
703 3399 832 3464 oredetije
853 3415 869 3449 a
883 3400 915 3448 N.
929 3399 1123 3460 aneumban,
1137 3413 1153 3448 a
1167 3397 1266 3460 Kallay

131 3511 172 3548 cs.
185 3495 259 3544 lban.
274 3493 371 3542 Kozri:
385 3493 510 3559 Tagrinyi
522 3493 556 3543 K.

629 3656 784 3664 u--o-m--v—--

672 3891 747 3953 422.

136 4059 239 4121 1330.
249 4057 326 4140 jorn.
346 4057 395 4120 17.
430 4057 459 4118 A
484 4055 634 4135 ffitdodm'
651 4054 991 4138 con-oeatbizoayitjo,
1023 4054 1105 4136 kopp
1123 4046 1271 4132 Szodrepr'

195 4163 334 4247 Gerpely
351 4165 383 4227 e's
399 4165 507 4227 trirsoi
525 4159 644 4226 Cteter'
660 4161 772 4226 Pa'ltat
789 4165 821 4224 (ἴε
838 4159 1011 4224 Simormal
1027 4157 1218 4222 tibotrrttete.

249 4303 322 4370 Nos
339 4313 513 4372 conventus
529 4304 716 4371 monasterii
732 4304 772 4369 de
803 4301 998 4368 Feuldwaar
1014 4300 1169 4365 memorie
1188 4321 1273 4365 eom-

133 4413 340 4500 moneamus,
358 4413 444 4500 quod
461 4413 623 4499 Gregorio
639 4413 707 4479 filio
723 4411 748 4477 J
750 4412 841 4478 scobi
858 4431 917 4496 pro
935 4431 968 4475 se
985 4415 1018 4475 et
1042 4429 1102 4493 pro
1118 4407 1274 4474 fratribus

132 4523 208 4588 suis
225 4521 385 4590 Michaele
401 4531 434 4591 et
448 4523 585 4590 Matheo
603 4523 641 4589 de
658 4520 834 4606 Zederegh,
851 4519 977 4586 Thoma
992 4516 1059 4584 filio
1075 4518 1194 4602 iriney‚
1206 4516 1272 4582 De·

134 4639 262 4710 metrio
278 4633 347 4704 filio
362 4632 492 4704 Nicolai
510 4638 542 4698 et
557 4630 727 4702 Anthonio
743 4631 783 4700 <ie
794 4627 903 4702 Geren
919 4625 1132 4698 servientibus
1149 4647 1275 4694 eorum·
