3112 5466
538 465 633 526 1326.
650 481 723 526 nnc.
741 463 792 526 20.
1160 464 1225 526 265

99 669 169 711 man
184 651 217 711 et
233 643 259 708 J
261 643 421 712 ohannem
438 642 551 709 Fodur
567 641 713 709 homines
738 649 866 710 nostros
891 643 934 708 ad
960 644 1130 711 videndam
1148 642 1226 710 divi-

99 757 217 821 sionem
233 775 331 838 quam
346 752 504 818 Matheus
520 757 553 816 et
569 749 722 816 Andreas
738 751 784 816 de
794 751 916 820 Ohurle
926 755 959 818 in
970 751 1225 838 possessionibus

101 885 208 929 eorum
225 862 349 929 Ohurle
365 867 397 927 et
423 859 574 946 Simperg
599 861 774 926 nominatis
799 861 906 928 facere
931 861 1098 929 habehant
1123 869 1226 927 trans-

98 974 298 1054 misissemus,
323 971 454 1036 tandem
479 970 646 1054 predictus
671 969 871 1036 Benedictus
895 971 993 1037 iudex
1018 972 1176 1038 nobilium
1192 976 1225 1036 et

98 1080 264 1146 Johannes
280 1079 395 1144 Fodnr
410 1079 453 1144 ad
469 1100 527 1144 nos
552 1080 672 1144 reversi
696 1081 888 1164 retulerunt,
914 1082 1002 1165 quod
1026 1081 1104 1147 licet
1127 1081 1225 1146 iidem

98 1189 218 1255 nobiles
234 1189 268 1252 in
284 1189 485 1272 possessione
502 1209 613 1254 eorum
637 1186 760 1254 Ohurle
785 1191 1013 1274 prenominata
1038 1189 1225 1254 divisionem

99 1298 246 1363 fecissent
261 1301 370 1362 tamen
395 1297 560 1379 predictus
585 1293 738 1362 Andreas
763 1296 804 1362 de
829 1298 951 1392 Churle
977 1298 1020 1363 ad
1045 1299 1227 1365 faciendam

99 1409 284 1474 divisionem
299 1409 332 1472 in
348 1405 495 1492 predicta
511 1407 711 1490 possessione
729 1427 841 1472 eorum
867 1406 1019 1492 Simperg
1044 1429 1109 1473 non
1124 1409 1226 1472 venis-

100 1523 147 1582 set
171 1515 319 1600 predicto
334 1515 470 1580 Matheo
496 1513 578 1580 feria
602 1515 706 1580 tercia
730 1520 763 1580 et
787 1513 869 1581 teria
885 1521 1004 1600 quarta
1019 1521 1093 1600 post
1108 1515 1226 1580 festum

98 1627 183 1692 beati
199 1621 334 1698 Andree
350 1624 489 1706 apostoli
516 1623 629 1689 diebus
645 1623 687 1689 ad
703 1622 766 1690 hoo
787 1645 847 1708 per
862 1645 921 1690 nos
938 1624 1104 1708 deputatis
1128 1625 1162 1689 in
1179 1623 1225 1690 la-

100 1733 146 1798 oie
162 1733 249 1798 dicte
265 1738 352 1796 terre
368 1732 511 1814 legitime
528 1737 729 1816 expectante.
745 1731 871 1798 Datum
886 1733 1029 1814 Posonii,
1039 1733 1073 1796 in
1086 1733 1226 1798 crastino

99 1841 183 1907 beati
199 1841 331 1907 Nicolai
351 1838 551 1924 confessoris,
578 1861 664 1907 anno
691 1839 814 1906 domini
829 1839 884 1906 Μ0
900 1837 1001 1907 000ο
1016 1839 1109 1904 XX⁰
1125 1846 1225 1905 sexto.

204 2021 332 2072 zarlatdn
347 2022 433 2072 kerek
446 2023 540 2086 peceat
553 2023 729 2087 nyomaival;
749 2021 881 2086 credetije
894 2038 925 2072 az
940 2035 1009 2072 orez.
1024 2023 1078 2072 lter
1092 2022 1225 2071 kinostdri

102 2116 165 2162 oszt.
180 2113 216 2162 N.
228 2113 261 2162 R.
276 2113 309 2162 A.
335 2117 411 2162 lora.
427 2115 450 2161 5.
464 2113 531 2177 dipl.
555 2113 585 2162 lt.
600 2115 678 2163 2382.
702 2111 801 2162 Kczli:
819 2111 898 2176 Nagy
912 2111 1010 2176 Gyula.

581 2347 739 2356 -—--—--

629 2583 702 2648 244.

100 2751 192 2812 1326.
219 2747 385 2832 Viseprdd,
401 2749 465 2811 dcc.
483 2746 535 2812 20.
562 2746 693 2812 Sdrsclor·
719 2745 907 2830 orszdpbiro‘
933 2746 1004 2808 clb'tt
1031 2745 1142 2809 latoria
1158 2745 1228 2826 fiai

102 2855 217 2920 Lciszlo'
231 2857 264 2918 e's
281 2856 432 2935 Bercczlc,
443 2879 464 2920 a
476 2855 609 2941 chcla
625 2857 704 2939 bapy
719 2855 846 2918 tduedou
863 2852 984 2919 Gbrrrdr
998 2853 1227 2938 ocrmeppo‘ten

98 2987 119 3026 c
150 2965 315 3048 portoatdi
334 2973 453 3049 protacta
479 2964 631 3027 ter-itlete'a
647 2963 748 3050 felc-od
773 2961 919 3026 dirtokolc
944 2961 1034 3024 indat
1060 2985 1081 3024 a
1107 2960 1228 3025 Rerotd

273 3071 501 3156 ricmzetsc‘pdo'l
516 3069 590 3135 oald
604 3071 838 3153 Dezsdfioivol
854 3070 1049 3157 hioppeznelc.

206 3231 274 3299 Nos
306 3253 413 3300 comes
443 3229 634 3298 Alexander
665 3233 762 3299 iudex
795 3235 930 3300 curie..
962 3231 1180 3317 significamus
1196 3281 1227 3296 ..

97 3339 186 3423 quod
203 3360 274 3404 oum
290 3361 377 3406 anno
394 3339 517 3406 domini
541 3340 720 3406 Millesimo
746 3339 850 3409 0000
869 3341 1021 3406 vicesimo
1047 3346 1138 3406 sexto
1163 3339 1227 3405 La·

96 3447 220 3514 diulaus
235 3446 321 3514 filius
337 3446 496 3530 Stephani
519 3469 578 3531 per
602 3448 790 3516 Rolandum
813 3449 916 3516 filium
940 3448 1040 3517 Mark
1065 3449 1235 3540 hominem¹

97 3554 219 3620 domini
235 3557 339 3622 nostri
355 3557 441 3640 regis
458 3555 518 3622 sub
539 3558 724 3624 testimonio
737 3558 950 3646 honorabilis
975 3557 1110 3641 capituli
1127 3556 1226 3622 eccle-

97 3663 142 3727 sie
158 3661 339 3752 dignensis,
364 3665 579 3732 Benediotnm
604 3665 780 3733 Nicolaum
804 3674 838 3734 et
853 3665 1046 3734 Ladiulaum
1062 3665 1146 3730 filios
1161 3664 1226 3730 De-

96 3792 152 3836 seu
177 3771 220 3837 ad
250 3777 382 3839 octavas
411 3774 500 3840 beati
533 3773 669 3860 Georgii
699 3777 843 3842 martiris
874 3777 1020 3860 proxime
1050 3775 1225 3860 preteritas

95 3879 237 3962 legitime
253 3881 421 3948 citaoionis
437 3903 590 3966 processu
607 3883 779 3950 observato
804 3884 848 3949 ad
863 3890 1009 3950 nostram
1025 3884 1226 3966 presenciam

96 3989 258 4054 citavisset
273 3990 411 4073 ipsaque
428 4013 526 4058 cauea
542 3999 610 4058 tum
627 3999 762 4077 propter
779 3995 908 4059 termini
924 3993 1131 4076 prioritatem
1156 3996 1225 4056 tum

96 4098 198 4162 eciam
208 4097 314 4164 reluta
330 4099 461 4166 accione
471 4101 618 4185 parcium
640 4101 1078 4184 intervenientibusquoaliis
1089 4098 1226 4165 cautelis

96 4204 136 4270 ad
146 4209 279 4271 octavas
295 4207 384 4272 beati
394 4204 509 4274 Andre
520 4210 660 4293 apostoli
678 4231 738 4294 pro
749 4233 785 4276 eo
804 4217 842 4276 ut
851 4210 949 4276 iidem
965 4207 1024 4276 filii
1034 4208 1145 4274 Deseu
1161 4208 1226 4290 pri·

94 4311 214 4395 vilegia
229 4334 287 4380 seu
302 4315 519 4382 instrumenta
535 4339 593 4382 sua
610 4317 725 4400 quibus
737 4333 738 4336 ’
751 4318 968 4384 mediantibus
992 4318 1225 4401 possessionem

95 4419 265 4486 Gurtuatu
282 4444 355 4488 cum
371 4430 479 4490 monte
490 4422 625 4510 Kupula
641 4433 674 4490 et
690 4426 762 4491 aliis
772 4427 970 4492 utilitatibus
980 4427 1046 4492 suis
1057 4426 1225 4491 obtineant

96 4535 128 4593 et
143 4538 336 4596 conservent
353 4555 462 4598 coram
478 4532 571 4600 nobis
588 4533 786 4619 exhiberent,
802 4536 915 4602 fuisset
925 4540 1112 4620 prorogata,
1130 4531 1224 4600 adve-

97 4638 261 4706 nientibus
286 4643 398 4729 itaque
423 4643 501 4730 ipsis
527 4644 650 4711 octavis
676 4644 814 4712 termino
839 4644 990 4712 videlicet
1015 4643 1225 4712 exhibicionis
