3240 5460
340 421 381 480 30
469 502 472 506 =
694 437 879 486 1111111111
895 428 1112 486 1111111111.

337 596 476 679 palatini
492 597 534 662 ad
550 602 695 663 nostram
705 602 773 665 vice
784 601 955 664 etnomine
965 599 1108 666 eiusdem
1119 598 1241 664 domini
1251 599 1300 662 sui
1312 597 1465 664 accedens

338 707 536 788 presenciam
547 706 638 771 nobis
649 709 855 792 quamplures
874 709 1000 774 litteras
1011 709 1137 774 comitis
1148 705 1307 789 Stephani
1317 706 1465 772 viceiudi-

336 815 381 878 cis
397 816 485 879 curie
501 816 605 880 incliti
621 817 775 899 principis
798 817 919 882 domini
934 813 1068 882 Andree
1085 815 1249 900 quondam
1264 817 1349 898 regis
1373 813 1465 880 Hun-

337 922 426 1003 garie
443 922 580 988 formam
595 923 706 988 iudicii
724 925 824 1008 ipsius
849 925 1052 990 continentes
1077 928 1110 988 et
1135 922 1348 988 sentenciales
1373 920 1466 986 simul

335 1049 408 1093 cum
423 1031 673 1096 sentencialibus
689 1033 809 1097 litteris
834 1033 913 1098 dicti
938 1032 1060 1098 domini
1083 1029 1219 1096 Andree
1243 1033 1329 1114 regis
1355 1035 1467 1094 contra

333 1135 523 1204 Ladislaum
539 1140 643 1204 filium
658 1139 684 1205 J
685 1140 821 1207 ohannis
846 1141 906 1206 filii
931 1139 1112 1206 (1111111111
1128 1140 1168 1205 de
1184 1137 1350 1225 Grywngus
1366 1138 1466 1203 diver-

333 1266 440 1310 sorum
456 1268 663 1329 processuum
680 1249 857 1314 causalium
882 1248 1002 1314 formas
1027 1249 1228 1314 articulatim
1253 1247 1466 1330 exprimentes

333 1353 574 1440 demonstrarit,
590 1357 623 1420 in
640 1377 778 1440 quarum
794 1357 960 1422 tenoribus
984 1358 1070 1422 inter
1095 1363 1204 1422 cetera
1227 1358 1407 1440 reperimus
1422 1377 1467 1420 se-

331 1461 443 1526 riatim
459 1485 608 1546 expresse
624 1466 791 1549 contineri,
817 1465 1000 1550 quodcum
1025 1487 1110 1530 anno
1137 1465 1295 1530 dominice
1319 1465 1466 1530 incarna-

332 1569 433 1634 cionis
449 1568 503 1634 M⁰
519 1571 738 1638 ducentesimo
755 1574 961 1656 nonagesimo
977 1595 1062 1638 nono
1090 1571 1207 1637 nobilis
1234 1573 1283 1638 vir
1307 1570 1467 1655 Ropheyn

331 1674 435 1740 banus
450 1676 536 1743 filius
552 1677 690 1762 Nicolai,
707 1680 784 1744 dum
799 1681 1044 1765 prenominatus
1070 1680 1217 1744 dominus
1241 1676 1395 1744 Andreas
1411 1699 1467 1744 rex

331 1785 368 1850 in
384 1793 630 1874 ceap-reportans
646 1792 790 1877 911111ἀί1
805 1793 897 1876 rapui
920 1792 973 1855 sui
996 1793 1089 1853 sexta
1114 1787 1196 1852 feria
1221 1789 1370 1871 proxima
1394 1793 1468 1870 post

330 1889 449 1956 festum
465 1892 560 1959 beate
584 1895 774 1979 Margarete
799 1897 932 1980 virginis
957 1917 1015 1980 pro
1042 1896 1260 1961 sublevamine
1285 1900 1392 1960 status
1418 1895 1467 1960 sui

331 2002 423 2084 regni
439 2001 603 2068 1111111111
619 2005 732 2068 sedens
748 2025 808 2088 pro
827 2005 983 2069 tribunali
1009 2027 1149 2070 unacum
1173 2003 1350 2069 baronibus
1368 2007 1403 2066 et
1419 2002 1467 2066 sui

332 2110 424 2192 regni
440 2111 602 2176 nobilibus
619 2113 782 2196 quoslibet
798 2112 976 2178 causidicos
992 2114 1152 2178 iudicaret
1172 2119 1205 2178 et
1222 2112 1400 2194 unicuique
1416 2111 1465 2174 sui

333 2216 412 2280 iuris
438 2219 638 2302 exigenciam
664 2241 747 2305 equo
777 2220 996 2286 moderamine
1027 2223 1218 2305 parciretur,
1244 2220 1286 2285 ad
1311 2219 1362 2284 sui
1386 2218 1468 2301 regii

329 2327 562 2409 magnitudinis
578 2325 661 2414 (igy)
678 2329 861 2394 accedendo
886 2331 1093 2413 presenciam,
1118 2335 1156 2394 ut
1180 2329 1267 2394 idern
1290 2325 1467 2392 Ladislaus

329 2430 412 2498 feria
428 2435 543 2518 quinta
559 2437 707 2520 proxima
722 2443 796 2521 post
812 2437 930 2502 festum
945 2437 1033 2502 beati
1049 2436 1075 2502 J
1076 2437 1170 2503 acobi
1189 2435 1329 2519 apostoli
1355 2455 1464 2517 quam·

327 2539 476 2623 plurimis
491 2543 717 2627 iobagionibus
743 2546 808 2610 suis
834 2567 907 2610 oum
931 2545 1147 2610 mercimoniis
1172 2545 1206 2608 in
1231 2542 1467 2626 possessionem

328 2669 419 2714 suam
435 2649 630 2719 Debreohen
646 2659 795 2720 vocatam
811 2653 1020 2719 redeuntibus
1036 2653 1126 2718 clara
1141 2653 1214 2717 luce
1230 2652 1263 2715 in
1279 2657 1370 2715 terra
1396 2647 1469 2714 Ko-

329 2755 411 2821 koth
426 2757 570 2825 insidans
585 2762 671 2844 ipsos
696 2763 890 2845 spoliaverit,
916 2783 967 2826 res
983 2782 1095 2826 eorum
1120 2759 1162 2824 ad
1187 2760 1331 2824 valorem
1347 2757 1469 2822 ducen-

330 2869 437 2930 tarum
452 2889 635 2934 marcarum
652 2869 834 2954 abstulerit,
849 2877 916 2934 tres
933 2891 973 2934 ex
999 2869 1118 2934 eisdem
1142 2868 1345 2933 interemerit
1361 2872 1396 2931 et
1412 2889 1470 2931 sex

328 2973 473 3040 letaliter
503 2977 689 3042 vulneratos
719 2978 896 3062 reliquerit,
926 2977 1143 3042 mediantibus
1177 2977 1297 3042 litteris
1328 2975 1471 3058 capitulo

328 3083 554 3150 Waradiensis
570 3108 604 3151 se
621 3087 783 3152 evidentes
799 3093 899 3152 testes
915 3093 1029 3153 contra
1044 3091 1258 3152 memoratum
1273 3083 1471 3150 Ladislaum

328 3193 363 3256 in
378 3194 500 3258 octavis
526 3193 589 3258 diei
615 3193 770 3260 Oinerum
794 3194 983 3278 produxisse
1008 3196 1177 3278 ipsumque
1201 3191 1398 3258 Ladislaum
1424 3190 1470 3256 ad

328 3301 564 3384 reportandum
580 3303 695 3367 seriem
721 3303 945 3386 produocionis
970 3304 1071 3386 ipsius
1095 3302 1281 3384 testimonii,
1305 3305 1344 3366 ut
1370 3320 1474 3366 causa

328 3410 420 3474 iuxta
437 3410 530 3493 regni
546 3409 851 3494 approbatissimam
871 3409 1134 3476 consuetudinem
1150 3410 1184 3474 in
1207 3410 1473 3474 iuramentorum

328 3516 585 3601 deposicionibus
616 3523 675 3583 aut
699 3517 845 3602 pugilum
870 3517 1149 3600 congressionibus
1173 3517 1333 3600 potuisset
1358 3517 1474 3580 termi-

343 3627 424 3712 nari,
440 3647 505 3692 non
521 3627 645 3692 venisse
660 3648 720 3692 nec
746 3628 869 3692 misisse
894 3647 953 3691 nec
977 3627 1080 3691 eciam
1105 3625 1210 3692 denuo
1234 3647 1293 3709 pro
1319 3626 1474 3709 premissi

327 3735 394 3800 suis
409 3734 577 3802 maleficiis
592 3736 736 3820 legitime
753 3737 890 3801 citatum
915 3735 957 3801 ad
983 3735 1161 3818 quindenas
1178 3735 1361 3799 nativitatis
1377 3733 1475 3802 beati

326 3837 659 3930 Johanns'ssapusre
676 3845 893 3927 comparuisse
912 3843 1169 3926 comprobasset;
1192 3842 1315 3908 idcirco
1341 3865 1475 3926 preme-

327 3957 472 4016 moratus
489 3951 637 4016 dominus
653 3949 807 4016 Andreas
823 3971 881 4014 rex
901 3971 1040 4015 unacum
1065 3949 1242 4014 baronibus
1258 3955 1292 4013 et
1308 3953 1402 4033 regni
1421 3953 1476 4018 sui

327 4059 490 4126 nobilibus
506 4061 612 4144 ipsum
628 4059 820 4124 Ladislaum
836 4081 895 4142 pro
911 4059 1074 4142 premissis
1084 4060 1149 4124 suis
1159 4057 1477 4142 maleficiispenitus

326 4169 508 4233 convictum
525 4168 710 4251 privacione
729 4169 965 4252 possessionum
992 4173 1025 4230 et
1050 4167 1192 4231 omnium
1217 4165 1377 4231 bonorum
1395 4190 1477 4234 suo-

326 4297 400 4340 rum
415 4287 454 4343 ac
470 4277 636 4342 sentencia
652 4277 787 4360 capitali
812 4275 1091 4341 condemnandum
1113 4275 1477 4360 adiudioassetabsquo

325 4387 464 4467 strepitu
478 4385 590 4451 iudicii
615 4385 784 4469 aliqualis;
811 4385 941 4450 demum
968 4405 1041 4448 cum
1066 4383 1152 4448 idem
1176 4381 1336 4467 Ropheyn
1361 4383 1479 4466 banus

324 4491 521 4575 prelibatum
551 4491 743 4559 Ladislaum
772 4491 875 4558 filium
909 4490 935 4557 J
937 4492 1074 4558 ohannis
1100 4490 1134 4555 in
1158 4493 1249 4575 regia
1273 4493 1478 4575 reperiendo

324 4602 492 4688 presencia
522 4606 679 4686 tanquam
703 4601 849 4685 legitime
874 4602 1110 4668 sentenciatum
1141 4599 1336 4684 publiceque
1364 4607 1480 4670 strato
