3240 5460
703 456 890 508 1110011011
907 440 1124 506 0111111111.

880 643 933 706 42.

344 798 440 861 1322.
457 804 513 860 oct.
531 793 560 857 6.
577 789 609 856 Α
624 791 717 857 odczi
732 787 891 875 ltdptalan
908 788 980 852 etat
1001 785 1209 852 Heremcse'ai
1228 789 1401 875 Olive'rfia
1418 791 1446 856 I
1443 803 1487 860 st-

344 909 421 984 vo'a,
462 899 639 966 adversust
662 894 905 982 dedans-neppam
935 895 1111 980 ittettstptt
1144 895 1308 962 Marczali
1343 899 1487 964 Ldrincz

452 1009 573 1095 fidaolt
604 1005 778 1074 Jcoosnat
809 1006 893 1068 mint
913 1003 1096 1089 adpertinet
1112 1003 1366 1091 leiszolpa'ttatja.

455 1169 526 1236 Nos
542 1166 724 1252 capitulum
740 1164 873 1232 ecclesie
887 1162 1096 1230 Wachiensis
1112 1162 1332 1248 significamus
1347 1215 1355 1232 .
1372 1215 1380 1231 .
1398 1165 1490 1250 quod

345 1278 532 1364 Stephanus
560 1277 646 1341 filius
672 1273 809 1341 Oliverii
833 1271 872 1338 de
896 1269 1103 1337 Heremchen
1119 1293 1158 1338 ex
1173 1295 1239 1340 una
1254 1281 1359 1358 parte,
1376 1273 1488 1340 1110-

345 1389 469 1454 hannes
493 1386 581 1452 filius
610 1383 787 1450 Laurencii
819 1381 859 1445 de
892 1379 1045 1446 Morchol
1077 1400 1116 1445 ex
1140 1381 1246 1448 altera
1270 1383 1315 1448 ad
1340 1389 1489 1448 nostram

349 1495 565 1581 personaliter
598 1490 788 1558 accedentes
819 1487 1019 1573 presenciam
1052 1485 1138 1553 idem
1170 1485 1358 1574 Stephanus
1392 1491 1487 1570 dixit,

352 1603 441 1689 quod
457 1609 571 1670 contra
587 1607 691 1666 totam
709 1603 861 1682 quartam
872 1603 998 1680 partem
1009 1597 1188 1680 puellarem
1204 1600 1238 1662 in
1253 1599 1402 1664 omnibns
1418 1619 1493 1682 pos·

350 1713 544 1779 sessionibus
553 1713 630 1794 suis,
640 1709 790 1774 videlicet
800 1705 1015 1790 Heremchen,
1026 1703 1150 1788 Katha,
1167 1703 1312 1791 Hugyag
1328 1713 1361 1771 et
1376 1705 1492 1771 Zakul

350 1822 474 1887 vocatis
499 1819 626 1884 domine
650 1814 823 1882 Elisabeth
848 1815 951 1880 sorori
985 1822 1041 1880 sue
1067 1815 1162 1880 uxori
1196 1815 1319 1880 scilicet
1345 1815 1494 1880 eiusdem

352 1927 378 1996 J
379 1928 515 1996 ohannis
540 1925 697 1993 antedicti
716 1925 956 2008 provenientem
984 1943 1109 1988 necnon
1126 1925 1227 1988 eciam
1243 1945 1302 2006 pro
1319 1922 1496 1989 duodecim

352 2039 470 2104 marcis
495 2056 576 2120 quas
591 2034 677 2100 idem
692 2031 718 2098 J
719 2033 862 2098 ohannes
877 2033 911 2096 in
927 2033 1156 2114 prosecutione
1182 2033 1297 2098 mortis
1312 2033 1416 2116 patris
1440 2036 1497 2099 sui

353 2145 503 2211 videlicet
519 2140 653 2209 Oliverii
670 2162 708 2206 ac
724 2141 825 2206 eciam
851 2141 1014 2222 sauguinis
1039 2138 1204 2206 Dominici
1219 2140 1317 2206 fratri
1332 2143 1382 2206 sui
1398 2145 1495 2204 ante-

355 2253 435 2318 dicti
444 2250 691 2335 expendissetac
701 2255 806 2314 totum
816 2247 1179 2332 negociumexequendo
1190 2249 1425 2331 consumsisset,
1435 2247 1497 2312 de-

242 2355 245 2362 ’
356 2361 455 2425 disset
465 2365 498 2424 et
508 2357 617 2424 coram
628 2357 815 2424 nobisdedit
824 2355 1097 2439 mediampartem
1107 2354 1498 2440 uniuspossessionisHe-

356 2467 509 2534 remehen
528 2471 639 2531 vocate
649 2516 656 2530 .
668 2466 754 2530 .iure
765 2515 771 2530 .
782 2515 789 2530 .
799 2463 980 2530 inventario
990 2484 1134 2547 possesse
1144 2513 1151 2528 .
1161 2513 1168 2528 .
1179 2463 1283 2528 eidem
1297 2462 1323 2529 J
1323 2464 1443 2528 ohanni
1455 2513 1465 2528 .
1477 2514 1495 2548 .,

357 2595 501 2642 asserens
518 2573 620 2638 eciam
638 2571 723 2637 idem
734 2571 929 2655 Stephanus,
940 2569 1027 2654 quod
1037 2571 1063 2638 si
1075 2591 1107 2634 se
1117 2571 1223 2654 ipsum
1233 2570 1302 2635 sine
1310 2569 1428 2646 herede
1437 2571 1499 2636 de·

358 2683 422 2750 cidi
447 2683 625 2766 contingat,
651 2681 750 2746 aliam
770 2685 896 2764 partem
913 2678 1055 2744 eiusdem
1072 2680 1280 2762 possessionis
1295 2701 1354 2765 pre
1370 2679 1442 2744 aliis
1461 2689 1499 2744 et

358 2797 435 2858 ante
445 2791 526 2856 alios
536 2789 631 2856 modo
641 2789 795 2874 premisso
807 2787 909 2853 eidem
919 2785 945 2853 J
946 2787 1067 2853 ohauni
1077 2795 1110 2852 et
1119 2788 1185 2853 suis
1195 2787 1432 2854 successoribus
1443 2809 1499 2852 re·

358 2899 521 2982 linqueret
541 2903 574 2963 et
597 2897 731 2980 reliquit
751 2917 859 2962 soram
870 2894 963 2960 nobis
973 2894 999 2960 J
1000 2895 1101 2960 acobo
1112 2894 1179 2961 filio
1190 2893 1215 2960 J
1217 2896 1352 2962 ohannis
1369 2895 1408 2960 de
1424 2894 1499 2960 He-

359 3003 520 3090 remchen,
530 3007 609 3070 item
620 3003 746 3070 Thoma
756 3004 843 3070 dicto
856 3002 1410 3088 111101111111οΡ1111,111111Ρο01111011
1424 3003 1499 3070 filio

359 3113 479 3200 Poche‚
494 3115 574 3180 item
590 3113 691 3198 Lech,
715 3113 825 3196 Petro,
851 3111 1013 3194 Johanne,
1038 3112 1207 3177 Demetrio
1234 3119 1267 3178 et
1291 3111 1400 3179 Deseu
1418 3111 1501 3178 filiis

360 3222 495 3289 Iwanha
511 3221 551 3286 de
561 3220 686 3304 Bulrur‚
700 3222 779 3286 item
794 3219 916 3304 Rouon,
926 3218 1033 3285 Paulo
1051 3226 1083 3284 et
1093 3217 1119 3284 J
1120 3220 1248 3286 ohanne
1258 3220 1333 3286 filiis
1343 3219 1436 3286 Bodo
1453 3221 1500 3285 de

360 3329 472 3413 Liako,
482 3332 560 3394 item
575 3328 748 3412 Michaele,
764 3329 880 3420 Paule,
891 3327 1067 3411 Stephane,
1077 3327 1103 3394 J
1104 3327 1231 3394 ohanne
1251 3339 1283 3394 et
1293 3329 1403 3395 Pochc
1419 3327 1501 3394 filiis

362 3438 456 3503 Petri
475 3438 514 3502 de
530 3437 647 3521 Suran,
663 3439 742 3502 item
757 3435 884 3504 Ivanha
894 3436 961 3502 filio
972 3435 1103 3502 Nicolai
1113 3437 1152 3502 de
1168 3437 1281 3504 eadem
1291 3436 1406 3520 Suran,
1416 3439 1501 3502 item

361 3546 511 3612 Renoldo
526 3546 594 3613 filio
610 3545 777 3612 Bolchard
801 3548 881 3612 item
899 3545 1007 3612 Paulo
1024 3545 1091 3612 filio
1107 3545 1223 3612 Pouka
1239 3567 1278 3613 ae
1294 3547 1367 3612 aliis
1383 3546 1501 3612 vicinis

362 3655 575 3739 presentibus,
596 3662 629 3722 et
644 3655 721 3721 huic
736 3654 907 3722 donacioni
934 3675 1123 3720 eonsensum
1138 3655 1271 3738 plenum
1286 3655 1502 3740 prebentibus

363 3772 397 3830 et
412 3785 577 3830 assensum
593 3816 601 3832 .
617 3816 624 3830 .
640 3765 767 3832 Datum
792 3787 850 3848 per
865 3785 980 3830 manus
996 3764 1127 3830 disereti
1153 3766 1213 3830 viri
1228 3765 1377 3848 magistri
1392 3763 1502 3829 Bene-

364 3873 443 3939 dicti
463 3874 596 3939 ecclesie
613 3879 722 3938 nostre
739 3874 869 3938 lect-oris
884 3873 918 3938 111
934 3874 1056 3938 octavis
1071 3873 1160 3938 beati
1176 3872 1348 3938 Michaelis
1364 3872 1502 3938 archan·

363 3982 436 4065 geli,
461 4003 546 4047 anno
572 3981 695 4047 domini
719 3979 773 4046 Μ0
796 3977 899 4048 000⁰
915 3977 1039 4045 XXmo
1064 3981 1215 4046 secundo.
1241 3979 1433 4050 Venerabili
1464 3982 1503 4044 in

365 4088 495 4156 Christo
520 4095 615 4174 patre
640 4089 770 4155 domino
795 4087 980 4154 Laurencio
1009 4089 1137 4172 prelato
1169 4095 1280 4156 nostro
1305 4089 1502 4174 presidente,

365 4195 531 4280 Stephano
541 4198 714 4280 preposito,
724 4195 904 4262 Benedicto
916 4196 1058 4278 custode,
1069 4195 1229 4262 Detmaro
1240 4203 1382 4280 cantore,
1391 4193 1502 4261 Paulo

365 4304 565 4390 Wachiensi,
596 4303 750 4372 Johanne
775 4307 945 4390 Pestiensi,
975 4303 1000 4370 J
1004 4305 1131 4372 ohanne
1160 4306 1200 4371 de
1232 4305 1363 4372 Zolnuh
1394 4305 1504 4372 archi·

366 4412 517 4495 diaconis,
534 4413 690 4495 magistro
714 4412 805 4478 Iuan
821 4417 947 4478 rectore
972 4414 1068 4478 misse
1087 4413 1291 4479 matutinalis
1310 4418 1343 4478 et
1359 4413 1433 4478 aliis
1449 4434 1505 4479 ca·

365 4519 489 4585 nonicis
504 4521 539 4584 in
557 4521 693 4586 ecclesia
717 4522 923 4604 presentibus
948 4520 1008 4587 deo
1032 4520 1200 4587 humiliter
1215 4521 1453 4588 famulantibus
1469 4529 1507 4588 et

366 4624 488 4694 devote.
