3240 5460
640 431 734 497 1322.
751 449 825 498 sue.
844 433 894 497 24.

739 723 789 786 35.

200 887 299 950 1322.
325 885 516 966 Debreczco,
532 908 605 972 cup.
622 886 674 949 24.
692 883 802 950 Ddzsa
826 885 932 951 oddor
957 887 1132 953 accersiret
1138 887 1205 971 ficit
1220 888 1335 971 Erdb'fi

196 993 336 1058 Mikldst
360 997 463 1079 anyja
490 991 721 1078 lca'rsyaeppcdi
745 991 901 1079 illetdsc‘pe
927 993 1057 1080 fejc'bcn
1083 995 1191 1061 Bibur
1209 1001 1332 1062 voirme-

513 1104 588 1188 ppei
603 1103 654 1167 kc't
672 1101 834 1167 tirtotlcal
851 1103 959 1187 ele'pt‘li
974 1104 1016 1167 ki.

308 1243 423 1309 Dausa
452 1243 627 1328 palatinus,
653 1265 759 1310 comes
783 1243 823 1309 de
839 1243 999 1311 Zothmar
1016 1250 1049 1310 et
1065 1243 1105 1310 de
1121 1243 1280 1312 Zobouch
1295 1267 1333 1312 ac

196 1350 297 1415 iudex
307 1373 516 1418 cumanorum
533 1401 539 1414 .
557 1402 563 1418 .
581 1351 854 1418 aduniversorum
870 1353 1025 1418 noticiam
1040 1353 1157 1419 harum
1180 1355 1264 1418 serie
1280 1355 1333 1420 lit-

201 1465 347 1524 terarum
372 1461 519 1526 volumus
547 1462 724 1545 pervenire,
753 1460 840 1544 quod
869 1482 928 1528 nos
952 1461 1066 1526 habita
1094 1461 1333 1528 deliberacione

198 1589 340 1632 unacum
356 1569 475 1633 nostris
492 1569 684 1633 consiliariis
700 1569 824 1633 idoneis
841 1568 1046 1652 decrevimus,
1071 1569 1159 1652 quod
1175 1568 1333 1636 Nicolaus

199 1673 287 1741 filius
311 1675 424 1741 Erden
448 1675 550 1742 irater
576 1683 608 1741 et
625 1676 835 1742 consobrinus
851 1683 962 1742 noster
978 1699 1050 1744 cum
1067 1679 1187 1744 nostris
1203 1677 1281 1743 filiis
1298 1683 1331 1743 et

198 1785 436 1850 successoribus
460 1793 536 1869 post
563 1792 709 1851 nostrum
744 1786 911 1852 decessum
933 1785 1068 1870 pacifice
1093 1792 1127 1852 et
1151 1787 1332 1871 tranquille

199 1898 399 1974 permaneat,
416 1891 458 1958 ob
477 1893 538 1958 hcc
553 1915 613 1977 pro
640 1899 759 1977 quarta
776 1893 903 1958 domine
919 1894 1034 1959 matris
1050 1915 1106 1958 sue
1122 1893 1210 1959 Dom
1225 1893 1327 1960 nomi·

198 2005 278 2064 nate
294 2001 413 2064 sororis
437 2006 549 2066 nostre
569 2001 736 2066 carissime
750 2000 908 2084 quasdam
924 2001 1141 2085 possessiones
1157 2006 1286 2066 nostras
1311 2024 1331 2066 a

199 2105 332 2172 domino
357 2113 468 2172 nostro
494 2129 569 2191 rege
593 2105 722 2174 Karolc
754 2107 903 2174 obtentas
929 2115 962 2174 et
987 2109 1154 2192 aquisitas,
1179 2107 1331 2174 videlicet

197 2213 409 2300 Moyspaulia
434 2221 467 2280 et
482 2215 876 2300 Ernefyastephanpaulia
892 2222 1023 2282 vocatas
1047 2217 1082 2281 in
1109 2217 1264 2282 comitatu
1290 2216 1330 2281 de

197 2320 313 2407 Byhor
337 2324 511 2388 existentes
536 2323 705 2389 ecclesiam
729 2325 764 2388 in
789 2345 823 2390 se
847 2324 882 2388 in
906 2323 1029 2390 honore
1053 2323 1142 2389 beati
1167 2323 1330 2390 Johannis

197 2431 351 2515 Baptista
377 2433 586 2515 continentes,
612 2454 692 2517 quas
718 2432 850 2516 quidem
864 2432 1079 2516 possessiones
1094 2431 1259 2516 predictus
1276 2431 1332 2497 do-

199 2541 306 2606 minus
330 2547 440 2607 noster
465 2562 521 2606 rex
545 2547 680 2624 propter
695 2539 842 2606 infideles
858 2546 891 2606 et
906 2539 1094 2606 manifestos
1110 2561 1257 2606 excessus
1276 2559 1332 2605 seu

198 2669 368 2732 processus
383 2647 480 2733 Moys
496 2655 529 2714 et
552 2647 649 2734 Elley
664 2647 805 2714 filiorum
821 2647 929 2733 Moysi
948 2670 987 2714 ac
1011 2645 1153 2713 filiorum
1169 2645 1328 2731 Stephani

198 2755 256 2841 fily
280 2755 371 2822 Erne
396 2756 577 2822 abstulerat
602 2755 644 2821 ab
660 2755 790 2839 eisdem,
806 2761 905 2839 prout
920 2755 1069 2821 omnibus
1085 2755 1258 2839 regnicolis
1273 2775 1332 2838 pa·

199 2866 266 2930 tuit
280 2863 460 2949 manifeste,
477 2871 510 2930 et
525 2863 618 2930 nobis
634 2870 769 2949 propter
784 2862 896 2928 fideles
915 2863 1093 2929 famulatus
1108 2869 1236 2929 nostros
1251 2883 1324 2946 per-

200 2979 300 3057 petuo
311 2962 503 3054 contulerat,
519 2972 664 3038 dedimus
681 3023 688 3038 .
705 3023 712 3038 .
729 2972 832 3038 eidem
844 2971 982 3038 Nicolao
993 2970 1061 3038 filio
1076 2971 1188 3037 Erdeu
1205 3021 1212 3036 .
1230 3020 1236 3036 .
1253 2991 1327 3036 cum

201 3079 335 3146 consilio
354 3087 387 3147 et
412 3101 545 3146 assensu
569 3081 808 3146 carissimorum
823 3080 965 3146 filiorum
990 3087 1183 3163 nostrorum,
1200 3079 1324 3145 scilicet

197 3187 224 3255 J
224 3187 326 3273 acobi,
336 3187 443 3270 Pauli,
453 3185 587 3253 Andree
598 3194 631 3254 et
642 3189 754 3254 Dause
764 3189 938 3254 nominatis
948 3185 1050 3274 (igy);
1070 3187 1209 3253 dicimus
1225 3187 1327 3252 eciam

198 3297 286 3382 quod
303 3298 380 3381 quia
388 3297 597 3382 privilegium
613 3303 759 3363 nostrum
775 3319 872 3382 super
887 3298 966 3380 ipsis
981 3295 1238 3382 possessionibus
1255 3315 1329 3360 oon-

196 3403 319 3472 fectum
334 3405 444 3488 plures
461 3405 542 3470 alias
552 3405 768 3489 possessiones
781 3405 823 3470 ab
848 3403 960 3470 eodem
976 3404 1106 3469 domino
1123 3407 1234 3468 nostro
1250 3423 1328 3486 rege

198 3514 293 3580 nobis
309 3515 445 3581 collatas
455 3514 488 3578 iu
500 3535 533 3579 se
549 3513 745 3598 continebat,
755 3520 928 3598 propterea
943 3514 1048 3596 ipsum
1064 3512 1269 3596 privilegium
1285 3511 1328 3575 ei·

196 3625 270 3689 dem
295 3621 435 3690 Nicolao
461 3623 539 3688 dare
564 3630 598 3688 et
622 3625 788 3707 assignare
813 3623 1025 3707 nequivimus
1051 3619 1107 3686 sed
1133 3621 1160 3685 si
1175 3639 1330 3704 processu

194 3737 380 3818 temporum
389 3732 606 3815 possessiones
631 3737 802 3816 prenotate
817 3753 875 3816 per
891 3731 1076 3816 quempiam
1092 3727 1134 3794 ab
1150 3727 1262 3794 eodem
1277 3747 1327 3791 re-

194 3843 440 3927 impeterentur,
464 3840 603 3925 predicti
627 3841 688 3906 filii
714 3843 818 3906 nostri
842 3841 893 3905 vel
918 3860 1029 3904 eorum
1057 3856 1255 3903 successores
1272 3855 1327 3901 no·

193 3957 299 4016 strum
324 3949 529 4035 privilegium
554 3971 651 4035 super
666 3950 831 4034 premissis
855 3945 1111 4034 possessionibus
1142 3947 1329 4009 emanatum

192 4057 349 4124 exhibere
375 4063 549 4124 teneantur
574 4064 606 4123 et
623 4057 761 4123 eundem
775 4055 950 4122 Nicolaum
966 4055 1018 4120 vel
1034 4074 1110 4119 suos
1125 4051 1260 4117 heredes
1277 4071 1329 4116 co·

190 4187 265 4234 ram
291 4167 405 4252 quovis
429 4165 535 4231 iudice
560 4165 729 4250 expedire;
759 4165 906 4232 volumus
932 4165 1042 4246 eciam,
1070 4161 1157 4245 quod
1182 4159 1328 4246 predicte

190 4275 411 4361 possessiones
435 4273 497 4358 ipsi
524 4271 663 4339 Nicolao
679 4281 747 4338 tarn
764 4273 821 4338 diu
836 4271 1025 4356 perpetuari
1041 4267 1255 4352 nonpossint,
1273 4266 1328 4332 do-

191 4405 255 4450 nec
277 4382 365 4448 idem
380 4381 538 4447 Nicolaus
562 4403 702 4447 unacum
717 4379 795 4446 filiis
810 4381 930 4446 nostris
946 4376 1127 4463 prenotatis
1144 4373 1187 4440 ad
1202 4375 1328 4459 capitu·

190 4493 262 4559 lum
286 4491 422 4558 accedet
446 4495 480 4556 et
503 4510 600 4573 super
614 4491 687 4574 ipsa
704 4493 823 4574 quarta
837 4487 952 4554 matris
968 4507 1024 4550 sue
1041 4483 1161 4550 eisdem
1176 4482 1254 4548 filiis
1269 4503 1327 4548 no·

191 4602 270 4668 stris
279 4601 409 4666 litteras
419 4597 638 4683 expeditorias
653 4599 688 4663 in
705 4597 818 4663 eodem
835 4595 980 4682 capitulo
995 4593 1111 4660 fecerit
1127 4611 1277 4657 emanare
1294 4639 1301 4655 .
1323 4637 1330 4654 .
