3154 5474
311 465 373 526 abb
669 476 858 524 trnrouuoar
876 465 1093 524 orrsrnnrrtu.

309 643 402 708 nobis
428 642 489 708 sibi
514 639 584 708 dari
610 689 641 707 ..
672 639 894 728 postulassent
924 659 1048 725 nosque
1078 642 1168 706 insta
1199 641 1292 725 regni
1322 641 1432 706 mostri

310 751 569 818 coiissetudinem
581 751 622 818 ab
633 751 768 836 antiquo
778 749 991 836 approbatam
1002 748 1151 815 fidelibus
1166 750 1286 816 nostris
1297 749 1432 834 capitulo

310 861 442 926 ecclesie
459 858 672 943 Zagrabiensi
700 865 737 926 ut
752 859 915 926 hominem
941 879 1052 924 eorum
1069 855 1269 942 fidedignum
1286 879 1348 942 quo
1363 878 1433 942 pre·

309 974 400 1036 sente
424 967 568 1034 Michael
592 966 678 1033 filius
702 965 825 1032 Paulus
849 967 900 1032 uel
925 965 1061 1032 Eretlen
1087 967 1127 1032 de
1153 965 1313 1032 Morooha
1328 965 1429 1031 altero

310 1078 442 1146 absente
452 1077 549 1144 bomo
565 1081 675 1142 noster
691 1075 802 1141 vicinis
820 1080 852 1141 et
867 1077 1095 1142 commetaneis
1112 1074 1255 1141 eiusdem
1271 1075 1433 1159 possessio·

310 1187 360 1252 nis
386 1185 567 1250 conuocatis
591 1205 650 1269 per
675 1187 800 1250 veteres
825 1189 927 1249 metas
953 1188 986 1249 et
1011 1185 1161 1269 antiquas
1177 1181 1430 1250 reambulaeione

310 1295 395 1360 lacta
410 1295 489 1378 ipsis
505 1292 650 1358 Martino
661 1297 694 1358 et
708 1289 847 1358 Nicolao
857 1289 933 1357 filiis
943 1292 1099 1370 Ladislai,
1111 1291 1250 1359 Nicolno
1267 1291 1432 1358 Dominieo

310 1400 476 1486 Stephano
493 1407 525 1468 et
536 1402 561 1468 J
563 1400 661 1467 acobo
677 1397 752 1466 filiis
767 1395 880 1466 Abrae
896 1398 972 1464 filiis
989 1400 1131 1466 eiusdem
1147 1399 1293 1465 Ledislai
1309 1406 1430 1464 contra-

310 1511 508 1577 diccionibus
534 1533 598 1576 nou
624 1509 837 1594 aparentibus
864 1511 1008 1574 statuere
1025 1515 1181 1594 perpetuo
1198 1507 1430 1594 possidendam,

311 1620 442 1686 tandem
460 1620 563 1685 tocius
584 1619 659 1684 sacti
676 1619 790 1684 seriem
808 1667 837 1684 ..
865 1617 1064 1684 rescribere.
1082 1669 1089 1684 .
1120 1617 1271 1702 debeant,
1288 1617 1430 1684 mandas·

311 1751 424 1814 senine,
450 1751 489 1795 ao
514 1733 622 1794 tamen
643 1728 765 1794 dietum
798 1727 977 1812 capitulum
1003 1747 1098 1812 super
1124 1727 1174 1792 his
1203 1727 1430 1811 rescripserunt

311 1839 404 1904 nobis
428 1839 461 1903 iu
487 1837 546 1903 hec
562 1837 676 1902 verba:
708 1887 715 1903 .
733 1885 739 1902 .
755 1835 884 1901 Karolo
901 1886 932 1901 ..
964 1837 1033 1920 regi
1051 1885 1081 1902 ..
1110 1837 1290 1920 capitulum
1307 1837 1429 1902 ecclesie

311 1945 538 2028 Zagrabiensis
563 1995 597 2012 ..
633 1944 743 2010 literas
777 1945 955 2010 maiestatis
986 1951 1092 2012 vestre
1124 1943 1218 2012 nobis
1257 1945 1429 2010 destinatas

311 2055 490 2138 recepimus
509 2055 542 2120 in
562 2053 621 2119 heo
636 2054 751 2120 verba:
767 2052 914 2120 Karalus
930 2051 1032 2140 stb.*)
1048 2053 1172 2120 Datum
1188 2055 1222 2118 in
1239 2051 1430 2135 Wissegrad,

312 2163 471 2228 dominico
499 2163 550 2228 die
582 2163 730 2246 proximo
749 2165 823 2247 post
847 2161 964 2226 festum
996 2162 1085 2227 beati
1116 2159 1254 2246 Georgii
1286 2162 1430 2242 martiris,

311 2293 394 2337 arnm
411 2269 532 2336 domini
556 2269 733 2336 Millesimo
759 2267 860 2337 0000
887 2267 1018 2334 XXX⁰
1043 2271 1155 2354 primo.
1181 2267 1254 2336 Nos
1281 2275 1385 2335 autem
1401 2317 1430 2334 ..

312 2401 383 2446 cum
413 2380 559 2463 predicto
593 2379 755 2444 Michaele
790 2379 921 2444 homine
961 2383 1067 2445 restro
1107 2377 1297 2445 dobannem
1335 2395 1429 2444 sacer·

311 2489 418 2554 dotem
434 2487 682 2572 prebendarium
707 2487 797 2554 chori
822 2487 951 2552 ecclesie
976 2491 1132 2553 nostre..
1150 2487 1303 2552 duximus
1331 2493 1430 2552 trans·

310 2597 504 2662 mittendum
537 2597 592 2682 qui
618 2597 746 2662 demum
762 2646 793 2664 ..
825 2597 997 2662 redeuntes
1022 2597 1115 2662 nobis
1132 2597 1323 2680 recitarunt,
1347 2593 1426 2680 quod

309 2705 393 2770 idern
426 2705 522 2772 homo
550 2709 655 2772 uester
680 2711 828 2791 presente
853 2706 924 2790 ipso
949 2705 1078 2771 homine
1109 2709 1220 2771 nostro
1255 2704 1427 2790 predictam

309 2815 542 2898 possessionem
554 2814 668 2900 Ohehy
684 2816 866 2880 convocatis
883 2813 995 2880 ricinis
1006 2819 1038 2880 et
1050 2816 1281 2881 commetaneis
1298 2813 1429 2880 eiusdem

311 2925 427 2989 statuit
451 2922 598 2990 Mar-tino
623 2931 654 2988 et
679 2921 820 2990 Nicolao
837 2921 912 2988 filiis
930 2921 1073 2988 eiusdem
1089 2922 1234 2988 Ladislai
1253 2930 1286 2989 et
1301 2922 1429 2988 Nicolao

310 3031 377 3096 tilio
397 3032 532 3116 predicti
558 3029 650 3098 Abre
665 3081 696 3098 ..
728 3032 855 3098 nemine
889 3031 1128 3096 contradictore
1154 3032 1322 3115 existente,
1346 3031 1428 3096 ouius

311 3140 440 3224 quidem
464 3140 673 3224 possessionis
697 3147 782 3206 mete
797 3143 897 3226 prout
922 3139 1006 3205 idem
1023 3139 1119 3205 bomo
1144 3143 1250 3204 uester
1274 3147 1305 3205 et
1330 3143 1429 3204 noster

310 3248 403 3314 nobis
427 3249 461 3313 in
486 3249 615 3334 scriptis
640 3249 820 3314 attulerunt
844 3249 906 3314 hoc
931 3247 1042 3313 ordine
1068 3247 1306 3332 distinguntur:
1331 3248 1428 3332 prima

309 3362 394 3421 meta
409 3357 524 3441 incipit
540 3363 661 3441 aparte
678 3357 812 3422 orientis
833 3377 930 3441 super
945 3354 1077 3421 fiuvium
1094 3355 1190 3422 Zawe
1200 3363 1233 3422 et
1250 3359 1316 3422 exit
1330 3375 1431 3421 versus

309 3465 475 3531 meridiem
492 3466 689 3532 transeundo
705 3465 969 3532 Panechnicham
985 3467 1026 3532 ad
1037 3466 1365 3551 semptemtrionalem
1381 3463 1429 3529 ubi

309 3574 466 3639 vicinatur
491 3575 712 3658 castrensium,
739 3574 778 3640 de
803 3575 880 3639 hinc
904 3576 989 3641 circa
1016 3575 1148 3641 eandem
1179 3574 1430 3642 Panechnicham

308 3702 479 3766 perunum
505 3682 588 3746 riam
603 3681 749 3748 flectitur
764 3704 874 3748 versus
901 3684 1108 3768 occidentem,
1134 3683 1208 3749 inde
1234 3681 1430 3768 procedendo

309 3791 343 3856 in
359 3811 458 3875 parvo
475 3792 584 3875 spacio
600 3792 687 3858 veuit
702 3791 744 3858 ad
761 3794 928 3876 antiquam
944 3794 1028 3858 uiam
1038 3814 1139 3878 prope
1150 3791 1288 3860 Siublan
1305 3799 1337 3858 et
1352 3789 1431 3856 radit

309 3919 406 3964 unam
422 3898 560 3964 mlakam
577 3920 638 3985 que
654 3904 788 3966 vocatur
803 3897 1005 3967 Oistamlaka
1016 3902 1071 3968 ubi
1081 3903 1241 3968 vicinatur
1256 3907 1344 3967 terre
1359 3899 1431 3964 filio·

308 4029 381 4071 rum
404 4005 548 4092 Lukach,
574 4007 688 4074 deinde
704 4007 846 4075 flectitur
871 4031 982 4076 uersus
1007 4010 1174 4076 meridiem
1199 4031 1258 4094 per
1290 4009 1430 4092 antiquas

308 4119 410 4181 metas
438 4119 559 4182 terreas
585 4121 617 4182 et
641 4118 729 4184 veuit
752 4116 795 4184 ad
820 4117 971 4186 arborem
997 4121 1047 4205 zyl
1076 4120 1133 4185 ubi
1163 4123 1213 4185 est
1237 4123 1326 4184 meta
1349 4123 1430 4184 terra

311 4222 507 4290 circumfusa
533 4223 576 4290 ad
601 4227 722 4292 terram
748 4227 878 4292 ecclesie
904 4230 1007 4294 sancti
1024 4225 1160 4311 Georgii
1190 4227 1229 4292 do
1261 4224 1359 4312 Odra,
1380 4225 1432 4290 cir-

313 4331 435 4398 cuendo
451 4333 542 4400 illam
558 4338 680 4402 terram
696 4335 781 4402 cadit
800 4337 833 4401 in
851 4356 969 4421 aquam
986 4333 1087 4421 Odrn,
1103 4335 1223 4402 abhinc
1238 4333 1432 4422 procedendo

415 4586 441 4650 *)
455 4587 628 4640 Kbvetkezik
648 4590 670 4642 1.
684 4589 790 4656 Kdroly
809 4589 959 4656 kirtlynak
979 4591 1097 4642 sdntebb
1121 4590 1183 4642 mbr
1196 4589 1369 4642 kivonatban
1384 4589 1433 4652 log-

312 4677 367 4728 lslt
382 4691 394 4727 s
409 4693 425 4728 a
438 4669 552 4746 zagrtbi
566 4677 755 4748 ktptalanhoz
768 4679 886 4734 inttzett
903 4680 1099 4748 megkerestse.
