<?xml version="1.0" encoding="UTF-8"?>
<!DOCTYPE html PUBLIC "-//W3C//DTD XHTML 1.0 Transitional//EN"
    "http://www.w3.org/TR/xhtml1/DTD/xhtml1-transitional.dtd">
<html xmlns="http://www.w3.org/1999/xhtml" xml:lang="en" lang="en">
 <head>
  <title>
</title>
<meta http-equiv="Content-Type" content="text/html;charset=utf-8" />
  <meta name='ocr-system' content='tesseract 3.04.00' />
  <meta name='ocr-capabilities' content='ocr_page ocr_carea ocr_par ocr_line ocrx_word'/>
</head>
<body>
  <div class='ocr_page' id='page_1' title='image "./codexdiplomatic01nagygoog_0173.png"; bbox 0 0 3172 5462; ppageno 0'>
   <div class='ocr_carea' id='block_1_1' title="bbox 703 439 1125 500">
    <p class='ocr_par' dir='ltr' id='par_1_1' title="bbox 703 439 1125 500">
     <span class='ocr_line' id='line_1_1' title="bbox 703 439 1125 500; baseline -0.002 -1"><span class='ocrx_word' id='word_1_1' title='bbox 703 450 891 500; x_wconf 80' lang='lat' dir='ltr'>anroononr</span> <span class='ocrx_word' id='word_1_2' title='bbox 907 439 1125 499; x_wconf 75' lang='lat' dir='ltr'>ouulurrla.</span> 
     </span>
    </p>
   </div>
   <div class='ocr_carea' id='block_1_2' title="bbox 883 835 956 898">
    <p class='ocr_par' dir='ltr' id='par_1_2' title="bbox 883 835 956 898">
     <span class='ocr_line' id='line_1_2' title="bbox 883 835 956 898; baseline 0.027 -2"><span class='ocrx_word' id='word_1_3' title='bbox 883 835 956 898; x_wconf 88' lang='grc'><strong>140.</strong></span> 
     </span>
    </p>
   </div>
   <div class='ocr_carea' id='block_1_3' title="bbox 350 994 1458 1300">
    <p class='ocr_par' dir='ltr' id='par_1_3' title="bbox 350 994 1458 1300">
     <span class='ocr_line' id='line_1_3' title="bbox 352 994 1456 1082; baseline -0.003 -24"><span class='ocrx_word' id='word_1_4' title='bbox 352 995 447 1059; x_wconf 74' lang='grc'><em>1324.</em></span> <span class='ocrx_word' id='word_1_5' title='bbox 464 1008 539 1081; x_wconf 83' lang='lat' dir='ltr'>sept.</span> <span class='ocrx_word' id='word_1_6' title='bbox 556 998 586 1062; x_wconf 70' lang='lat' dir='ltr'>al.</span> <span class='ocrx_word' id='word_1_7' title='bbox 604 994 634 1060; x_wconf 75' lang='lat' dir='ltr'>ll</span> <span class='ocrx_word' id='word_1_8' title='bbox 651 997 796 1062; x_wconf 82' lang='lat' dir='ltr'>boszuiui</span> <span class='ocrx_word' id='word_1_9' title='bbox 810 996 969 1082; x_wconf 83' lang='lat' dir='ltr'>ku&#39;ptalca</span> <span class='ocrx_word' id='word_1_10' title='bbox 987 995 1058 1060; x_wconf 76' lang='lat' dir='ltr'>elta</span> <span class='ocrx_word' id='word_1_11' title='bbox 1077 995 1210 1060; x_wconf 72' lang='lat' dir='ltr'>Neutrtai</span> <span class='ocrx_word' id='word_1_12' title='bbox 1234 995 1347 1060; x_wconf 75' lang='lat' dir='ltr'>Ldszlo&#39;</span> <span class='ocrx_word' id='word_1_13' title='bbox 1361 994 1456 1056; x_wconf 73' lang='lat' dir='ltr'>Nauna</span> 
     </span>
     <span class='ocr_line' id='line_1_4' title="bbox 351 1102 1457 1193; baseline 0.001 -28"><span class='ocrx_word' id='word_1_14' title='bbox 351 1103 497 1167; x_wconf 79' lang='lat' dir='ltr'>odrdbua</span> <span class='ocrx_word' id='word_1_15' title='bbox 514 1105 546 1168; x_wconf 82' lang='lat' dir='ltr'>c‘s</span> <span class='ocrx_word' id='word_1_16' title='bbox 564 1129 602 1170; x_wconf 80' lang='lat' dir='ltr'>aa</span> <span class='ocrx_word' id='word_1_17' title='bbox 619 1102 830 1170; x_wconf 78' lang='lat' dir='ltr'>aboz&#39;tartozo&#39;</span> <span class='ocrx_word' id='word_1_18' title='bbox 845 1105 1049 1193; x_wconf 63' lang='lat' dir='ltr'>betsalubon</span> <span class='ocrx_word' id='word_1_19' title='bbox 1068 1105 1137 1170; x_wconf 81' lang='lat' dir='ltr'>le&#39;vd</span> <span class='ocrx_word' id='word_1_20' title='bbox 1154 1104 1355 1169; x_wconf 81' lang='lat' dir='ltr'>birtolcre‘sze&#39;t</span> <span class='ocrx_word' id='word_1_21' title='bbox 1375 1103 1457 1166; x_wconf 78' lang='lat' dir='ltr'>Valli</span> 
     </span>
     <span class='ocr_line' id='line_1_5' title="bbox 350 1212 1458 1300; baseline -0.003 -24"><span class='ocrx_word' id='word_1_22' title='bbox 350 1212 586 1300; x_wconf 74' lang='lat' dir='ltr'>odi-meppe‘bmr,</span> <span class='ocrx_word' id='word_1_23' title='bbox 617 1217 718 1300; x_wconf 60' lang='lat' dir='ltr'>cqjcr&#39;re</span> <span class='ocrx_word' id='word_1_24' title='bbox 748 1212 869 1278; x_wconf 74' lang='lat' dir='ltr'>illilclds</span> <span class='ocrx_word' id='word_1_25' title='bbox 897 1213 1056 1299; x_wconf 77' lang='lat' dir='ltr'>pazsouyi</span> <span class='ocrx_word' id='word_1_26' title='bbox 1077 1213 1264 1300; x_wconf 76' lang='lat' dir='ltr'>fb&#39;ispdara</span> <span class='ocrx_word' id='word_1_27' title='bbox 1300 1213 1458 1276; x_wconf 78' lang='lat' dir='ltr'>citruta&#39;zzo.</span> 
     </span>
    </p>
   </div>
   <div class='ocr_carea' id='block_1_4' title="bbox 351 1369 1554 4700">
    <p class='ocr_par' dir='ltr' id='par_1_4' title="bbox 351 1369 1554 4700">
     <span class='ocr_line' id='line_1_6' title="bbox 459 1369 1460 1456; baseline -0.002 -20"><span class='ocrx_word' id='word_1_28' title='bbox 459 1369 648 1456; x_wconf 84' lang='lat' dir='ltr'><strong>Capitulum</strong></span> <span class='ocrx_word' id='word_1_29' title='bbox 672 1375 805 1440; x_wconf 82' lang='lat' dir='ltr'>ecclesie</span> <span class='ocrx_word' id='word_1_30' title='bbox 829 1373 1006 1439; x_wconf 84' lang='lat' dir='ltr'>Bonnensis</span> <span class='ocrx_word' id='word_1_31' title='bbox 1023 1423 1054 1439; x_wconf 92' lang='lat'>..</span> <span class='ocrx_word' id='word_1_32' title='bbox 1080 1373 1123 1438; x_wconf 87' lang='lat' dir='ltr'>ad</span> <span class='ocrx_word' id='word_1_33' title='bbox 1148 1373 1367 1438; x_wconf 82' lang='lat' dir='ltr'>universorum</span> <span class='ocrx_word' id='word_1_34' title='bbox 1394 1371 1460 1436; x_wconf 88' lang='lat' dir='ltr'>noti-</span> 
     </span>
     <span class='ocr_line' id='line_1_7' title="bbox 352 1478 1461 1567; baseline -0.001 -24"><span class='ocrx_word' id='word_1_35' title='bbox 352 1481 434 1544; x_wconf 86' lang='lat' dir='ltr'>ciam</span> <span class='ocrx_word' id='word_1_36' title='bbox 451 1530 458 1544; x_wconf 94' lang='lat'><strong>.</strong></span> <span class='ocrx_word' id='word_1_37' title='bbox 475 1530 482 1545; x_wconf 88' lang='lat'><strong>.</strong></span> <span class='ocrx_word' id='word_1_38' title='bbox 498 1482 645 1548; x_wconf 81' lang='lat' dir='ltr'>volumus</span> <span class='ocrx_word' id='word_1_39' title='bbox 662 1484 836 1567; x_wconf 85' lang='lat' dir='ltr'>pervenire,</span> <span class='ocrx_word' id='word_1_40' title='bbox 862 1481 947 1565; x_wconf 91' lang='lat' dir='ltr'>quod</span> <span class='ocrx_word' id='word_1_41' title='bbox 968 1483 1084 1547; x_wconf 81' lang='lat' dir='ltr'>comite</span> <span class='ocrx_word' id='word_1_42' title='bbox 1109 1479 1267 1546; x_wconf 90' lang='lat' dir='ltr'>Ladislao</span> <span class='ocrx_word' id='word_1_43' title='bbox 1299 1481 1339 1546; x_wconf 88' lang='lat' dir='ltr'>de</span> <span class='ocrx_word' id='word_1_44' title='bbox 1366 1478 1461 1545; x_wconf 85' lang='lat' dir='ltr'>Neona</span> 
     </span>
     <span class='ocr_line' id='line_1_8' title="bbox 351 1585 1552 1674; baseline -0.001 -23"><span class='ocrx_word' id='word_1_45' title='bbox 351 1585 419 1652; x_wconf 90' lang='lat' dir='ltr'>filio</span> <span class='ocrx_word' id='word_1_46' title='bbox 436 1590 599 1672; x_wconf 88' lang='lat' dir='ltr'>quondam</span> <span class='ocrx_word' id='word_1_47' title='bbox 615 1592 740 1657; x_wconf 89' lang='lat' dir='ltr'>comitis</span> <span class='ocrx_word' id='word_1_48' title='bbox 751 1591 909 1657; x_wconf 84' lang='lat' dir='ltr'>Seruesde</span> <span class='ocrx_word' id='word_1_49' title='bbox 926 1591 967 1656; x_wconf 89' lang='lat' dir='ltr'>ab</span> <span class='ocrx_word' id='word_1_50' title='bbox 985 1612 1051 1655; x_wconf 87' lang='lat' dir='ltr'>una</span> <span class='ocrx_word' id='word_1_51' title='bbox 1069 1596 1162 1674; x_wconf 91' lang='lat' dir='ltr'>parte</span> <span class='ocrx_word' id='word_1_52' title='bbox 1180 1598 1212 1654; x_wconf 91' lang='lat' dir='ltr'>et</span> <span class='ocrx_word' id='word_1_53' title='bbox 1228 1589 1391 1674; x_wconf 85' lang='lat' dir='ltr'>magnifico</span> <span class='ocrx_word' id='word_1_54' title='bbox 1407 1589 1459 1652; x_wconf 78' lang='lat' dir='ltr'>viro</span> <span class='ocrx_word' id='word_1_55' title='bbox 1551 1643 1552 1672; x_wconf 16' lang='grc' dir='ltr'>ᾖ</span> 
     </span>
     <span class='ocr_line' id='line_1_9' title="bbox 352 1697 1461 1782; baseline 0 -24"><span class='ocrx_word' id='word_1_56' title='bbox 352 1697 507 1778; x_wconf 83' lang='lat' dir='ltr'>magistro</span> <span class='ocrx_word' id='word_1_57' title='bbox 524 1697 556 1763; x_wconf 91' lang='lat' dir='ltr'>N</span> <span class='ocrx_word' id='word_1_58' title='bbox 559 1699 662 1765; x_wconf 89' lang='lat' dir='ltr'>icolao</span> <span class='ocrx_word' id='word_1_59' title='bbox 679 1700 796 1764; x_wconf 82' lang='lat' dir='ltr'>comite</span> <span class='ocrx_word' id='word_1_60' title='bbox 812 1721 898 1764; x_wconf 87' lang='lat' dir='ltr'>nunc</span> <span class='ocrx_word' id='word_1_61' title='bbox 919 1697 1110 1764; x_wconf 88' lang='lat' dir='ltr'>Posoniensi</span> <span class='ocrx_word' id='word_1_62' title='bbox 1135 1720 1255 1782; x_wconf 86' lang='lat' dir='ltr'>genero</span> <span class='ocrx_word' id='word_1_63' title='bbox 1280 1698 1411 1763; x_wconf 89' lang='lat' dir='ltr'>eiusdem</span> <span class='ocrx_word' id='word_1_64' title='bbox 1432 1717 1461 1758; x_wconf 86' lang='lat' dir='ltr'>er</span> 
     </span>
     <span class='ocr_line' id='line_1_10' title="bbox 352 1801 1462 1890; baseline 0 -24"><span class='ocrx_word' id='word_1_65' title='bbox 352 1801 457 1868; x_wconf 87' lang='lat' dir='ltr'>altera</span> <span class='ocrx_word' id='word_1_66' title='bbox 473 1826 581 1872; x_wconf 88' lang='lat' dir='ltr'>coram</span> <span class='ocrx_word' id='word_1_67' title='bbox 607 1807 697 1872; x_wconf 91' lang='lat' dir='ltr'>nobis</span> <span class='ocrx_word' id='word_1_68' title='bbox 714 1808 928 1890; x_wconf 71' lang='lat' dir='ltr'>personaliter</span> <span class='ocrx_word' id='word_1_69' title='bbox 945 1807 1130 1873; x_wconf 86' lang='lat' dir='ltr'>constitutis</span> <span class='ocrx_word' id='word_1_70' title='bbox 1145 1827 1203 1890; x_wconf 87' lang='lat' dir='ltr'>per</span> <span class='ocrx_word' id='word_1_71' title='bbox 1228 1806 1363 1870; x_wconf 87' lang='lat' dir='ltr'>eundem</span> <span class='ocrx_word' id='word_1_72' title='bbox 1385 1803 1462 1868; x_wconf 90' lang='lat' dir='ltr'>comi·</span> 
     </span>
     <span class='ocr_line' id='line_1_11' title="bbox 352 1911 1461 2000; baseline -0.001 -26"><span class='ocrx_word' id='word_1_73' title='bbox 352 1917 418 1974; x_wconf 91' lang='lat' dir='ltr'>tem</span> <span class='ocrx_word' id='word_1_74' title='bbox 448 1911 638 1979; x_wconf 87' lang='lat' dir='ltr'>Ludislaum</span> <span class='ocrx_word' id='word_1_75' title='bbox 669 1917 872 2000; x_wconf 89' lang='lat' dir='ltr'>propositum</span> <span class='ocrx_word' id='word_1_76' title='bbox 904 1916 1046 1980; x_wconf 87' lang='lat' dir='ltr'>extitit.</span> <span class='ocrx_word' id='word_1_77' title='bbox 1072 1965 1079 1980; x_wconf 88' lang='lat'><strong>.</strong></span> <span class='ocrx_word' id='word_1_78' title='bbox 1104 1915 1193 1998; x_wconf 90' lang='lat' dir='ltr'>quod</span> <span class='ocrx_word' id='word_1_79' title='bbox 1224 1935 1298 1978; x_wconf 91' lang='lat' dir='ltr'>cum</span> <span class='ocrx_word' id='word_1_80' title='bbox 1329 1915 1390 1996; x_wconf 90' lang='lat' dir='ltr'>ipse</span> <span class='ocrx_word' id='word_1_81' title='bbox 1416 1931 1461 1992; x_wconf 91' lang='lat' dir='ltr'>per</span> 
     </span>
     <span class='ocr_line' id='line_1_12' title="bbox 351 2016 1462 2106; baseline -0.002 -24"><span class='ocrx_word' id='word_1_82' title='bbox 351 2016 456 2102; x_wconf 86' lang='lat' dir='ltr'>Josyp</span> <span class='ocrx_word' id='word_1_83' title='bbox 480 2019 585 2086; x_wconf 91' lang='lat' dir='ltr'>filium</span> <span class='ocrx_word' id='word_1_84' title='bbox 609 2021 771 2088; x_wconf 85' lang='lat' dir='ltr'>Johannis</span> <span class='ocrx_word' id='word_1_85' title='bbox 796 2026 829 2088; x_wconf 92' lang='lat' dir='ltr'>in</span> <span class='ocrx_word' id='word_1_86' title='bbox 854 2024 1020 2106; x_wconf 89' lang='lat' dir='ltr'>presencia</span> <span class='ocrx_word' id='word_1_87' title='bbox 1052 2021 1216 2106; x_wconf 85' lang='lat' dir='ltr'>magnifici</span> <span class='ocrx_word' id='word_1_88' title='bbox 1247 2022 1307 2087; x_wconf 81' lang='lat' dir='ltr'>riri</span> <span class='ocrx_word' id='word_1_89' title='bbox 1337 2017 1462 2102; x_wconf 76' lang='lat' dir='ltr'>magistri</span> 
     </span>
     <span class='ocr_line' id='line_1_13' title="bbox 352 2125 1464 2211; baseline -0.003 -21"><span class='ocrx_word' id='word_1_90' title='bbox 352 2125 520 2210; x_wconf 87' lang='lat' dir='ltr'>Lamporti</span> <span class='ocrx_word' id='word_1_91' title='bbox 535 2131 697 2211; x_wconf 89' lang='lat' dir='ltr'>quondam</span> <span class='ocrx_word' id='word_1_92' title='bbox 713 2131 828 2196; x_wconf 89' lang='lat' dir='ltr'>indicis</span> <span class='ocrx_word' id='word_1_93' title='bbox 845 2130 932 2194; x_wconf 86' lang='lat' dir='ltr'>curie</span> <span class='ocrx_word' id='word_1_94' title='bbox 950 2180 957 2194; x_wconf 90' lang='lat'><strong>.</strong></span> <span class='ocrx_word' id='word_1_95' title='bbox 974 2180 980 2194; x_wconf 92' lang='lat'>.</span> <span class='ocrx_word' id='word_1_96' title='bbox 998 2129 1110 2194; x_wconf 84' lang='lat' dir='ltr'>ordine</span> <span class='ocrx_word' id='word_1_97' title='bbox 1125 2129 1294 2194; x_wconf 90' lang='lat' dir='ltr'>iudiciario</span> <span class='ocrx_word' id='word_1_98' title='bbox 1310 2129 1343 2192; x_wconf 93' lang='lat' dir='ltr'>in</span> <span class='ocrx_word' id='word_1_99' title='bbox 1358 2131 1464 2191; x_wconf 90' lang='lat' dir='ltr'>senten·</span> 
     </span>
     <span class='ocr_line' id='line_1_14' title="bbox 353 2235 1463 2320; baseline -0.003 -22"><span class='ocrx_word' id='word_1_100' title='bbox 353 2235 403 2298; x_wconf 86' lang='lat' dir='ltr'>cia</span> <span class='ocrx_word' id='word_1_101' title='bbox 419 2257 474 2299; x_wconf 85' lang='lat' dir='ltr'>seu</span> <span class='ocrx_word' id='word_1_102' title='bbox 490 2237 761 2302; x_wconf 87' lang='lat' dir='ltr'>condenmacione</span> <span class='ocrx_word' id='word_1_103' title='bbox 776 2259 912 2320; x_wconf 85' lang='lat' dir='ltr'>persone</span> <span class='ocrx_word' id='word_1_104' title='bbox 929 2243 961 2303; x_wconf 90' lang='lat' dir='ltr'>et</span> <span class='ocrx_word' id='word_1_105' title='bbox 977 2239 1092 2320; x_wconf 89' lang='lat' dir='ltr'>capitis</span> <span class='ocrx_word' id='word_1_106' title='bbox 1109 2238 1158 2302; x_wconf 93' lang='lat' dir='ltr'>sui</span> <span class='ocrx_word' id='word_1_107' title='bbox 1175 2243 1207 2302; x_wconf 93' lang='lat' dir='ltr'>et</span> <span class='ocrx_word' id='word_1_108' title='bbox 1223 2235 1266 2300; x_wconf 89' lang='lat' dir='ltr'>ad</span> <span class='ocrx_word' id='word_1_109' title='bbox 1282 2235 1463 2299; x_wconf 80' lang='lat' dir='ltr'>amissionem</span> 
     </span>
     <span class='ocr_line' id='line_1_15' title="bbox 353 2342 1553 2426; baseline -0.005 -20"><span class='ocrx_word' id='word_1_110' title='bbox 353 2343 495 2408; x_wconf 90' lang='lat' dir='ltr'>omnium</span> <span class='ocrx_word' id='word_1_111' title='bbox 528 2347 763 2426; x_wconf 89' lang='lat' dir='ltr'>possessionum</span> <span class='ocrx_word' id='word_1_112' title='bbox 789 2351 822 2410; x_wconf 92' lang='lat' dir='ltr'>et</span> <span class='ocrx_word' id='word_1_113' title='bbox 846 2367 952 2410; x_wconf 90' lang='lat' dir='ltr'>rerum</span> <span class='ocrx_word' id='word_1_114' title='bbox 979 2368 1110 2411; x_wconf 88' lang='lat' dir='ltr'>suarum</span> <span class='ocrx_word' id='word_1_115' title='bbox 1135 2345 1301 2410; x_wconf 88' lang='lat' dir='ltr'>convictus</span> <span class='ocrx_word' id='word_1_116' title='bbox 1326 2342 1464 2408; x_wconf 79' lang='lat' dir='ltr'>extitisset</span> <span class='ocrx_word' id='word_1_117' title='bbox 1552 2417 1553 2422; x_wconf 5' lang='grc' dir='ltr'>ἵ</span> 
     </span>
     <span class='ocr_line' id='line_1_16' title="bbox 352 2425 1553 2536; baseline -0.002 -24"><span class='ocrx_word' id='word_1_118' title='bbox 352 2450 516 2532; x_wconf 84' lang='lat' dir='ltr'>predictus</span> <span class='ocrx_word' id='word_1_119' title='bbox 532 2455 686 2536; x_wconf 84' lang='lat' dir='ltr'>magister</span> <span class='ocrx_word' id='word_1_120' title='bbox 704 2453 862 2519; x_wconf 88' lang='lat' dir='ltr'>Nicolaus</span> <span class='ocrx_word' id='word_1_121' title='bbox 878 2475 977 2536; x_wconf 84' lang='lat' dir='ltr'>gener</span> <span class='ocrx_word' id='word_1_122' title='bbox 992 2476 1069 2518; x_wconf 89' lang='lat' dir='ltr'>suus</span> <span class='ocrx_word' id='word_1_123' title='bbox 1085 2454 1118 2517; x_wconf 93' lang='lat' dir='ltr'>in</span> <span class='ocrx_word' id='word_1_124' title='bbox 1134 2451 1320 2516; x_wconf 90' lang='lat' dir='ltr'>huiusmodi</span> <span class='ocrx_word' id='word_1_125' title='bbox 1338 2447 1462 2533; x_wconf 92' lang='lat' dir='ltr'>periculo</span> <span class='ocrx_word' id='word_1_126' title='bbox 1552 2425 1553 2472; x_wconf 69' lang='lat' dir='ltr'>l</span> 
     </span>
     <span class='ocr_line' id='line_1_17' title="bbox 353 2555 1553 2644; baseline -0.005 -20"><span class='ocrx_word' id='word_1_127' title='bbox 353 2576 410 2621; x_wconf 86' lang='lat' dir='ltr'>suo</span> <span class='ocrx_word' id='word_1_128' title='bbox 427 2609 433 2622; x_wconf 95' lang='lat'><em>.</em></span> <span class='ocrx_word' id='word_1_129' title='bbox 450 2609 457 2624; x_wconf 88' lang='lat'><strong>.</strong></span> <span class='ocrx_word' id='word_1_130' title='bbox 473 2562 612 2644; x_wconf 87' lang='lat' dir='ltr'>propriis</span> <span class='ocrx_word' id='word_1_131' title='bbox 637 2561 801 2628; x_wconf 85' lang='lat' dir='ltr'>laboribus</span> <span class='ocrx_word' id='word_1_132' title='bbox 827 2568 860 2626; x_wconf 92' lang='lat' dir='ltr'>et</span> <span class='ocrx_word' id='word_1_133' title='bbox 885 2562 1016 2644; x_wconf 86' lang='lat' dir='ltr'>speciali</span> <span class='ocrx_word' id='word_1_134' title='bbox 1041 2562 1188 2626; x_wconf 89' lang='lat' dir='ltr'>bonitate</span> <span class='ocrx_word' id='word_1_135' title='bbox 1217 2579 1257 2624; x_wconf 89' lang='lat' dir='ltr'>ac</span> <span class='ocrx_word' id='word_1_136' title='bbox 1287 2557 1376 2622; x_wconf 88' lang='lat' dir='ltr'>filiali</span> <span class='ocrx_word' id='word_1_137' title='bbox 1399 2555 1462 2620; x_wconf 85' lang='lat' dir='ltr'>dile·</span> <span class='ocrx_word' id='word_1_138' title='bbox 1552 2561 1553 2564; x_wconf 75' lang='grc'>’</span> 
     </span>
     <span class='ocr_line' id='line_1_18' title="bbox 355 2663 1464 2752; baseline -0.002 -24"><span class='ocrx_word' id='word_1_139' title='bbox 355 2666 465 2730; x_wconf 89' lang='lat' dir='ltr'>coiono</span> <span class='ocrx_word' id='word_1_140' title='bbox 490 2670 688 2734; x_wconf 89' lang='lat' dir='ltr'>occurrendo</span> <span class='ocrx_word' id='word_1_141' title='bbox 705 2691 782 2752; x_wconf 83' lang='lat' dir='ltr'>erga</span> <span class='ocrx_word' id='word_1_142' title='bbox 798 2669 1104 2734; x_wconf 86' lang='lat' dir='ltr'>excellentissimum</span> <span class='ocrx_word' id='word_1_143' title='bbox 1129 2667 1294 2734; x_wconf 91' lang='lat' dir='ltr'>dominum</span> <span class='ocrx_word' id='word_1_144' title='bbox 1319 2663 1464 2730; x_wconf 88' lang='lat' dir='ltr'>Karolun</span> 
     </span>
     <span class='ocr_line' id='line_1_19' title="bbox 353 2773 1464 2862; baseline -0.001 -26"><span class='ocrx_word' id='word_1_145' title='bbox 353 2793 463 2855; x_wconf 80' lang='lat' dir='ltr'>regem</span> <span class='ocrx_word' id='word_1_146' title='bbox 478 2775 648 2860; x_wconf 85' lang='lat' dir='ltr'>Hungarie</span> <span class='ocrx_word' id='word_1_147' title='bbox 664 2777 846 2862; x_wconf 90' lang='lat' dir='ltr'>predictum</span> <span class='ocrx_word' id='word_1_148' title='bbox 863 2783 896 2842; x_wconf 92' lang='lat' dir='ltr'>et</span> <span class='ocrx_word' id='word_1_149' title='bbox 911 2778 1052 2842; x_wconf 89' lang='lat' dir='ltr'>iudicem</span> <span class='ocrx_word' id='word_1_150' title='bbox 1069 2773 1188 2862; x_wconf 85' lang='lat' dir='ltr'>(curie)</span> <span class='ocrx_word' id='word_1_151' title='bbox 1200 2797 1256 2840; x_wconf 88' lang='lat' dir='ltr'>sue</span> <span class='ocrx_word' id='word_1_152' title='bbox 1265 2774 1464 2858; x_wconf 87' lang='lat' dir='ltr'>prescriptum</span> 
     </span>
     <span class='ocr_line' id='line_1_20' title="bbox 353 2881 1466 2970; baseline -0.004 -25"><span class='ocrx_word' id='word_1_153' title='bbox 353 2881 445 2948; x_wconf 88' lang='lat' dir='ltr'>iuxta</span> <span class='ocrx_word' id='word_1_154' title='bbox 461 2883 606 2950; x_wconf 87' lang='lat' dir='ltr'>debitum</span> <span class='ocrx_word' id='word_1_155' title='bbox 622 2887 840 2970; x_wconf 77' lang='lat' dir='ltr'>proximitatis</span> <span class='ocrx_word' id='word_1_156' title='bbox 868 2891 1024 2970; x_wconf 84' lang='lat' dir='ltr'>tanquam</span> <span class='ocrx_word' id='word_1_157' title='bbox 1056 2883 1142 2948; x_wconf 89' lang='lat' dir='ltr'>filius</span> <span class='ocrx_word' id='word_1_158' title='bbox 1168 2904 1226 2966; x_wconf 91' lang='lat' dir='ltr'>pro</span> <span class='ocrx_word' id='word_1_159' title='bbox 1252 2889 1348 2966; x_wconf 86' lang='lat' dir='ltr'>patre</span> <span class='ocrx_word' id='word_1_160' title='bbox 1371 2885 1466 2963; x_wconf 86' lang='lat' dir='ltr'>partes</span> 
     </span>
     <span class='ocr_line' id='line_1_21' title="bbox 354 2991 1466 3078; baseline -0.005 -23"><span class='ocrx_word' id='word_1_161' title='bbox 354 3011 428 3056; x_wconf 89' lang='lat' dir='ltr'>suas</span> <span class='ocrx_word' id='word_1_162' title='bbox 444 2991 688 3076; x_wconf 83' lang='lat' dir='ltr'>diligentissime</span> <span class='ocrx_word' id='word_1_163' title='bbox 705 3014 877 3078; x_wconf 87' lang='lat' dir='ltr'>apponens,</span> <span class='ocrx_word' id='word_1_164' title='bbox 893 2993 989 3058; x_wconf 90' lang='lat' dir='ltr'>rebus</span> <span class='ocrx_word' id='word_1_165' title='bbox 1014 2991 1120 3057; x_wconf 91' lang='lat' dir='ltr'>labori</span> <span class='ocrx_word' id='word_1_166' title='bbox 1145 2997 1178 3055; x_wconf 92' lang='lat' dir='ltr'>et</span> <span class='ocrx_word' id='word_1_167' title='bbox 1202 2991 1333 3074; x_wconf 84' lang='lat' dir='ltr'>proprie</span> <span class='ocrx_word' id='word_1_168' title='bbox 1348 3005 1466 3073; x_wconf 84' lang='lat' dir='ltr'>persone</span> 
     </span>
     <span class='ocr_line' id='line_1_22' title="bbox 354 3094 1463 3186; baseline -0.006 -22"><span class='ocrx_word' id='word_1_169' title='bbox 354 3121 410 3164; x_wconf 87' lang='lat' dir='ltr'>suc</span> <span class='ocrx_word' id='word_1_170' title='bbox 436 3121 500 3165; x_wconf 90' lang='lat' dir='ltr'>non</span> <span class='ocrx_word' id='word_1_171' title='bbox 533 3102 695 3184; x_wconf 90' lang='lat' dir='ltr'>parcendo</span> <span class='ocrx_word' id='word_1_172' title='bbox 722 3097 993 3186; x_wconf 82' lang='lat' dir='ltr'>(racionabiliter)</span> <span class='ocrx_word' id='word_1_173' title='bbox 1027 3100 1198 3165; x_wconf 83' lang='lat' dir='ltr'>liberasset</span> <span class='ocrx_word' id='word_1_174' title='bbox 1232 3105 1266 3162; x_wconf 87' lang='lat' dir='ltr'>et</span> <span class='ocrx_word' id='word_1_175' title='bbox 1291 3121 1311 3162; x_wconf 92' lang='lat' dir='ltr'>a</span> <span class='ocrx_word' id='word_1_176' title='bbox 1336 3094 1463 3180; x_wconf 89' lang='lat' dir='ltr'>predicto</span> 
     </span>
     <span class='ocr_line' id='line_1_23' title="bbox 353 3204 1554 3293; baseline -0.007 -19"><span class='ocrx_word' id='word_1_177' title='bbox 353 3206 379 3274; x_wconf 89' lang='lat' dir='ltr'><strong>J</strong></span> <span class='ocrx_word' id='word_1_178' title='bbox 380 3209 481 3293; x_wconf 83' lang='lat' dir='ltr'>osyph</span> <span class='ocrx_word' id='word_1_179' title='bbox 497 3211 532 3274; x_wconf 93' lang='lat' dir='ltr'>in</span> <span class='ocrx_word' id='word_1_180' title='bbox 548 3211 714 3293; x_wconf 90' lang='lat' dir='ltr'>presencia</span> <span class='ocrx_word' id='word_1_181' title='bbox 730 3208 875 3274; x_wconf 90' lang='lat' dir='ltr'>eiusdem</span> <span class='ocrx_word' id='word_1_182' title='bbox 891 3209 1012 3274; x_wconf 89' lang='lat' dir='ltr'>domini</span> <span class='ocrx_word' id='word_1_183' title='bbox 1038 3207 1125 3290; x_wconf 82' lang='lat' dir='ltr'>regis</span> <span class='ocrx_word' id='word_1_184' title='bbox 1142 3213 1175 3271; x_wconf 91' lang='lat' dir='ltr'>et</span> <span class='ocrx_word' id='word_1_185' title='bbox 1189 3205 1306 3270; x_wconf 90' lang='lat' dir='ltr'>iudicis</span> <span class='ocrx_word' id='word_1_186' title='bbox 1322 3204 1404 3270; x_wconf 88' lang='lat' dir='ltr'>curie</span> <span class='ocrx_word' id='word_1_187' title='bbox 1419 3223 1464 3266; x_wconf 88' lang='lat' dir='ltr'>sue</span> <span class='ocrx_word' id='word_1_188' title='bbox 1553 3281 1554 3284; x_wconf 8' lang='grc' dir='ltr'><strong>Ἴ</strong></span> 
     </span>
     <span class='ocr_line' id='line_1_24' title="bbox 352 3310 1466 3402; baseline -0.007 -21"><span class='ocrx_word' id='word_1_189' title='bbox 352 3319 525 3401; x_wconf 90' lang='lat' dir='ltr'>prescripti</span> <span class='ocrx_word' id='word_1_190' title='bbox 540 3321 574 3383; x_wconf 90' lang='lat' dir='ltr'>in</span> <span class='ocrx_word' id='word_1_191' title='bbox 589 3319 752 3402; x_wconf 91' lang='lat' dir='ltr'>premissis</span> <span class='ocrx_word' id='word_1_192' title='bbox 768 3319 859 3401; x_wconf 92' lang='lat' dir='ltr'>penis</span> <span class='ocrx_word' id='word_1_193' title='bbox 876 3339 932 3382; x_wconf 88' lang='lat' dir='ltr'>seu</span> <span class='ocrx_word' id='word_1_194' title='bbox 948 3313 1189 3400; x_wconf 84' lang='lat' dir='ltr'>gravaminibus</span> <span class='ocrx_word' id='word_1_195' title='bbox 1214 3313 1415 3378; x_wconf 86' lang='lat' dir='ltr'>iudicialibus</span> <span class='ocrx_word' id='word_1_196' title='bbox 1439 3310 1466 3373; x_wconf 93' lang='lat' dir='ltr'>in</span> 
     </span>
     <span class='ocr_line' id='line_1_25' title="bbox 355 3417 1467 3510; baseline -0.007 -21"><span class='ocrx_word' id='word_1_197' title='bbox 355 3425 471 3509; x_wconf 90' lang='lat' dir='ltr'>quibus</span> <span class='ocrx_word' id='word_1_198' title='bbox 487 3429 601 3491; x_wconf 89' lang='lat' dir='ltr'>eontra</span> <span class='ocrx_word' id='word_1_199' title='bbox 615 3427 722 3510; x_wconf 89' lang='lat' dir='ltr'>ipsum</span> <span class='ocrx_word' id='word_1_200' title='bbox 738 3425 763 3490; x_wconf 89' lang='lat' dir='ltr'><strong>J</strong></span> <span class='ocrx_word' id='word_1_201' title='bbox 765 3425 865 3510; x_wconf 83' lang='lat' dir='ltr'>osyph</span> <span class='ocrx_word' id='word_1_202' title='bbox 881 3426 1036 3509; x_wconf 89' lang='lat' dir='ltr'>premisso</span> <span class='ocrx_word' id='word_1_203' title='bbox 1053 3423 1148 3490; x_wconf 90' lang='lat' dir='ltr'>modo</span> <span class='ocrx_word' id='word_1_204' title='bbox 1158 3427 1368 3504; x_wconf 62' lang='lat' dir='ltr'>remanserat,</span> <span class='ocrx_word' id='word_1_205' title='bbox 1378 3417 1467 3485; x_wconf 85' lang='lat' dir='ltr'>eidem</span> 
     </span>
     <span class='ocr_line' id='line_1_26' title="bbox 354 3528 1469 3618; baseline -0.009 -20"><span class='ocrx_word' id='word_1_206' title='bbox 354 3539 545 3616; x_wconf 89' lang='lat' dir='ltr'>perpetuum</span> <span class='ocrx_word' id='word_1_207' title='bbox 561 3534 730 3600; x_wconf 88' lang='lat' dir='ltr'>silenoium</span> <span class='ocrx_word' id='word_1_208' title='bbox 746 3556 843 3618; x_wconf 88' lang='lat' dir='ltr'>super</span> <span class='ocrx_word' id='word_1_209' title='bbox 858 3535 920 3600; x_wconf 92' lang='lat' dir='ltr'>hoc</span> <span class='ocrx_word' id='word_1_210' title='bbox 935 3532 1119 3618; x_wconf 92' lang='lat' dir='ltr'>inponendo</span> <span class='ocrx_word' id='word_1_211' title='bbox 1137 3530 1351 3612; x_wconf 56' lang='lat' dir='ltr'>defendissem</span> <span class='ocrx_word' id='word_1_212' title='bbox 1373 3528 1469 3594; x_wconf 83' lang='lat' dir='ltr'>adver-</span> 
     </span>
     <span class='ocr_line' id='line_1_27' title="bbox 355 3637 1468 3728; baseline -0.009 -22"><span class='ocrx_word' id='word_1_213' title='bbox 355 3647 427 3706; x_wconf 90' lang='lat' dir='ltr'>tens</span> <span class='ocrx_word' id='word_1_214' title='bbox 458 3642 559 3724; x_wconf 84' lang='lat' dir='ltr'>igitur</span> <span class='ocrx_word' id='word_1_215' title='bbox 589 3642 676 3707; x_wconf 91' lang='lat' dir='ltr'>idem</span> <span class='ocrx_word' id='word_1_216' title='bbox 702 3663 807 3709; x_wconf 89' lang='lat' dir='ltr'>comes</span> <span class='ocrx_word' id='word_1_217' title='bbox 842 3639 1047 3728; x_wconf 84' lang='lat' dir='ltr'>(ladislaus)</span> <span class='ocrx_word' id='word_1_218' title='bbox 1078 3639 1261 3724; x_wconf 89' lang='lat' dir='ltr'>predictum</span> <span class='ocrx_word' id='word_1_219' title='bbox 1292 3637 1468 3720; x_wconf 84' lang='lat' dir='ltr'>magistrun</span> 
     </span>
     <span class='ocr_line' id='line_1_28' title="bbox 355 3743 1469 3836; baseline -0.007 -22"><span class='ocrx_word' id='word_1_220' title='bbox 355 3749 527 3816; x_wconf 89' lang='lat' dir='ltr'>Nicolaum</span> <span class='ocrx_word' id='word_1_221' title='bbox 544 3773 698 3836; x_wconf 84' lang='lat' dir='ltr'>generum</span> <span class='ocrx_word' id='word_1_222' title='bbox 715 3773 809 3818; x_wconf 89' lang='lat' dir='ltr'>suum</span> <span class='ocrx_word' id='word_1_223' title='bbox 834 3753 922 3818; x_wconf 91' lang='lat' dir='ltr'>omni</span> <span class='ocrx_word' id='word_1_224' title='bbox 948 3751 1124 3817; x_wconf 88' lang='lat' dir='ltr'>dileccione</span> <span class='ocrx_word' id='word_1_225' title='bbox 1150 3753 1183 3814; x_wconf 92' lang='lat' dir='ltr'>et</span> <span class='ocrx_word' id='word_1_226' title='bbox 1208 3768 1318 3813; x_wconf 88' lang='lat' dir='ltr'>amore</span> <span class='ocrx_word' id='word_1_227' title='bbox 1342 3745 1429 3812; x_wconf 86' lang='lat' dir='ltr'>filiali</span> <span class='ocrx_word' id='word_1_228' title='bbox 1442 3743 1469 3808; x_wconf 93' lang='lat' dir='ltr'>in</span> 
     </span>
     <span class='ocr_line' id='line_1_29' title="bbox 355 3851 1469 3943; baseline -0.005 -22"><span class='ocrx_word' id='word_1_229' title='bbox 355 3858 517 3941; x_wconf 88' lang='lat' dir='ltr'>premissis</span> <span class='ocrx_word' id='word_1_230' title='bbox 543 3861 648 3925; x_wconf 86' lang='lat' dir='ltr'>causis</span> <span class='ocrx_word' id='word_1_231' title='bbox 664 3861 728 3924; x_wconf 91' lang='lat' dir='ltr'>suis</span> <span class='ocrx_word' id='word_1_232' title='bbox 744 3860 934 3943; x_wconf 89' lang='lat' dir='ltr'>periculosis</span> <span class='ocrx_word' id='word_1_233' title='bbox 950 3859 1012 3924; x_wconf 89' lang='lat' dir='ltr'>sibi</span> <span class='ocrx_word' id='word_1_234' title='bbox 1028 3858 1172 3923; x_wconf 86' lang='lat' dir='ltr'>astitisse</span> <span class='ocrx_word' id='word_1_235' title='bbox 1187 3855 1363 3938; x_wconf 84' lang='lat' dir='ltr'>volensque</span> <span class='ocrx_word' id='word_1_236' title='bbox 1379 3851 1469 3917; x_wconf 85' lang='lat' dir='ltr'>eidem</span> 
     </span>
     <span class='ocr_line' id='line_1_30' title="bbox 354 3959 1471 4048; baseline -0.006 -19"><span class='ocrx_word' id='word_1_237' title='bbox 354 3964 462 4030; x_wconf 91' lang='lat' dir='ltr'>debite</span> <span class='ocrx_word' id='word_1_238' title='bbox 478 3966 663 4033; x_wconf 85' lang='lat' dir='ltr'>dileccionis</span> <span class='ocrx_word' id='word_1_239' title='bbox 678 3968 899 4033; x_wconf 82' lang='lat' dir='ltr'>vicissitudine</span> <span class='ocrx_word' id='word_1_240' title='bbox 915 3975 948 4032; x_wconf 90' lang='lat' dir='ltr'>et</span> <span class='ocrx_word' id='word_1_241' title='bbox 964 3987 1073 4032; x_wconf 89' lang='lat' dir='ltr'>amore</span> <span class='ocrx_word' id='word_1_242' title='bbox 1103 3963 1267 4048; x_wconf 88' lang='lat' dir='ltr'>paternali</span> <span class='ocrx_word' id='word_1_243' title='bbox 1282 3959 1471 4045; x_wconf 83' lang='lat' dir='ltr'>respondere,</span> 
     </span>
     <span class='ocr_line' id='line_1_31' title="bbox 354 4071 1471 4162; baseline -0.004 -24"><span class='ocrx_word' id='word_1_244' title='bbox 354 4078 421 4138; x_wconf 87' lang='lat' dir='ltr'>tres</span> <span class='ocrx_word' id='word_1_245' title='bbox 436 4081 546 4158; x_wconf 91' lang='lat' dir='ltr'>partes</span> <span class='ocrx_word' id='word_1_246' title='bbox 561 4077 800 4162; x_wconf 89' lang='lat' dir='ltr'>possessionum</span> <span class='ocrx_word' id='word_1_247' title='bbox 816 4097 946 4142; x_wconf 90' lang='lat' dir='ltr'>suarum</span> <span class='ocrx_word' id='word_1_248' title='bbox 962 4073 1080 4141; x_wconf 87' lang='lat' dir='ltr'>Neona</span> <span class='ocrx_word' id='word_1_249' title='bbox 1097 4079 1130 4137; x_wconf 93' lang='lat' dir='ltr'>et</span> <span class='ocrx_word' id='word_1_250' title='bbox 1140 4071 1284 4136; x_wconf 89' lang='lat' dir='ltr'>Zeulche</span> <span class='ocrx_word' id='word_1_251' title='bbox 1298 4075 1471 4136; x_wconf 77' lang='lat' dir='ltr'>vocatarum</span> 
     </span>
     <span class='ocr_line' id='line_1_32' title="bbox 354 4174 1473 4251; baseline -0.009 -5"><span class='ocrx_word' id='word_1_252' title='bbox 354 4181 389 4246; x_wconf 89' lang='lat' dir='ltr'>in</span> <span class='ocrx_word' id='word_1_253' title='bbox 413 4174 535 4248; x_wconf 76' lang='lat' dir='ltr'>Wollro</span> <span class='ocrx_word' id='word_1_254' title='bbox 570 4185 779 4251; x_wconf 85' lang='lat' dir='ltr'>existencium</span> <span class='ocrx_word' id='word_1_255' title='bbox 809 4205 847 4250; x_wconf 89' lang='lat' dir='ltr'>ac</span> <span class='ocrx_word' id='word_1_256' title='bbox 873 4185 971 4250; x_wconf 89' lang='lat' dir='ltr'>castri</span> <span class='ocrx_word' id='word_1_257' title='bbox 1003 4181 1153 4248; x_wconf 87' lang='lat' dir='ltr'>similiter</span> <span class='ocrx_word' id='word_1_258' title='bbox 1177 4178 1297 4246; x_wconf 88' lang='lat' dir='ltr'>Neona</span> <span class='ocrx_word' id='word_1_259' title='bbox 1320 4177 1423 4243; x_wconf 83' lang='lat' dir='ltr'>vocati</span> <span class='ocrx_word' id='word_1_260' title='bbox 1445 4179 1473 4238; x_wconf 89' lang='lat' dir='ltr'>et</span> 
     </span>
     <span class='ocr_line' id='line_1_33' title="bbox 355 4287 1470 4376; baseline -0.007 -21"><span class='ocrx_word' id='word_1_261' title='bbox 355 4291 497 4356; x_wconf 87' lang='lat' dir='ltr'>omnium</span> <span class='ocrx_word' id='word_1_262' title='bbox 514 4293 651 4358; x_wconf 87' lang='lat' dir='ltr'>aliarum</span> <span class='ocrx_word' id='word_1_263' title='bbox 667 4293 817 4360; x_wconf 85' lang='lat' dir='ltr'>villarum</span> <span class='ocrx_word' id='word_1_264' title='bbox 842 4299 875 4358; x_wconf 89' lang='lat' dir='ltr'>et</span> <span class='ocrx_word' id='word_1_265' title='bbox 900 4291 1134 4376; x_wconf 87' lang='lat' dir='ltr'>possessionum</span> <span class='ocrx_word' id='word_1_266' title='bbox 1160 4287 1202 4353; x_wconf 90' lang='lat' dir='ltr'>ad</span> <span class='ocrx_word' id='word_1_267' title='bbox 1225 4287 1388 4371; x_wconf 84' lang='lat' dir='ltr'>predictas</span> <span class='ocrx_word' id='word_1_268' title='bbox 1410 4303 1470 4368; x_wconf 81' lang='lat' dir='ltr'>pos</span> 
     </span>
     <span class='ocr_line' id='line_1_34' title="bbox 355 4391 1472 4485; baseline -0.01 -21"><span class='ocrx_word' id='word_1_269' title='bbox 355 4401 512 4466; x_wconf 89' lang='lat' dir='ltr'>sessiones</span> <span class='ocrx_word' id='word_1_270' title='bbox 527 4398 643 4466; x_wconf 91' lang='lat' dir='ltr'>Neona</span> <span class='ocrx_word' id='word_1_271' title='bbox 659 4407 693 4466; x_wconf 92' lang='lat' dir='ltr'>et</span> <span class='ocrx_word' id='word_1_272' title='bbox 708 4401 851 4466; x_wconf 87' lang='lat' dir='ltr'>Zeulche</span> <span class='ocrx_word' id='word_1_273' title='bbox 866 4400 1103 4485; x_wconf 90' lang='lat' dir='ltr'>pertinencium</span> <span class='ocrx_word' id='word_1_274' title='bbox 1121 4397 1297 4482; x_wconf 89' lang='lat' dir='ltr'>peripsum</span> <span class='ocrx_word' id='word_1_275' title='bbox 1308 4391 1472 4475; x_wconf 83' lang='lat' dir='ltr'>acquisitas</span> 
     </span>
     <span class='ocr_line' id='line_1_35' title="bbox 356 4498 1472 4590; baseline -0.009 -18"><span class='ocrx_word' id='word_1_276' title='bbox 356 4513 389 4572; x_wconf 89' lang='lat' dir='ltr'>et</span> <span class='ocrx_word' id='word_1_277' title='bbox 403 4508 507 4589; x_wconf 91' lang='lat' dir='ltr'>ipsum</span> <span class='ocrx_word' id='word_1_278' title='bbox 525 4509 627 4574; x_wconf 87' lang='lat' dir='ltr'>solum</span> <span class='ocrx_word' id='word_1_279' title='bbox 644 4509 868 4590; x_wconf 85' lang='lat' dir='ltr'>contingentes</span> <span class='ocrx_word' id='word_1_280' title='bbox 894 4508 979 4572; x_wconf 88' lang='lat' dir='ltr'>sicut</span> <span class='ocrx_word' id='word_1_281' title='bbox 995 4505 1082 4587; x_wconf 88' lang='lat' dir='ltr'>dicit,</span> <span class='ocrx_word' id='word_1_282' title='bbox 1099 4511 1166 4570; x_wconf 88' lang='lat' dir='ltr'>tam</span> <span class='ocrx_word' id='word_1_283' title='bbox 1181 4523 1240 4586; x_wconf 90' lang='lat' dir='ltr'>pro</span> <span class='ocrx_word' id='word_1_284' title='bbox 1257 4522 1295 4566; x_wconf 90' lang='lat' dir='ltr'>eo</span> <span class='ocrx_word' id='word_1_285' title='bbox 1313 4498 1472 4584; x_wconf 87' lang='lat' dir='ltr'>quiaiden</span> 
     </span>
     <span class='ocr_line' id='line_1_36' title="bbox 355 4607 1473 4700; baseline -0.009 -23"><span class='ocrx_word' id='word_1_286' title='bbox 355 4615 511 4699; x_wconf 86' lang='lat' dir='ltr'>magister</span> <span class='ocrx_word' id='word_1_287' title='bbox 535 4613 690 4682; x_wconf 89' lang='lat' dir='ltr'>Nicolaus</span> <span class='ocrx_word' id='word_1_288' title='bbox 705 4616 810 4700; x_wconf 91' lang='lat' dir='ltr'>ipsum</span> <span class='ocrx_word' id='word_1_289' title='bbox 826 4636 846 4679; x_wconf 86' lang='lat' dir='ltr'>a</span> <span class='ocrx_word' id='word_1_290' title='bbox 860 4613 1043 4699; x_wconf 88' lang='lat' dir='ltr'>perdicione</span> <span class='ocrx_word' id='word_1_291' title='bbox 1069 4611 1183 4696; x_wconf 90' lang='lat' dir='ltr'>capitis</span> <span class='ocrx_word' id='word_1_292' title='bbox 1209 4609 1260 4676; x_wconf 89' lang='lat' dir='ltr'>sui</span> <span class='ocrx_word' id='word_1_293' title='bbox 1284 4607 1432 4676; x_wconf 80' lang='lat' dir='ltr'>liberavit</span> <span class='ocrx_word' id='word_1_294' title='bbox 1446 4611 1473 4668; x_wconf 90' lang='lat' dir='ltr'>et</span> 
     </span>
    </p>
   </div>
   <div class='ocr_carea' id='block_1_5' title="bbox 0 0 1602 5460">
    <p class='ocr_par' dir='ltr' id='par_1_5' title="bbox 0 0 1602 5460">
     <span class='ocr_line' id='line_1_37' title="bbox 0 0 1602 5460; baseline 0 0"><span class='ocrx_word' id='word_1_295' title='bbox 0 0 1602 5460; x_wconf 95' lang='lat' dir='ltr'> </span> 
     </span>
    </p>
   </div>
  </div>
 </body>
</html>
