3132 5470
544 477 638 539 1328.
658 491 725 541 rot.
744 479 795 540 28.
1176 482 1239 544 369

97 653 221 717 similia
237 673 272 718 se
287 653 448 718 involvere
464 642 684 738 presumentes
700 653 783 720 fiant
791 656 971 738 nequiores,
987 655 1118 722 eosdem
1136 655 1237 722 Leus-

98 760 251 826 tachium
266 761 388 845 Myhus
405 767 437 827 at
453 761 479 827 J
481 762 567 828 alicu
582 763 800 828 malemeritos
817 783 855 827 ac
881 761 966 829 filios
991 763 1131 830 fratrum
1147 766 1232 849 ipso-

99 889 174 936 rum
201 869 297 934 Petri
321 869 471 935 videlicet
496 876 529 935 et
555 868 736 956 Mychaelis
762 873 818 956 qui
844 872 1002 938 consimili
1033 870 1236 940 infidelitatis

99 978 256 1060 contagio
296 983 476 1044 extremum
512 979 597 1044 diem
636 981 789 1046 clausisse
823 980 1038 1065 perhibentur
1081 982 1238 1047 universis

100 1087 169 1152 suis
201 1087 456 1170 possessionibus
490 1109 620 1172 quoquo
656 1089 784 1155 nomine
809 1095 1035 1174 nuncupentur
1060 1090 1181 1174 ubique
1205 1089 1238 1153 in

101 1215 204 1278 regno
222 1201 332 1261 nostro
350 1195 564 1262 existentibus
580 1196 620 1274 de
637 1197 770 1262 consilio
787 1202 820 1262 et
851 1217 1010 1264 consensu
1036 1183 1236 1283 prelatorum

102 1309 136 1366 et
152 1303 314 1368 baronum
330 1309 515 1370 nostrorum
532 1303 683 1369 duximus
698 1311 857 1390 perpetuo
874 1307 1058 1390 spoliandos
1087 1315 1143 1372 se'u
1159 1321 1233 1371 con·

103 1410 322 1493 damnandos;
342 1433 422 1495 ques
439 1412 570 1496 quidem
594 1413 830 1496 possessiones.
847 1465 854 1480 .
871 1415 1077 1480 attendentes
1101 1413 1236 1480 inviola-
1318 1477 1322 1486 .

103 1519 205 1584 bilem
223 1520 405 1586 devocionis
423 1525 456 1585 et
471 1519 547 1585 fidei
563 1521 737 1604 puritatem
766 1544 864 1607 quam
879 1525 928 1588 vir
943 1523 1134 1607 magnificus
1152 1521 1238 1588 Tho·
1286 1505 1287 1510 ἵ

104 1649 176 1693 mas
193 1627 329 1694 soiroda
346 1627 596 1694 Transsilvanus
607 1635 641 1694 et
657 1652 761 1697 comes
771 1630 811 1696 de
822 1629 962 1698 Zounuk
976 1629 1064 1697 filius
1074 1631 1238 1717 quondam

106 1737 257 1821 magistri
272 1735 424 1803 Farlrasii
441 1736 580 1803 dilectus
591 1743 623 1803 et
633 1737 739 1804 fidelis
750 1744 860 1806 noster
876 1741 919 1805 ad
934 1761 993 1806 nos
1011 1745 1044 1806 et
1059 1739 1239 1805 adsacrum

107 1847 258 1910 nostrum
274 1845 424 1912 diadema
457 1853 644 1912 constanter
668 1847 784 1913 habuit
809 1855 908 1932 atque
932 1848 1240 1915 habet‘recoleutes

108 1974 240 2037 quoque
256 1953 385 2020 labores
402 1957 572 2022 continuos
588 1962 620 2021 et
637 1977 735 2022 onera
761 1978 974 2041 expensarum
1000 1979 1062 2043 que
1077 1957 1163 2022 idem
1180 1977 1238 2040 pro

109 2061 250 2127 culmine
266 2064 369 2128 nostri
385 2063 517 2128 honoris
549 2071 582 2129 et
608 2070 782 2148 augmento
807 2066 985 2150 reipublice
1011 2086 1049 2130 ec
1064 2088 1124 2150 pro
1141 2064 1241 2130 refor-

108 2172 258 2237 macione
274 2173 365 2256 pacis
381 2172 414 2236 in
430 2194 530 2257 regno
547 2174 681 2239 subiisse
696 2173 855 2258 probatur
871 2196 995 2242 necnon
1006 2175 1085 2240 satis
1102 2181 1197 2259 grata
1207 2181 1240 2239 et·

109 2280 431 2362 recommendacione
462 2281 561 2365 digna
577 2283 712 2348 servicia
728 2282 871 2349 eiusdem
897 2305 960 2367 quc
984 2285 1089 2368 ipses
1107 2289 1177 2348 toto
1194 2283 1241 2347 in·
1269 2281 1271 2287 ’

108 2389 227 2454 troitus
253 2389 356 2456 nostri
382 2394 528 2475 tempore
552 2391 586 2455 in
610 2413 746 2475 regnum
771 2379 918 2458 nostrum
943 2391 1116 2482 Huugaric
1141 2391 1235 2482 nobis

110 2497 295 2563 exhibuisse
310 2496 490 2564 dinoscitur
506 2505 539 2563 et
556 2520 619 2582 que
636 2520 708 2564 eum
720 2499 871 2566 exhibere
882 2485 1036 2566 sentimus
1046 2501 1079 2565 in
1095 2500 1240 2584 presenti

111 2627 149 2670 ac
166 2606 388 2672 exhibiturum
403 2628 463 2692 pro
479 2605 572 2672 firmo
590 2608 748 2674 credimus
775 2609 807 2674 in
832 2608 986 2690 futurum,
1018 2609 1052 2674 in
1069 2607 1244 2691 aliqualem

110 2737 244 2780 suorum
261 2717 467 2782 serviciorum
482 2717 819 2801 recompensacionem
835 2723 868 2782 et
884 2716 1144 2783 satisfaccionem
1171 2737 1243 2798 gra·

112 2825 232 2890 tuitam
248 2824 352 2890 eidem
378 2822 501 2889 Thema
526 2825 659 2890 voivode
676 2876 682 2890 .
700 2875 706 2890 .
724 2826 919 2892 contulimus
944 2826 1014 2891 iure
1038 2830 1197 2910 perpetuo
1215 2875 1246 2891 ..

112 2933 324 3016 possidendas
340 2983 347 2998 .
364 2983 371 2998 .
388 2939 493 2999 totum
509 2934 558 2999 ius
575 2931 742 3016 totamque
768 2936 1004 3020 proprietatem
1020 2939 1053 3004 et
1069 2935 1246 3002 dominium

114 3040 299 3107 earumdem
315 3043 554 3126 possessionum
570 3043 604 3108 in
619 3044 724 3128 ipsum
751 3043 910 3110 Thomam
936 3044 1103 3112 voivodam
1120 3050 1153 3109 et
1170 3065 1244 3108 suos

113 3156 262 3234 posteros
278 3171 318 3214 ex
333 3171 419 3215 nunc
443 3151 628 3234 perenniter
648 3151 900 3236 transferentes;
932 3173 1010 3218 sane
1038 3153 1114 3235 quia
1129 3153 1247 3236 imper·

114 3257 237 3325 fectum
252 3263 356 3324 staret
381 3259 567 3342 largicionis
583 3257 774 3326 beneficium
798 3261 862 3326 nisi
886 3259 1018 3344 provide
1049 3261 1242 3344 circumspe-

114 3367 235 3432 ccionis
245 3365 387 3434 remedio
397 3365 598 3432 stabiliretur
611 3367 697 3452 quod
711 3368 811 3434 semel
821 3367 935 3434 datum
948 3371 997 3432 est
1005 3373 1162 3452 perpetuo
1173 3389 1247 3452 pos·

115 3475 293 3560 sidendum,
321 3497 361 3541 ne
385 3475 525 3561 predicti
549 3474 765 3542 Leustachius
789 3475 902 3541 Mikus
927 3480 960 3540 et
985 3473 1010 3540 J
1012 3474 1097 3542 alrou
1121 3498 1161 3542 ac
1185 3474 1245 3541 filii

115 3583 255 3650 fratrum
281 3606 394 3650 eorum
418 3582 600 3650 infidelium
624 3585 795 3650 memorati
820 3605 973 3668 processu
997 3588 1181 3668 temporum
1196 3605 1246 3652 rer

116 3690 257 3760 medium
273 3692 450 3758 rehabendi
475 3697 508 3758 et
532 3691 759 3778 reacquirendi
783 3691 929 3777 prefatas
954 3692 1172 3776 possessiones
1195 3692 1245 3758 vel

117 3799 262 3885 aliquam
278 3823 317 3868 ex
334 3801 453 3868 eisdem
470 3800 531 3867 sibi
547 3801 598 3868 vel
615 3800 682 3866 suis
706 3801 844 3886 posteris
868 3801 1000 3866 valeant
1025 3799 1168 3865 invenire
1193 3798 1250 3864 sed

116 3911 229 3994 pocius
244 3915 404 3996 perpetua
419 3908 571 3976 laborent
586 3913 730 3992 egestate
747 3913 780 3974 et
795 3908 886 3992 regia
903 3907 1131 3992 indignacicne
1148 3927 1246 3990 quam

117 4040 324 4102 promeruere
340 4017 473 4085 infilius
489 4017 631 4085 filiorum
647 4018 837 4101 puniantur,
854 4017 1006 4082 universa
1029 4016 1247 4102 instrumenta

119 4132 152 4192 et
173 4129 303 4194 litteras
327 4127 545 4214 privilegiales
570 4148 627 4192 seu
651 4129 801 4211 patentes
827 4125 893 4190 sive
919 4124 1030 4191 eedem
1055 4130 1164 4190 nostre
1180 4123 1246 4190 sire

117 4232 377 4320 predecessorum
408 4223 594 4302 nostrorum
625 4235 843 4320 capitulorum
867 4233 918 4298 vel
950 4239 1166 4300 conventuum
1191 4239 1250 4300 aut

117 4345 258 4410 aliorum
275 4364 468 4430 quocunque
484 4341 618 4409 honoris
635 4343 732 4408 titulo
765 4347 798 4408 et
814 4340 974 4426 dignitate
990 4340 1245 4426 prefulgencium

121 4455 264 4519 existant
279 4458 313 4519 et
329 4472 523 4539 quacunque
539 4457 609 4519 arte
625 4449 755 4536 ingenio
772 4451 838 4516 sive
854 4447 927 4516 dolo
943 4471 1001 4535 per
1017 4471 1076 4516 nos
1092 4450 1157 4515 sint
1174 4471 1247 4536 con·

119 4561 248 4630 firmate
264 4586 323 4649 per
339 4563 518 4648 sepedictos
533 4561 679 4628 infideles
704 4568 831 4628 nostros
856 4581 952 4645 super
976 4560 1250 4644 prescriptis'pcs-

120 4672 314 4738 sessionibus
331 4695 435 4758 usque
451 4673 546 4738 modo
562 4671 712 4738 obtentas
729 4678 762 4738 et
772 4673 874 4738 eciam
885 4691 939 4735 eas
956 4691 1037 4753 quus
1050 4669 1115 4753 ipsi
1127 4689 1250 4733 coruin-

165 4809 318 4850 assouuosr
335 4797 501 4846 ouulsrcls
517 4811 547 4850 11.
560 4798 621 4847 xor.
1101 4779 1143 4844 24
