3172 5462
378 475 420 536 90
734 485 921 534 nuscunoru
937 473 1153 534 onudrrrisn.

376 652 428 736 gel
453 651 582 717 racione
607 649 824 716 mutilacionis
842 649 1017 732 digitorum
1038 646 1122 734 Elye
1138 649 1342 733 iobagiorum
1359 650 1494 734 magistri

377 759 502 826 Thome
528 758 655 824 comitis
680 757 720 823 de
735 757 873 842 Ugacha
897 757 978 823 feria
994 763 1116 842 quarta
1131 757 1279 841 proxima
1294 763 1372 823 ante
1389 757 1495 824 festum

377 865 531 934 Omnium
546 865 742 934 Sanctorum
758 872 880 952 septem
890 887 1017 932 marcas
1033 915 1041 931 .
1057 915 1064 931 .
1082 865 1178 932 solvit
1194 916 1201 931 .
1217 916 1225 931 .
1241 865 1369 932 Datum
1385 868 1418 932 in
1434 887 1491 932 cra·

374 977 459 1043 stino
485 974 616 1040 termini
639 975 813 1060 prenotati,
839 997 924 1042 anno
950 973 1072 1041 domini
1096 971 1151 1039 Μ0
1167 971 1269 1042 000Ο
1283 973 1378 1041 XX⁰
1395 976 1493 1041 tercio.

481 1101 611 1154 zarlsten
623 1101 742 1154 monorb
755 1103 848 1167 peccet
865 1101 1125 1168 maradvtnyaival;
1145 1102 1276 1168 credetije
1288 1117 1306 1154 a
1317 1103 1351 1152 N.
1365 1103 1494 1153 Muzeum-

373 1193 436 1256 ban,
450 1207 467 1242 a
479 1191 581 1257 Kellay
594 1206 630 1244 cs.
644 1191 781 1243 lttrsben.

861 1299 1019 1309 ...η-..ι

914 1465 970 1528 86.

377 1609 472 1672 1323.
497 1605 664 1693 Viseprdd,
690 1618 747 1672 oct.
770 1607 821 1670 28.
839 1606 866 1671 I.
892 1607 1018 1695 Kcirolp
1035 1607 1144 1695 kirtly
1159 1630 1181 1672 a
1206 1607 1331 1694 icnqyel
1347 1607 1454 1693 ktrdty
1468 1609 1494 1672 ds

374 1717 528 1803 kirdlyne'
540 1718 681 1782 ke'rc'se‘re
699 1714 811 1782 Osirde
829 1715 1083 1800 [stuvenfieinat
1108 1718 1354 1804 mepkepyclmez
1369 1743 1385 1783 s
1400 1717 1497 1801 Futep

376 1825 481 1889 nector
496 1824 579 1888 altat
600 1823 746 1912 elfopicit
763 1822 827 1886 Ida
843 1826 874 1888 es
891 1823 971 1888 Peli
994 1835 1076 1891 nevit
1093 1825 1291 1890 birtoboibot
1316 1825 1413 1890 oekib
1428 1825 1496 1889 cisr-

781 1931 953 1994 szacdatni
968 1933 1097 1998 condedi.

481 2051 552 2120 Nos
567 2051 714 2120 Karolus
740 2104 746 2118 .
773 2105 778 2118 .
797 2076 878 2120 rex.
904 2104 910 2120 .
936 2054 1155 2137 significamus
1172 2105 1202 2122 ..
1231 2056 1400 2139 universis,
1418 2054 1496 2140 quod

371 2163 451 2229 iicet
474 2163 692 2247 possessiones
717 2161 842 2227 Thome
868 2167 901 2226 et
916 2161 1046 2228 Nicolai
1071 2161 1215 2228 filiorum
1240 2162 1401 2248 Stephani
1426 2164 1496 2229 dicti

376 2271 530 2358 beurke
549 2269 632 2336 Idea
648 2276 679 2335 et
695 2269 770 2335 Pali
780 2271 944 2335 nominate
955 2293 1027 2336 cum
1043 2271 1109 2336 suis
1125 2271 1337 2354 pertinenciis
1354 2272 1500 2336 universis

375 2388 476 2466 prout
492 2380 601 2445 eedem
616 2380 703 2463 ipsos
729 2379 960 2462 contingebant
976 2401 1034 2463 pro
1060 2377 1240 2444 manifestis
1256 2399 1369 2444 eorum
1384 2379 1500 2444 sceleri·

378 2488 447 2570 bus,
473 2487 591 2570 quibus
624 2485 723 2550 iidem
748 2485 862 2550 ordine
896 2485 1065 2550 iudiciario
1099 2485 1230 2550 fuerant
1265 2485 1453 2570 reprehensi
1474 2491 1501 2549 et

377 2618 460 2680 pene
486 2595 615 2679 penitus
640 2595 769 2677 irretiti,
795 2595 836 2659 ab
862 2596 939 2678 ipsis
956 2595 1096 2659 alienate
1113 2600 1146 2659 et
1163 2593 1205 2659 ad
1230 2617 1347 2662 manus
1362 2593 1501 2678 Philippi

377 2703 517 2787 palatini
533 2701 668 2766 fuissent
685 2700 844 2783 deuolute,
862 2701 994 2766 tandem
1004 2707 1113 2766 tamen
1130 2703 1207 2784 quia
1223 2701 1502 2767 excellentissimus

379 2811 529 2895 princeps
546 2809 694 2875 dominus
718 2808 893 2874 Ladizlaus
912 2859 918 2874 .
935 2859 941 2874 .
958 2830 1013 2874 rex
1033 2807 1170 2874 Polonie
1186 2831 1279 2875 socer
1294 2814 1407 2874 noster
1422 2829 1501 2873 rere·

381 2917 509 2999 rendus,
524 2918 558 2981 in
574 2917 664 2982 ouius
688 2937 824 3000 regnum
842 2916 940 2982 iidem
966 2921 1137 3000 querentes
1154 2916 1359 3000 subterfugia
1373 2916 1500 3002 fugitive

381 3031 582 3090 recesserant
599 3029 632 3090 et
647 3022 768 3088 ibidem
784 3025 893 3088 exules
910 3023 1104 3108 residebant,
1123 3046 1182 3090 nos
1199 3031 1231 3090 et
1248 3024 1414 3090 dominam
1430 3022 1503 3106 regi·

379 3153 455 3198 nam
471 3137 652 3198 consortem
677 3137 821 3197 nostram
837 3131 938 3197 filiam
962 3131 1113 3197 videlicet
1128 3153 1220 3198 suam
1236 3153 1377 3197 unacum
1392 3131 1503 3197 illustri

379 3242 492 3324 regina
517 3261 576 3305 sua
601 3245 751 3305 consorte
773 3239 944 3304 karissima
968 3239 1159 3305 honoranda
1184 3259 1279 3305 socru
1304 3243 1418 3305 nostra
1442 3237 1504 3303 diii·

381 3353 495 3432 genter
510 3347 687 3432 postulavit
711 3352 748 3413 ut
764 3347 883 3413 eisdem
909 3346 1032 3413 Thome
1049 3351 1082 3412 et
1097 3345 1237 3413 Nicolao
1253 3347 1414 3412 demerita
1428 3347 1505 3430 ipso·

380 3477 453 3522 rum
468 3456 634 3540 ignoscere
658 3457 810 3542 ipsasque
827 3477 937 3521 eorum
962 3457 1180 3540 possessiones
1200 3454 1241 3520 ab
1256 3456 1337 3540 ipsis
1354 3456 1505 3521 alienatas

380 3563 510 3628 restitui
525 3561 631 3630 iacere
648 3571 681 3628 et
704 3564 738 3629 in
753 3568 898 3629 nostram
912 3565 1036 3648 regiam
1061 3564 1205 3648 graciam
1221 3564 1353 3630 eosdem
1369 3563 1506 3648 recipere

382 3693 421 3736 ex
436 3673 527 3755 regia
549 3671 751 3755 benignitate
777 3672 993 3756 dignaremur,
1010 3673 1112 3756 igitur
1129 3677 1273 3737 nostem
1290 3692 1330 3736 ex
1350 3671 1505 3756 peticione

382 3779 531 3864 diligenti
557 3779 635 3844 dicti
659 3781 744 3864 regis
759 3777 895 3845 Polonie
912 3781 1014 3846 soceri
1039 3780 1165 3846 nostri.
1182 3829 1189 3846 .
1207 3800 1306 3864 quam
1323 3799 1364 3845 ex
1380 3777 1507 3863 propria

381 3889 473 3971 regia
501 3888 640 3970 permoti
670 3889 802 3972 pietate,
833 3887 1031 3954 facinoribus
1062 3909 1118 3952 seu
1143 3887 1321 3952 commissis
1353 3886 1507 3952 dictorum

382 3993 506 4059 Thome
523 4001 557 4059 et
571 3992 702 4059 Nicolai
719 4045 726 4060 .
742 4045 749 4058 .
764 3995 915 4078 remissis,
934 3995 1063 4062 eosdem
1087 3996 1122 4061 in
1137 3996 1262 4079 regiam
1278 3999 1426 4061 nostram
1441 4015 1507 4077 gra·

383 4104 466 4168 ciam
482 4103 660 4186 recepimus
685 4109 717 4166 et
736 4101 840 4167 dictas
855 4104 1071 4187 possessiones
1089 4153 1095 4168 .
1113 4153 1120 4170 .
1136 4103 1177 4169 ab
1195 4104 1267 4188 ipso
1283 4101 1442 4187 Philippo
1458 4121 1508 4186 pe·

382 4211 485 4275 latino
502 4209 622 4275 eisdem
638 4210 731 4276 reddi
748 4217 780 4276 et
795 4212 923 4276 restitui
947 4213 1042 4296 pleno
1058 4213 1128 4278 iure
1144 4212 1323 4296 repetimus
1340 4211 1509 4294 diligenter

382 4319 600 4401 inquirentes3
617 4317 804 4402 quiquidem
829 4317 1001 4404 Philippus
1026 4321 1190 4404 palatinus
1214 4320 1295 4384 baro
1318 4299 1432 4385 noster
1447 4339 1509 4382 ma·

383 4423 519 4509 gnificus
536 4475 543 4489 .
560 4474 566 4489 .
584 4424 687 4490 dictas
711 4426 974 4510 possessiones..
1001 4427 1121 4492 eisdem
1147 4477 1154 4492 .
1180 4477 1187 4492 .
1212 4427 1359 4492 restituit
1383 4448 1420 4492 eo
1445 4427 1510 4490 iure

385 4554 448 4615 quo
473 4533 564 4616 prius
589 4532 717 4596 easdem
742 4533 925 4599 habuerunt
949 4584 957 4601 .
983 4584 990 4600 .
1015 4533 1246 4619 quamquidem
1269 4535 1511 4600 restitucionem

384 4660 444 4706 nos
460 4688 467 4703 .
484 4689 491 4703 .
507 4639 725 4724 approbamus
742 4689 748 4704 .
764 4689 771 4704 .
787 4639 912 4708 Datum
927 4644 961 4708 iu
985 4641 1165 4729 Vysegrad,
1185 4643 1219 4708 in
1235 4641 1319 4710 festo
1344 4641 1512 4708 beatorum
