3172 5462
343 390 405 456 162
701 403 887 452 ilnuouxom
905 387 1121 452 oxnlxrrin.

340 571 453 636 eodem
469 569 645 634 monticulo
670 589 780 632 versus
805 568 1067 649 septemtrionem
1084 565 1172 630 cadit
1188 567 1222 630 in
1239 563 1390 650 quandam
1403 586 1441 630 se·

337 679 449 743 mitam
466 685 499 742 et
523 679 557 742 in
573 677 686 742 eadem
711 677 827 740 semita
841 675 931 740 vadit
956 673 998 739 ad
1015 674 1176 759 quoddam
1192 673 1398 740 molendinum
1410 677 1438 738 iu

337 787 441 851 rivulo
459 787 514 872 qui
530 786 597 850 ruit
621 783 661 848 de
677 781 783 848 Kuhli
809 789 842 847 et
857 782 944 847 idem
959 784 1081 848 rivulus
1097 782 1319 848 descendendo
1334 789 1443 867 separat

335 895 439 978 ipsam
456 901 577 958 terram
602 914 622 957 a
637 891 891 976 possessionibus
916 892 1064 974 magistri
1080 889 1106 956 J
1107 891 1244 956 ohannis
1260 890 1403 956 antedicti
1416 896 1442 954 et

336 1005 382 1067 sic
397 1003 590 1066 terminatur
605 1049 612 1066 .
629 1049 636 1064 .
652 999 777 1066 Datum
787 998 869 1064 feria
878 1005 970 1063 sexta
984 1000 1133 1080 proxima
1149 1003 1226 1062 ante
1242 997 1357 1062 festum
1369 998 1442 1062 beati

335 1109 508 1175 Michaelis
524 1107 719 1191 archangeli,
735 1127 819 1172 anno
836 1107 957 1172 domini
982 1105 1035 1170 Μ0
1046 1103 1146 1172 0000
1166 1107 1320 1189 vigesimo
1337 1111 1443 1190 quarto.

278 1345 279 1348 Ἴ
442 1273 467 1322 Α
480 1271 554 1336 pe'csi
577 1271 764 1334 kaptalannak
789 1273 864 1320 1335.
879 1271 935 1320 dec.
950 1270 1008 1320 4-ki
1021 1269 1179 1331 atiratdbdl,
1192 1269 1322 1334 melpmek
1334 1269 1444 1333 credetije

334 1376 451 1427 megvan
464 1377 496 1410 az
510 1377 579 1412 orsz.
593 1361 648 1410 Ital·
660 1360 760 1410 kincct.
774 1365 840 1408 oszt.
854 1361 887 1408 N.
901 1361 933 1410 R.
947 1360 979 1411 A.
993 1363 1052 1410 935.
1067 1365 1091 1410 9.
1105 1359 1172 1423 dipl.
1186 1359 1258 1410 ltar:
1274 1364 1350 1410 2260.
1363 1360 1444 1409 xuzli:

229 1514 230 1518 Ἰ
334 1451 438 1501 Vincze
451 1451 551 1502 Gabor.

862 1758 933 1820 147.

332 1921 428 1984 1324.
445 1931 500 1984 oct.
517 1921 547 1984 3.
574 1923 600 1985 I.
627 1919 754 2005 Kc'roly
778 1920 892 2004 hircily
918 1917 1136 2002 Faraasfuhte
1162 1922 1195 1984 c's
1222 1917 1348 1985 Kavad
1371 1919 1446 2005 Gytte

329 2029 512 2112 cdrmeppci
537 2028 717 2093 dirtoluolcot
743 2028 846 2092 Dczsh'
870 2027 1037 2112 hircilyuh'i
1063 2027 1297 2113 orszu'phc‘rdtdl
1323 2027 1444 2102 elocuta,

337 2135 495 2200 Vo'uo'czhc'
520 2135 635 2202 Simon
650 2138 703 2219 fla
720 2137 834 2200 istosin
859 2136 1052 2222 dzvcpydoclc
1077 2137 1306 2201 uisczaadatui
1330 2135 1443 2200 rcndcti.

438 2293 585 2361 Karolus
601 2346 608 2361 .
625 2346 632 2361 .
648 2318 705 2362 rex
722 2347 728 2361 .
746 2347 752 2362 .
772 2297 992 2362 universorum
1019 2297 1138 2361 noticia
1163 2295 1280 2362 harum
1305 2297 1381 2361 serie
1401 2315 1445 2358 vo

326 2401 433 2466 lumus
464 2405 648 2488 pervenire,
681 2403 769 2487 quod
808 2405 885 2469 licet
925 2404 1081 2486 magister
1112 2403 1221 2470 Desev
1261 2403 1347 2470 filius
1376 2403 1444 2468 Dio·

328 2509 402 2574 nisii
418 2509 497 2575 dicti
512 2511 589 2576 sz
605 2512 701 2577 iudex
719 2513 807 2577 curio
823 2511 953 2576 domiue
968 2513 1079 2594 regine
1106 2513 1264 2577 consortis
1279 2517 1385 2577 nostre
1398 2509 1446 2574 ka·

325 2618 451 2682 rissime
468 2619 626 2702 quasdam
640 2622 856 2704 possessiones
880 2619 1075 2685 Farhasfeld
1091 2626 1125 2684 et
1140 2619 1262 2686 Kwesd
1279 2625 1403 2686 vocatas
1416 2618 1445 2681 in

329 2725 486 2790 comitatu
501 2725 526 2790 J
528 2728 670 2792 auriensi
685 2729 777 2793 iuxta
792 2727 926 2792 fluvium
941 2727 1037 2794 Raba
1053 2729 1229 2794 existentes
1245 2730 1370 2794 nomine
1384 2747 1446 2811 pos·

328 2832 504 2898 sessionum
519 2833 657 2899 hominis
683 2837 751 2900 sine
769 2834 888 2900 herede
908 2835 1092 2902 decedentis
1112 2835 1174 2900 sibi
1190 2857 1210 2901 a
1228 2835 1321 2904 nobis
1339 2837 1406 2901 dari
1419 2841 1446 2898 et

326 2945 483 3024 perpetuo
491 2941 831 3026 conferripoatulasset
842 2966 923 3027 quas
933 2965 991 3010 nos
1001 2945 1191 3026 ignoranter
1202 2945 1264 3010 sibi
1272 2943 1445 3010 contulisse·

326 3049 1447 3135 mus,tandamtamenquinnohilisdominaEllizahethnominatafilia

326 3153 352 3220 J
354 3155 488 3220 ohannis
504 3156 562 3222 filii
578 3155 762 3224 Alexandri
788 3161 907 3226 relicta
922 3162 1046 3227 scilicet
1065 3159 1225 3244 Stephani
1242 3161 1303 3226 filii
1319 3159 1447 3228 Simonis

329 3263 368 3328 de
385 3263 518 3348 Venyzk
533 3263 636 3330 filium
662 3289 756 3332 suum
781 3270 951 3351 parvulum
971 3267 1157 3352 Stephanus
1177 3275 1396 3354 nuncupatum
1411 3266 1447 3332 ab

328 3370 440 3435 eodem
457 3369 623 3454 Stephano
639 3376 756 3440 marito
774 3398 831 3440 suo
847 3382 1053 3460 procreatum
1077 3381 1213 3460 portans
1228 3377 1262 3441 in
1279 3377 1363 3442 ulnis
1378 3397 1448 3440 uua·

328 3498 400 3541 cum
416 3477 561 3561 predicto
578 3482 735 3564 magistro
752 3481 867 3548 Desew
892 3485 956 3548 imo
973 3483 1112 3548 ducente
1128 3484 1240 3550 eodem
1256 3485 1299 3549 ad
1314 3489 1448 3549 nostram

324 3584 526 3668 presenciam
542 3587 724 3654 accedendo
749 3591 783 3653 in
808 3591 977 3675 privilegio
994 3591 1128 3674 capituli
1156 3591 1290 3684 ecclesie
1306 3590 1448 3656 Jaurien·

324 3691 368 3755 sis
384 3691 476 3758 nobis
492 3694 526 3757 in
542 3696 646 3776 specie
664 3695 807 3762 exhibito
824 3697 1043 3763 dimidietates
1061 3698 1221 3764 dictarum
1233 3699 1369 3764 duarum
1384 3718 1449 3782 pos

324 3799 501 3864 sessionum
513 3805 659 3886 temporo
670 3810 859 3871 contractus
870 3807 1068 3890 sponsalium
1079 3829 1151 3872 cum
1163 3792 1275 3872 eodem
1292 3805 1449 3891 Stephano

321 3907 440 3970 marito
466 3928 524 3972 suo
549 3909 704 3975 celebrati
730 3913 790 3977 sihi
817 3918 849 3978 et
875 3913 978 3978 eidem
1004 3912 1171 3998 Stephano
1188 3915 1307 3981 marito
1324 3936 1380 3980 suo
1395 3935 1448 3999 per

326 4013 463 4078 eundem
481 4013 505 4078 J
508 4013 669 4082 ohannem
693 4025 821 4102 patrem
847 4023 914 4086 eius
931 4044 988 4105 pro
1015 4022 1171 4087 clenodiis
1186 4028 1345 4107 perpetuo
1361 4022 1448 4088 datas

280 4189 282 4192 ,
324 4126 358 4186 et
374 4123 509 4189 collatas
527 4124 712 4212 declaravit,
737 4153 813 4196 voce
842 4133 976 4198 credula
1001 4139 1034 4197 et
1051 4133 1247 4198 certitudine
1276 4155 1342 4200 non
1356 4153 1450 4199 sacua

324 4229 516 4296 affirmando
532 4241 660 4300 mortuo
670 4236 804 4321 ,Ugrino
820 4239 887 4306 filio
904 4241 999 4307 unico
1016 4241 1158 4306 eiusdem
1173 4238 1199 4305 J
1201 4241 1339 4307 ohannis
1354 4241 1449 4306 fratre

323 4338 465 4404 eiusdem
482 4340 611 4407 domine
628 4367 686 4428 per
701 4349 884 4430 predictum
900 4357 1027 4434 patrem
1053 4371 1148 4414 suum
1172 4349 1281 4414 adhuc
1297 4351 1448 4414 viventem

322 4446 403 4510 alias
422 4446 639 4516 dimidietates
656 4453 818 4522 dictarum
835 4458 971 4522 duarum
986 4457 1225 4541 possessionum
1242 4455 1304 4521 sihi
1320 4456 1450 4523 donatas
1556 4520 1559 4529 ,

322 4553 474 4636 extitisse,
486 4577 544 4621 uos
554 4557 654 4640 igitur
665 4559 704 4626 de
720 4567 810 4647 regia
819 4565 1020 4649 benignitate
1038 4587 1077 4630 ex
1093 4587 1158 4649 qua
1174 4565 1350 4650 singularis
1366 4565 1451 4632 iusti·
1555 4538 1561 4561 ³
