3130 5470
542 378 638 440 1329.
655 394 742 440 surr.
761 377 811 438 19.

650 775 723 836 377.

115 942 216 1004 1329.
234 950 313 1025 sept.
332 939 383 1002 18.
399 935 430 1002 A
447 938 594 1003 dcszoiar’
609 937 770 1022 lcdplclao
787 936 859 1001 elon
880 935 1056 1021 Tarpenycc'
1070 933 1249 1017 Milolaflc

112 1047 267 1112 Ber-iszlo
283 1051 315 1112 c's
340 1045 505 1130 Pulupciri
529 1043 648 1108 Tameia
664 1045 733 1126 fici
758 1047 889 1128 epymds
905 1043 976 1108 ledat
1000 1042 1195 1108 libaturam
1219 1046 1250 1106 e's

431 1153 766 1240 dirtolevisronyailrct
782 1152 943 1216 renolczilr.

230 1314 420 1400 Capitulum
439 1312 572 1379 ecclesie
604 1311 783 1378 Bonnensis
800 1363 807 1377 .
825 1363 831 1376 .
848 1311 890 1376 ad
921 1311 1143 1378 universorum
1167 1312 1252 1377 noti-

115 1424 227 1488 ciam.
244 1474 252 1488 .
268 1424 417 1488 volumus
432 1421 609 1506 pervenire,
626 1420 713 1504 quod
740 1419 911 1485 Berizlaus
936 1418 1023 1484 filius
1047 1419 1178 1504 Mylota
1213 1421 1252 1486 dc

115 1531 273 1616 Terpune
289 1531 330 1595 ab
346 1553 411 1596 una
427 1535 530 1614 parta,
546 1528 572 1594 J
573 1529 718 1596 ohannes
733 1527 820 1594 filius
838 1529 964 1594 Thema
981 1530 1020 1594 de
1036 1529 1249 1614 Palagarpro

116 1661 152 1705 se
170 1645 204 1705 et
217 1662 277 1723 pro
293 1640 444 1706 Emericc
461 1659 500 1704 ac
516 1637 663 1703 Martino
688 1636 845 1703 fratribus
861 1638 927 1704 suis
944 1661 983 1704 ex
1008 1640 1115 1704 altera
1140 1659 1250 1703 coram

115 1747 213 1812 nobis
229 1747 447 1830 personaliter
471 1746 642 1811 constituti
659 1745 911 1812 confessisunt.
928 1797 934 1812 .
952 1746 1040 1830 quod
1066 1768 1163 1831 super
1178 1748 1250 1811 uni·

116 1857 222 1920 versis
233 1855 338 1920 causis
354 1905 362 1919 .
378 1905 385 1920 .
400 1854 527 1919 radices
545 1853 705 1920 discordie
716 1854 871 1920 demedio
882 1855 1027 1938 ipsorum
1044 1854 1252 1938 exstirpando

117 1963 162 2030 ad
180 2015 186 2029 .
205 2014 213 2029 .
229 1965 321 2048 pacis
337 1965 489 2030 unionem
506 1962 709 2029 devenissent
732 1963 794 2028 tali
810 1963 916 2046 modo,
934 1963 1023 2046 quod
1040 1963 1178 2048 predicti
1194 1961 1220 2027 J
1221 1984 1254 2026 o-

118 2073 248 2138 hannes
263 2072 435 2136 Emericus
466 2076 499 2136 et
514 2070 680 2136 Martinus
697 2071 737 2136 de
753 2073 955 2155 possessione
979 2071 1123 2153 Palagar
1138 2076 1256 2137 vocata

120 2179 290 2264 quoddam
316 2201 429 2244 nemus
453 2179 632 2263 vulgariter
657 2179 760 2245 berulr
791 2184 942 2245 vocatum
968 2180 1002 2242 in
1019 2201 1083 2262 quo
1100 2185 1176 2244 suut
1192 2178 1255 2244 due

119 2310 243 2372 magne
259 2288 394 2354 arbores
418 2288 469 2353 tul
500 2287 649 2353 videlicet
663 2289 757 2353 iuxta
774 2293 897 2354 terram
913 2287 992 2352 dicti
1016 2287 1159 2352 Berizlai
1176 2287 1255 2352 Ter·

125 2419 217 2482 pune
248 2403 397 2463 vocatam
427 2397 612 2462 immediate
643 2397 795 2462 adiacens
822 2404 855 2463 et
886 2398 1026 2462 existens
1044 2396 1256 2462 dedissent..

120 2505 228 2570 eidem
243 2505 395 2570 Berizlao
413 2525 476 2570 ..e
493 2526 646 2572 converso
664 2511 774 2570 autem
790 2505 877 2572 idem
901 2505 1072 2572 Berizlaus
1089 2505 1254 2589 quandam

120 2613 323 2698 particulam
338 2614 416 2678 silve
427 2614 638 2697 quamdictus
654 2614 680 2680 J
681 2615 823 2680 ohannes
834 2620 866 2680 et
875 2613 1041 2680 Martinus
1058 2613 1119 2678 filii
1130 2613 1254 2678 Thome

121 2722 230 2788 eidem
245 2743 307 2806 pro
333 2721 437 2787 tribus
461 2725 579 2788 marcis
605 2723 711 2788 minus
737 2722 862 2789 duabus
886 2723 994 2808 pensis
1020 2723 1255 2807 impignorave-

120 2837 199 2896 rant
216 2830 337 2896 eisdem
352 2830 545 2898 reddidisset
560 2883 567 2897 .
584 2885 590 2898 .
607 2837 728 2898 terram
743 2853 817 2898 vero
842 2833 1016 2916 planiciem
1026 2853 1090 2916 que
1106 2836 1155 2898 est
1164 2833 1257 2898 iuxta

123 2940 241 3005 silvam
257 2937 283 3004 J
284 2939 420 3005 ohannis
451 2939 594 3006 Emerici
611 2946 644 3006 et
659 2939 797 3005 Martini
812 2941 1035 3025 predictorum
1059 2945 1158 3024 prout
1174 2941 1256 3006 eius·

124 3047 201 3113 dem
217 3046 362 3112 Berizlai
390 3047 459 3112 fore
491 3048 670 3114 dinoscitur
701 3049 805 3114 eidem
835 3049 987 3115 Berizlao
1013 3049 1256 3114 dimisissent..

122 3156 254 3223 Datum
286 3153 369 3221 feria
399 3157 539 3223 secunda
569 3157 718 3241 proxima
749 3154 837 3224 ante*
850 3159 1030 3241 quindenas
1061 3157 1257 3223 Nativitatis

130 3261 261 3348 (beate)
279 3263 421 3346 virginis,
439 3285 524 3330 anno
541 3264 661 3330 domini
677 3264 731 3329 M⁰
747 3264 849 3332 0000
864 3267 1018 3348 vigesimo
1034 3287 1129 3332 nono.

238 3428 258 3477 Α
277 3425 371 3489 peccet
383 3429 463 3478 vdrda
476 3429 624 3492 selyemrdl
639 3428 751 3496 fiiggdtt
766 3447 772 3495 3
785 3430 915 3496 eredetr'je
928 3447 944 3481 a
956 3430 1023 3481 bodi
1035 3431 1123 3495 Balog
1136 3443 1173 3482 cs.
1183 3431 1260 3482 lban.

618 3568 775 3584 *A

681 3810 755 3874 ars.
815 3765 816 3770 Ν

128 3974 227 4040 1329.
245 3983 324 4059 sept.
344 3977 393 4038 19.
411 3975 503 4039 Pc‘ter
519 3973 836 4061 sonrdonr'fdcsporas
862 3975 894 4040 ds
919 3999 957 4040 az
983 3973 1051 4060 apri
1063 3971 1191 4060 pitspb'lc
1207 3971 1257 4038 te-

123 4083 257 4166 lpcttesc
288 4079 432 4146 Balleooi
462 4083 579 4146 Isinda
610 4081 743 4166 lednyac'
773 4081 1005 4168 loduyneyycdi
1021 4080 1263 4167 illetmc‘nye'nelc

363 4189 618 4276 mepdllupa'tdsu
634 4189 818 4276 tdryyddcn
834 4190 1023 4254 intdzlrcdilc.

237 4348 274 4416 N
275 4372 311 4416 os
326 4351 481 4434 magister
495 4349 615 4416 Petrus
631 4350 879 4416 archidiaconus
903 4349 943 4415 de
955 4343 1110 4416 Sombon'
1125 4349 1263 4414 vicarius

125 4458 319 4526 Chanadini
335 4459 478 4543 episcopi
493 4455 663 4543 Agriensis
680 4459 793 4525 damus
808 4481 868 4544 pro
885 4459 1048 4541 memoria,
1067 4457 1155 4542 quod
1170 4458 1262 4523 iuxta

123 4567 270 4636 formam
286 4568 432 4656 priorum
447 4568 635 4636 litterarum
650 4574 836 4636 nostrarum
861 4569 896 4634 in
920 4569 1044 4635 octavis
1068 4565 1264 4636 Natiuitatis
