3172 5462
360 431 423 492 108
711 433 1133 493 aurouuosrorruturrin.

356 610 435 675 iuris
450 612 643 694 patronatus
667 609 856 674 monasterii
870 605 904 673 in
918 607 1033 688 eadem
1048 605 1247 692 possessione
1264 601 1431 675 existentis
1444 601 1481 675 ac

357 717 500 801 quadem
514 719 566 784 ria
580 737 699 800 magna
712 719 775 800 'per
791 737 889 801 quam
903 715 990 781 idem
1000 715 1125 782 Paulus
1141 715 1309 783 commode
1325 716 1368 782 ad
1383 717 1479 800 ipsum

354 825 585 892 monesterium
600 825 647 889 ire
662 825 792 908 poterit,
808 823 1039 907 perpetualiter
1048 822 1214 889 dedissent
1223 827 1257 889 et
1266 825 1480 907 assignassent

354 936 388 1000 in
397 933 481 1000 filios
491 931 632 998 filiorum
641 930 869 1016 possidendam
878 931 1003 1013 pariter
1013 935 1047 996 et
1056 929 1241 998 habendam
1257 932 1360 1015 signis
1374 935 1409 997 et
1422 951 1479 998 me-

354 1043 397 1108 tis
414 1062 523 1107 coram
537 1040 668 1106 homine
683 1045 793 1105 nostro
805 1038 846 1104 ab
862 1039 1007 1120 ipsorum
1023 1040 1175 1122 porcione
1192 1039 1436 1122 distinguend03
1450 1047 1481 1105 et

355 1150 443 1217 idern
458 1149 582 1216 Paulus
598 1171 615 1214 e
632 1169 784 1216 converso
801 1158 898 1232 s'uper
914 1147 1024 1213 debito
1042 1149 1186 1232 ipsarum
1203 1149 1388 1232 quindecim
1404 1169 1478 1213 mar·

355 1281 467 1327 carum
482 1258 676 1324 iudiciorum
692 1255 933 1340 gravaminibus
949 1257 1204 1340 prescriptorum
1219 1277 1259 1322 so
1275 1257 1378 1322 eciem
1391 1275 1480 1341 super

355 1373 414 1434 s'u's
430 1367 651 1450 captivacione
665 1385 724 1448 per
740 1364 869 1453 eosdem
884 1363 974 1431 fecta
990 1365 1076 1447 ipsos
1093 1363 1218 1446 nobiles
1233 1365 1365 1449 penitus
1375 1367 1413 1429 et
1427 1384 1479 1448 per

356 1474 463 1539 omnia
493 1471 689 1537 reddidisset
720 1470 896 1553 expeditos,
935 1477 1033 1554 prout
1064 1469 1316 1555 eedemspartes
1348 1479 1482 1538 unacum

356 1579 482 1668 Thema
498 1581 615 1650 clerico
633 1579 723 1644 chori
739 1579 843 1643 nostri
860 1578 989 1646 homine
1006 1599 1148 1665 pernes
1173 1579 1216 1646 ad
1241 1581 1303 1646 hoo
1329 1579 1478 1666 deputato

357 1683 466 1754 eorem
483 1683 576 1752 nobis
593 1685 809 1781 comparando
826 1685 926 1781 nobis¹
943 1687 1128 1780 retulerunt
1152 1689 1326 1778 viro-voce
1336 1715 1344 1776 5
1376 1679 1482 1776 cursus

357 1804 465 1863 autem
481 1803 641 1862 metarum
657 1797 757 1880 ipsius
772 1801 859 1860 terre
878 1797 981 1878 partis
998 1796 1208 1878 possessionis
1233 1787 1413 1862 memorate
1428 1795 1479 1860 uli
1573 1799 1574 1876 t

358 1905 471 1971 ordine
506 1905 766 1988 distinguuntur:
792 1905 897 1989 pu'nro
921 1903 1071 1968 videlicet
1096 1904 1211 1987 incipit
1235 1905 1277 1970 ab
1304 1927 1393 1988 aqua
1423 1925 1478 1988 que

357 2013 457 2097 Tyria
471 2019 678 2096 nuncupetur
694 2018 726 2077 et
741 2031 843 2096 prope
859 2013 961 2096 ipsam
978 2033 1097 2096 aquam
1113 2016 1189 2077 sunt
1200 2010 1262 2076 due
1278 2018 1365 2076 mete
1382 2017 1478 2077 terrea

357 2122 442 2186 circe
458 2120 622 2204 quendam
638 2119 764 2202 vallem,
781 2125 814 2184 et
831 2119 948 2192 abhinc
964 2141 1022 2202 per
1031 2125 1135 2184 metas
1146 2127 1269 2184 terreas
1280 2119 1478 2203 procedendo

356 2249 466 2294 versus
498 2227 696 2294 occidentem
720 2227 809 2293 venit
834 2227 877 2292 ad
901 2248 999 2291 urnam
1023 2234 1143 2292 metam
1174 2233 1314 2292 terream
1351 2248 1414 2311 que
1437 2233 1480 2291 est

357 2356 458 2422 prope
474 2341 551 2402 ante
567 2335 729 2420 quendam
745 2340 887 2401 montem
912 2334 1021 2400 hoolm
1047 2339 1207 2418 vocatum,
1233 2341 1264 2400 et
1291 2333 1409 2400 deiude
1431 2333 1480 2398 fle·

357 2447 457 2512 otitur
472 2465 582 2511 versus
598 2445 773 2528 meridiem,
799 2445 886 2510 venit
902 2443 945 2509 ad
969 2464 1065 2510 unam
1093 2447 1213 2508 metam
1237 2449 1381 2509 terream
1397 2447 1429 2508 et
1443 2442 1479 2507 ab

355 2553 413 2620 illa
428 2553 519 2620 vadit
535 2552 578 2618 ad
593 2559 722 2636 pratum
741 2552 775 2631 in
791 2569 855 2635 quo
872 2552 1004 2634 quidem
1019 2557 1114 2635 prato
1131 2551 1222 2635 signa
1237 2556 1402 2618 metarum
1417 2549 1480 2614 fieri

355 2661 621 2744 nequivissent..
652 2660 776 2726 Datum
817 2679 901 2726 anno
943 2659 1065 2724 domini
1104 2657 1159 2724 Μ0
1193 2657 1295 2726 000ο
1333 2659 1482 2733 vicesimo-

356 2770 467 2853 tercio‚
483 2767 508 2832 J
510 2768 636 2834 ohanne
660 2769 835 2852 preposito,
860 2765 988 2834 Thoma
1012 2767 1141 2850 lectore,
1166 2765 1317 2834 Emerico
1343 2771 1480 2848 cantore,

356 2874 494 2940 Nicolao
510 2873 692 2958 Bachiensi,
714 2875 835 2958 Egidio
851 2873 1027 2958 Sirmiensi,
1053 2874 1154 2942 Petro
1171 2873 1365 2958 Zegediensi
1385 2873 1481 2942 arciri·

354 2983 507 3066 diaconis‚
524 2980 622 3050 Gallo
640 2982 781 3064 custode,
806 2981 907 3046 Petro
925 2982 1056 3064 decano,
1073 2983 1253 3066 ceterisque
1272 2983 1438 3050 canonicis
1452 2982 1481 3048 iu

352 3089 465 3156 eadem
481 3092 618 3158 ecclesia
634 3091 693 3156 deo
710 3090 945 3156 famulantibus
961 3091 1082 3174 iugiter
1099 3095 1131 3156 ct
1148 3090 1272 3156 (terete.

360 3259 366 3272 '
460 3255 541 3306 rainl
555 3254 587 3305 A.
598 3255 628 3303 Β.
640 3251 668 3304 (l.
680 3254 950 3318 cyrographumrnal,
963 3254 1048 3319 iiiggd
1061 3253 1180 3318 pensetje
1193 3253 1325 3319 hienyzik
1338 3272 1345 3314 ;
1359 3254 1482 3318 eredetijo
1572 3293 1573 3304 ³

352 3360 384 3398 aa
398 3364 466 3402 orsz.
480 3349 533 3398 ltrir
547 3348 645 3398 kinost.
661 3351 730 3398 oszt.
745 3347 778 3396 N.
793 3349 826 3399 It.
840 3347 872 3399 A.
890 3351 966 3398 1507.
981 3353 1005 3398 2.
1019 3349 1085 3412 dipl.
1108 3348 1180 3398 itur:
1197 3352 1275 3398 2199.
1303 3348 1388 3398 Kczli
1399 3365 1406 3398 :
1419 3347 1482 3397 Viu-

352 3453 398 3489 cze
412 3439 514 3490 Gdbor.

837 3579 997 3590 ...ω-ιο.-

893 3748 946 3812 99.

357 3909 448 3971 1323.
476 3905 505 3970 Α
523 3908 660 3971 cecruidr'
675 3907 831 3993 triptoloo
858 3907 930 3972 elcut
955 3907 1063 3992 Fartop
1079 3909 1132 3990 fio
1159 3907 1305 3972 Bouorlok
1330 3911 1363 3972 ds
1389 3907 1481 3972 curret·

341 4015 393 4096 fla
411 4016 443 4080 F
443 4017 526 4101 clep,
551 4017 584 4080 F
585 4017 733 4101 itloplolco
752 4026 831 4082 vueod
860 4017 1044 4081 dirdolcul‘ci
1076 4017 1225 4080 iterasti
1240 4017 1364 4101 Burlofi
1380 4019 1481 4081 Pider-

690 4125 748 4188 rrelc
764 4125 796 4188 e's
813 4125 945 4188 l’oloatz
970 4125 1146 4189 el'c’rdlcitil.

459 4283 647 4370 Capitulum
664 4285 798 4350 ecclesie
824 4282 1058 4351 Ohenadiensis
1075 4333 1081 4350 .
1099 4335 1106 4349 .
1128 4285 1173 4350 acl
1187 4287 1414 4352 universorum
1430 4305 1486 4356 no·¹

352 4395 462 4460 ticiam
479 4443 486 4460 .
503 4447 511 4462 .
529 4395 675 4461 volumus
690 4395 865 4478 pervenire,
876 4393 965 4477 quod
981 4394 1100 4460 comite
1115 4393 1296 4462 Benedicto
1314 4393 1380 4458 filio
1397 4393 1481 4476 Phy-

352 4503 410 4586 lipi
435 4507 468 4567 et
483 4501 623 4586 Phylipo
649 4500 715 4567 filio
739 4501 881 4567 eiusdem
908 4502 1121 4585 personaliter
1136 4501 1178 4566 ab
1195 4521 1261 4568 una
1276 4507 1380 4585 parte,
1405 4501 1479 4566 item

353 4609 453 4674 Petro
464 4609 613 4676 etPoulc
624 4609 795 4676 comitibus
806 4608 880 4674 filiis
890 4609 986 4676 Buda
996 4610 1091 4676 dictis
1102 4609 1142 4674 de
1152 4607 1317 4676 Wduardi
1333 4609 1479 4703 similiter
1571 4661 1572 4682 p
