3132 5470
344 473 408 533 358
707 478 895 528 sasouuoru
912 464 1128 526 sumamma.

343 656 376 716 et
390 648 527 716 tradidit
535 651 691 734 perpetue
700 641 845 712 libertati
860 643 909 708 ita
918 645 955 708 ut
964 640 1148 725 ubicunque
1159 639 1320 707 voluerint
1334 639 1455 705 liberam

346 763 490 830 habeant
505 760 658 826 manendi
673 758 871 838 facultatem,
888 775 1052 821 assumens
1082 753 1291 819 nihilominus
1310 752 1458 837 predictus

345 871 472 938 Marcel
486 871 574 954 ipsos
589 867 804 934 Benedictum
821 871 854 930 et
871 861 1069 946 Gregorinm
1100 885 1139 928 ac
1154 864 1299 946 ipsorum
1313 882 1457 927 successo·

347 1002 398 1046 res
416 1001 436 1045 a
451 978 607 1063 predictis
622 974 778 1042 fratribus
794 974 860 1038 suis
877 977 909 1038 et
925 973 998 1038 aliis
1014 971 1215 1055 quibuslibet
1230 969 1457 1055 impeditoribus

349 1081 490 1154 liberare
507 1084 678 1150 defendere
695 1083 836 1168 propriis
852 1103 925 1148 cum
940 1079 1108 1146 laboribus
1134 1080 1200 1145 suis
1233 1085 1266 1144 et
1282 1078 1457 1163 expensis..

348 1193 474 1262 Datum
488 1195 523 1258 in
539 1193 661 1260 octavis
677 1189 887 1257 Ascensionis
898 1189 1029 1273 domini,
1040 1208 1124 1253 anno
1142 1188 1284 1253 eiusdem
1300 1185 1458 1252 Millesimo

351 1303 576 1370 trecentesimo
593 1301 746 1385 vigesimo
763 1304 885 1366 octavu.

457 1483 610 1548 Httlapjs'm
623 1481 893 1546 peosetuyomaival,
919 1478 975 1530 alul
998 1479 1274 1544 cyrographumursl;
1297 1477 1414 1541 eredetijc
1433 1491 1460 1524 ss

354 1591 422 1630 orsa.
436 1574 492 1625 lter
504 1573 603 1624 kincst.
618 1576 684 1623 oszt.
697 1573 730 1624 N.
745 1571 777 1622 R.
792 1569 824 1622 A.
842 1573 919 1621 1535.
934 1575 976 1619 ¹25.
990 1570 1056 1634 dipl.
1070 1570 1101 1620 lt.
1117 1573 1196 1620 ates.
1219 1568 1300 1619 Kozli
1312 1585 1317 1619 :
1330 1568 1419 1618 Vincze
1432 1567 1460 1616 G.

837 1790 995 1803 -.-—..

884 2045 958 2105 321.

357 2227 452 2289 1328.
469 2227 544 2309 ordj.
562 2227 613 2288 28.
630 2222 660 2286 Α
672 2226 832 2310 prczsoreya'
847 2223 1006 2310 lcdptolarr
1032 2223 1103 2287 elect
1120 2221 1366 2310 Saevit-pperppi
1380 2221 1461 2286 Solus

356 2335 388 2401 e's
404 2333 500 2398 Pe'ter
516 2333 659 2399 Karcsae'
675 2332 877 2398 Lordndook
894 2335 926 2396 c's
944 2332 1138 2396 testati-erret·
1167 2333 1396 2416 Nepa-Koresa
1411 2329 1461 2394 tir

526 2441 579 2506 tob
603 2442 717 2526 belyett
733 2440 894 2526 Lokpaba
912 2451 992 2506 nevo
1009 2439 1145 2505 bia-robor
1161 2439 1264 2526 orljo'l:
1280 2446 1324 2506 a't.

465 2621 682 2705 ..capitulum
701 2619 832 2686 ecclesie
847 2619 1068 2686 Posoniensis.
1079 2671 1086 2687 .
1097 2621 1139 2686 ad
1158 2622 1378 2687 universorum
1399 2619 1464 2684 noti·

358 2730 626 2810 ciam..volnmus
636 2729 904 2814 pervenire‚quod
913 2729 1037 2795 nobiles
1047 2731 1177 2795 iuvenes
1187 2731 1335 2813 magistri
1346 2727 1465 2795 Sebuset

357 2837 476 2905 Petrus
485 2837 543 2904 filii
555 2835 797 2905 comitisAbree
805 2838 890 2904 bone
899 2841 1052 2904 memorie
1060 2837 1465 2922 deSanctoGeorgio..suut
1552 2893 1553 2898 ,

359 2946 495 3014 confessi
505 2997 511 3012 .
522 2998 529 3013 .
540 2947 628 3032 quod
638 2948 714 3031 quia
728 2946 902 3013 Lorandus
921 2946 1007 3012 filius
1026 2945 1134 3013 Bolda
1152 2947 1192 3012 de
1208 2945 1345 3013 Karcha
1359 2945 1466 3012 nomine

359 3078 416 3122 suo
427 3061 459 3122 et
468 3056 596 3121 nomine
606 3053 687 3139 Meg
696 3054 808 3120 fratris
817 3057 866 3120 sui
886 3055 1048 3140 quandam
1068 3045 1301 3140 possessionem
1320 3053 1465 3140 Nepelmr-

360 3165 421 3231 cha
433 3171 653 3250 nuncupatam
670 3186 767 3248 quam
779 3165 857 3249 ipsis
866 3166 900 3230 in
910 3166 1081 3231 retroactis
1091 3166 1308 3250 temporibus.
1325 3162 1467 3231 contule

358 3281 435 3340 rant
449 3275 521 3340 i'ure
535 3277 691 3358 perpetuo
706 3273 933 3357 possidendam
958 3296 1017 3358 pro
1043 3295 1108 3360 qna
1132 3295 1191 3358 per
1215 3273 1300 3340 filios
1324 3271 1467 3340 Jchannis

359 3383 418 3448 lilii
433 3381 594 3448 Lothardi
610 3387 643 3447 et
660 3379 862 3466 Stephanum
877 3381 982 3448 filium
998 3382 1096 3448 Pauli
1113 3383 1340 3468 multipliciter
1355 3382 1466 3447 fuerunt
1550 3455 1551 3458 Ἴ

360 3491 523 3560 molestati
539 3497 571 3556 et
587 3491 714 3574 gravati
729 3490 878 3574 indebite,
894 3491 972 3575 ipsis
989 3491 1199 3556 reddiderunt
1215 3497 1249 3557 et
1273 3491 1467 3557 restituerunt
1550 3461 1551 3506 l

361 3599 456 3665 dictis
481 3598 557 3665 filiis
581 3597 745 3664 Johannis
771 3604 804 3664 et
828 3597 993 3683 Stephano
1019 3598 1087 3666 filio
1112 3599 1211 3666 Pauli
1242 3597 1429 3666 reddendam
1443 3599 1467 3659 et

361 3707 601 3790 restituendam,
617 3728 676 3790 pro
692 3728 729 3772 eo
746 3706 865 3773 eisdem
881 3707 1036 3774 Lorando
1062 3713 1095 3774 et
1111 3707 1193 3792 Mog
1209 3707 1371 3792 quandam
1387 3703 1468 3791 parti·
1549 3701 1550 3752 l

363 3817 470 3882 culam
486 3821 572 3882 terre
587 3816 621 3880 in
647 3837 887 3900 recompensam
912 3817 1013 3903 ipsius
1039 3817 1247 3901 possessionis
1272 3811 1469 3901 Nepekarcha

362 3927 395 3991 ‘et
409 3926 445 3990 in
461 3925 645 4010 quantitate
662 3923 802 3989 eiusdem
819 3924 859 3988 de
875 3926 1015 4009 quadam
1029 3925 1229 4010 possessione
1244 3926 1385 4010 ipsorum
1398 3917 1468 3985 Ial-

362 4034 449 4120 paka
464 4039 652 4118 nuncupata
667 4032 727 4098 sub
744 4033 840 4099 certis
856 4035 949 4098 metis
973 4033 1059 4100 infra
1083 4035 1214 4118 scriptis
1239 4029 1411 4118 separando
1425 4047 1468 4092 seu

259 4205 263 4214 .
361 4141 585 4225 distinguendo
619 4163 678 4225 pro
705 4143 848 4208 serviciis
873 4143 1017 4226 ipsorum
1048 4143 1222 4210 meritoriis
1255 4148 1288 4208 et
1326 4135 1464 4221 saugviuis

363 4270 473 4315 eorum
490 4246 641 4314 effusione
657 4255 754 4333 prout
768 4251 858 4333 prius
874 4250 1091 4316 mediantibus
1107 4249 1272 4335 prioribus
1303 4247 1411 4314 litteris
1425 4263 1467 4306 no·

363 4357 445 4422 'stris
461 4355 581 4423 dictam
597 4357 831 4440 possessionem
847 4356 1065 4442 Nepekarcha
1081 4357 1238 4424 dederant
1255 4407 1261 4419 .
1279 4406 1286 4421 .
1302 4355 1361 4422 sub
1376 4349 1465 4418 eodem

364 4463 462 4529 titulo
480 4463 639 4529 dederunt
654 4515 661 4530 .
678 4515 685 4529 .
703 4487 811 4532 coram
827 4465 920 4531 nobis
935 4467 1006 4532 iure
1022 4465 1219 4531 hereditario
1235 4459 1466 4530 irrevocabiliter
1545 4473 1547 4480 ⁴

365 4572 591 4657 possidendam
608 4624 615 4638 .
632 4623 638 4638 .
656 4572 756 4640 Cuius
773 4575 903 4658 quidem
919 4577 1080 4658 particule
1106 4582 1191 4640 terre
1216 4579 1302 4640 mete
1331 4575 1419 4658 prout
1432 4565 1467 4629 di·

365 4689 490 4747 scretus
502 4682 549 4747 vir
560 4679 584 4746 J
586 4681 729 4749 ohannes
740 4689 847 4748 rector
858 4683 990 4749 ecclesie
1005 4682 1127 4751 Sarncte
1143 4680 1258 4749 Crucis
1273 4683 1366 4749 homo
1380 4680 1468 4744 noster
