3130 5470
553 484 647 547 1329.
665 503 737 548 usur.
755 485 806 547 20.
1021 475 1027 492 ¹
1177 489 1242 552 409

104 661 167 726 rias
184 665 409 747 possessiones
425 663 486 730 sibi
501 664 665 747 portinere
696 663 918 750 approbarent
934 665 1085 731 exhibere
1111 665 1238 734 debuis-

105 776 174 835 sent
204 771 381 838 iudiciario
398 772 610 838 moderamini
636 793 745 838 coram
769 772 871 859 nobis,
897 775 1030 840 tandem
1054 776 1120 840 iam
1146 776 1243 845 dictis

105 879 284 962 quindenis
300 881 545 947 advenientibus
561 881 659 947 iidem
673 879 866 954 Dominicus
893 889 926 949 et
942 883 968 949 J
969 885 1112 950 ohannes
1127 906 1238 968 persc-

103 989 228 1055 naliter
246 991 290 1055 ad
305 996 450 1056 nostram
466 989 657 1056 accedentes
682 992 882 1074 presenciam
897 993 1054 1076 magistro
1071 990 1239 1078 Stephano

105 1104 283 1164 executore
301 1121 471 1164 causarum
487 1099 672 1165 huiusmodi
688 1100 905 1184 litigiosarum
921 1101 1049 1168 notario
1066 1103 1141 1167 aule
1151 1105 1239 1187 regie

104 1208 243 1290 speciali
259 1207 378 1274 adhoc
394 1207 551 1293 deputato
568 1209 814 1292 presencialiter
839 1205 1017 1275 adherente
1033 1211 1238 1295 privilegium

105 1317 207 1398 ipsius
225 1315 351 1380 domini
376 1317 479 1382 nostri
494 1317 580 1400 regis
604 1323 751 1382 tenorem
777 1323 810 1383 et
835 1319 1054 1384 continencias
1078 1320 1239 1404 privilegii

104 1423 225 1488 excelsi
244 1423 399 1508 principis
415 1423 537 1490 domiui
553 1421 634 1488 Bele
651 1425 814 1508 quondam
838 1425 943 1491 incliti
958 1427 1044 1510 regis
1060 1425 1235 1511 Hungarie

103 1531 278 1600 recolende
294 1532 447 1597 memorie
464 1533 502 1597 de
512 1531 611 1598 verbo
621 1532 663 1597 ad
673 1533 806 1599 verbum
823 1535 856 1599 in
872 1555 906 1600 se
921 1535 1089 1601 continens
1105 1542 1137 1601 et
1147 1538 1238 1620 regia

103 1640 294 1723 approbans
309 1638 466 1705 facultate
482 1639 756 1724 demonstrarunt,
767 1663 906 1725 quarum
922 1643 1020 1707 series
1036 1642 1075 1707 de
1092 1644 1238 1727 ipsarum

103 1748 349 1832 possessionum
380 1746 619 1831 quidditatibus
644 1771 705 1815 nos
732 1749 890 1816 eomodo
916 1750 1057 1816 dilucide
1082 1749 1239 1816 edocebat

104 1857 191 1940 quod
227 1879 303 1920 cum
326 1852 501 1921 Herranolo
527 1855 594 1922 filio
625 1855 758 1925 Nicolai
788 1856 848 1924 filii
878 1857 990 1925 Borch
1022 1879 1059 1924 ec
1083 1856 1239 1942 temporis

102 1965 282 2031 intervallo
300 1986 364 2048 quo
380 1985 516 2047 regnum
532 1963 705 2050 Hungarie
721 1965 809 2031 omni
834 1967 1085 2052 tranquillitatis
1101 1972 1135 2033 et
1149 1967 1239 2051 pacis

103 2075 329 2160 pulcritudine
345 2075 404 2140 sub
420 2076 522 2160 ipsius
538 2076 660 2141 domini
675 2075 757 2141 Bele
772 2077 857 2160 regis
875 2083 1032 2162 tanquam
1042 2077 1119 2144 boni
1135 2082 1238 2143 recto·

105 2185 149 2249 ris
172 2183 374 2268 presidentis
398 2184 620 2268 gubernaculo
647 2183 817 2250 efflorebat
848 2191 881 2250 et
912 2187 1049 2270 quisque
1079 2207 1138 2252 suo
1169 2187 1239 2250 iure

102 2293 267 2358 indemnis
299 2292 544 2377 congaudebat,
574 2299 659 2358 nutu
690 2293 797 2358 divine
836 2295 968 2380 pietatis
1007 2295 1059 2360 cui
1083 2295 1237 2369 „humane

102 2401 341 2466 imbecillitatis
366 2401 528 2486 fragilitas
558 2402 708 2466 resistere
739 2423 804 2466 non
835 2403 926 2468 novit
957 2402 1103 2468 debitum
1134 2402 1237 2468 exsol-

102 2509 207 2575 vendo
226 2510 331 2574 omnis
347 2510 453 2574 carnis
476 2509 693 2593 possessiones
719 2531 774 2576 sue
791 2509 912 2595 Tyrien
931 2511 965 2576 in
990 2510 1236 2577 Komar-iriensi

104 2624 137 2683 et
169 2616 306 2703 Gyalan
336 2637 375 2682 ac
405 2615 578 2700 Warangh
610 2618 644 2682 in
676 2617 831 2684 Tolnensi
863 2617 1068 2684 comitatibus
1100 2620 1237 2684 existen-

103 2731 151 2789 tes
183 2730 345 2807 tanquam
376 2725 543 2809 superstiti
567 2726 756 2809 propaginis
796 2747 852 2791 seu
876 2725 1004 2792 heredis
1030 2727 1149 2792 solacio
1182 2725 1236 2790 de·

103 2833 225 2899 stituto
259 2834 346 2915 regie
372 2833 567 2918 proprietati
583 2833 670 2898 omni
701 2833 780 2899 iuris
811 2839 844 2899 et
857 2834 987 2925 iusticie
1012 2835 1143 2899 tramite
1159 2833 1235 2899 fuis·

103 2946 178 3007 sent
194 2941 357 3027 deuolute,
374 2943 465 3025 regia
479 2941 664 3025 benignitas
689 2963 746 3007 sue
771 2943 866 3008 solite
890 2941 1099 3009 liberalitatis
1116 2941 1234 3008 exube-

101 3050 220 3116 rancia
256 3070 319 3134 que
353 3050 523 3134 perspicue
567 3049 854 3134 contemplacionis
895 3051 996 3117 oculis
1036 3051 1239 3135 singulorum

101 3159 225 3222 merita
251 3161 406 3222 contuens
438 3156 563 3222 confert
595 3163 628 3223 et
658 3156 821 3224 condonat
852 3158 1001 3225 antidota
1031 3159 1237 3243 premiorum,

101 3264 282 3330 fidelitates
293 3270 325 3330 et
333 3264 431 3330 laude
441 3265 541 3349 digna
550 3257 747 3332 fidelitatum
758 3267 913 3352 obsequia
922 3268 1071 3351 magistri
1082 3264 1238 3332 Oorrardi

101 3373 163 3440 filii
180 3371 293 3458 Albey
309 3375 407 3459 digne
422 3374 650 3440 retribucionis
674 3377 786 3442 bravio
813 3378 945 3463 cupiens
961 3376 1105 3444 refovere
1130 3381 1238 3460 prota-

101 3491 174 3548 ctas
192 3483 410 3566 possessiones
426 3489 463 3548 ut
479 3504 536 3548 sue
553 3484 641 3566 regie
658 3484 829 3550 collacioni
854 3485 894 3550 de
918 3486 989 3552 iure
1014 3483 1181 3550 devolutas
1198 3483 1238 3548 de

102 3613 266 3658 consensu
282 3597 315 3656 et
330 3592 553 3658 benivolencia
570 3593 773 3658 serenissime
783 3594 975 3677 principisse
991 3591 1237 3659 domineMarie

101 3709 184 3767 tunc
202 3702 314 3786 regine
331 3699 505 3785 Hungarie
522 3701 609 3766 clare
625 3703 863 3770 recordacionis
895 3703 947 3768 cui
963 3701 1049 3768 dicte
1064 3701 1238 3786 possessio·

100 3811 151 3875 nis
178 3807 356 3894 Warangh
379 3815 507 3894 partem
532 3811 722 3875 orientalem
748 3810 850 3894 priori
876 3811 1028 3877 donativo
1054 3811 1238 3876 contulerat

100 3917 287 3984 revocando
312 3917 441 4002 prefato
475 3915 639 3983 Corrardo
664 3918 820 3984 heredum
851 3940 982 3984 suorum
1013 3939 1071 4003 per
1101 3915 1237 3982 heredes

101 4027 300 4093 contulisset
310 4031 467 4110 perpetuo
483 4024 705 4109 possidendas,
723 4027 832 4110 sicque
848 4027 1099 4110 permultorum
1116 4031 1237 4108 tempo·

100 4159 177 4202 rum
195 4135 358 4200 curricula
372 4135 528 4218 premisso
552 4135 657 4218 regali
682 4135 832 4200 donativo
858 4136 927 4219 ipse
952 4132 1134 4200 Oorrardus
1151 4138 1183 4198 et
1199 4155 1236 4199 eo

100 4246 238 4310 decesso
247 4242 273 4308 J
274 4241 418 4308 ohannes
427 4240 513 4308 filius
524 4243 592 4308 eius
601 4243 687 4326 ipsas
697 4242 915 4327 possessiones
924 4241 1059 4329 pacifice
1078 4241 1236 4326 possedis-

100 4357 177 4419 sent
191 4351 309 4436 ;ipsius
319 4373 406 4416 nunc
424 4349 450 4416 J
451 4349 590 4416 ohannis
600 4349 660 4416 filii
677 4349 833 4417 Corrardi
843 4351 1036 4436 propagines
1052 4355 1086 4415 et
1101 4348 1237 4414 heredes

99 4463 200 4528 solite
208 4481 339 4525 suorum
348 4465 522 4544 parentum
531 4459 699 4526 fidelitatis
710 4460 953 4527 eximiasummi
963 4459 1089 4526 ardoris
1099 4457 1237 4542 flagran-

99 4569 256 4652 ciaregie
267 4567 418 4634 exhibere
428 4569 613 4636 celsitudini
623 4591 687 4636 non
697 4570 900 4636 immemores
910 4570 1054 4654 ipsarum
1064 4567 1237 4654 possessio·

102 4701 187 4746 num
206 4677 402 4744 donaciones
418 4679 521 4763 regali
546 4677 778 4763 approbacioni
804 4683 1002 4763 apponentes
1027 4677 1099 4762 ipsa
1114 4697 1239 4762 posses·
