3154 5474
347 471 409 566 182
696 511 884 564 asrooront
901 493 1117 563 orsrtrrrtn.

341 690 399 748 tuo
417 678 625 746 observanda.
655 675 781 745 Datum
808 679 840 744 in
856 677 1037 764 Vysegrad,
1054 678 1178 745 decimo
1204 677 1258 744 die
1283 683 1452 744 octavarum

349 789 454 856 medie
471 786 726 873 Quadragesime
757 788 988 874 predictarum,
1015 809 1101 853 anno
1134 787 1261 854 domini
1290 785 1340 851 M⁰
1370 782 1458 852 000ο

347 897 486 963 XXX0.

451 1061 602 1125 Hatlapjdn
615 1061 895 1125 pecsdtnyomaiva13
909 1060 1038 1125 credetije
1052 1075 1085 1110 az
1098 1075 1168 1110 orsa.
1196 1058 1253 1108 star
1282 1059 1374 1108 kincst.
1401 1063 1458 1106 oszt.

346 1154 379 1204 N,
393 1153 425 1202 R.
445 1154 478 1202 Α.
497 1156 571 1202 1507.
594 1155 635 1200 22.
655 1152 722 1216 dipl.
742 1151 813 1200 lter:
829 1155 907 1201 2600.
923 1151 1017 1202 Kozli:
1031 1151 1135 1200 Vineae
1155 1149 1256 1198 [tabor.

354 1715 448 1777 1330.
465 1735 537 1800 apr.
557 1713 607 1775 13.
624 1710 653 1776 Α
671 1711 760 1776 bricci
776 1711 935 1796 kdptclaa
965 1711 1038 1775 alost
1055 1709 1215 1775 Fatale-ori
1240 1711 1355 1776 La'szlo'
1377 1713 1407 1775 c'r
1420 1711 1461 1793 jin

354 1823 453 1886 nc‘hai
468 1820 631 1886 Fb'ldodra'
647 1820 734 1886 Pe'sa
760 1819 1001 1885 birtokrc'szcdrt
1018 1821 1113 1906 Nye‘lc
1138 1829 1221 1885 nevit
1245 1819 1332 1884 Bdcs
1355 1824 1462 1883 vdrme-

530 1931 605 2014 9yei
619 1929 724 1994 birrok
731 1928 816 2014 felc't
832 1928 957 1992 Fatela·
974 1928 1143 1993 De'aeanek
1159 1928 1306 2012 atadjdt.

463 2088 535 2156 Nos
551 2087 730 2174 capitulum
747 2087 880 2153 ecclesie
896 2087 1087 2154 Bachiensis
1103 2088 1218 2153 damus
1241 2110 1300 2172 pro
1315 2088 1459 2168 memoria

361 2199 449 2284 quod
464 2198 565 2264 nobili
589 2199 657 2264 viro
683 2197 839 2283 magistro
865 2197 1023 2282 Dyonisio
1041 2197 1081 2262 de
1106 2195 1217 2281 Futag
1242 2197 1285 2262 ab
1300 2219 1362 2262 una
1376 2201 1464 2280 parte,

357 2306 515 2372 Ladislao
549 2313 581 2372 et
597 2305 781 2371 Laurencio
797 2304 864 2372 filio
890 2305 1034 2371 eiusdem
1060 2303 1099 2370 de
1130 2303 1298 2370 Feulduar
1321 2305 1361 2370 ab
1376 2305 1464 2370 altera

359 2437 467 2480 corani
477 2414 570 2481 nobis
580 2463 604 2479 ..
617 2414 804 2480 constitutis
814 2415 1017 2499 propositum
1028 2413 1140 2480 extitit
1149 2435 1208 2498 per
1219 2413 1364 2480 cosdem.
1375 2464 1381 2476 .
1391 2410 1463 2496 qnod

359 2545 457 2608 super
472 2544 569 2588 causa
586 2543 684 2604 quam
700 2521 784 2587 idem
801 2521 955 2606 magister
971 2521 1150 2606 Dyonisius
1165 2523 1294 2588 racione
1323 2520 1464 2607 porcionis
1537 2595 1538 2600 ἵ

361 2631 611 2718 possessionarie
626 2629 733 2696 Poose
759 2629 923 2714 quondam
940 2630 979 2695 de
996 2629 1108 2696 eodem
1123 2629 1290 2696 Feuldnar
1319 2631 1351 2695 in
1374 2627 1465 2694 eaden

361 2739 559 2824 possessione
570 2738 737 2804 Feulduar
747 2737 856 2803 habite
868 2745 982 2804 contra
993 2737 1120 2804 eosdem
1135 2737 1325 2804 Ladislaurn
1342 2736 1465 2802 etfitiun

361 2869 454 2912 suurn
486 2847 550 2912 iam
576 2845 698 2912 dictum
714 2847 776 2931 ipsi
803 2848 958 2931 magistro
983 2845 1140 2932 Dyonisio
1164 2867 1223 2934 per
1248 2867 1354 2931 regem
1370 2843 1466 2910 collate

363 2976 472 3020 coram
489 2953 601 3020 eodem
634 2954 763 3020 domino
781 2977 857 3039 rege
874 2955 1015 3020 habebat
1040 2954 1256 3020 mediantibus
1288 2954 1394 3040 probis
1407 2952 1468 3016 viris

362 3113 368 3127 .
387 3114 393 3128 .
411 3063 520 3128 taliter
537 3062 689 3128 dixerunt
706 3085 740 3129 se
757 3064 975 3146 concordasse,
995 3065 1083 3148 quod
1108 3063 1194 3130 idem
1218 3062 1388 3130 Lsdislaus
1411 3081 1467 3124 cun

363 3171 474 3238 eodem
489 3171 672 3238 Laurencio
688 3171 756 3238 filio
773 3195 830 3238 suo
855 3173 1063 3238 medietatem
1089 3173 1258 3239 cuiusdam
1285 3168 1468 3258 possessionis

365 3281 509 3364 ipsorum
541 3279 737 3344 hereditarie
753 3279 846 3346 Neelr
861 3289 975 3346 vocate
989 3282 1022 3346 in
1049 3283 1205 3347 comitatu
1230 3279 1397 3346 Bachiensi
1418 3276 1469 3342 eri·

366 3387 480 3452 stentis
496 3409 556 3470 pro
572 3385 776 3453 redemcione
793 3387 877 3453 dicte
893 3390 1056 3472 porcionis
1071 3387 1211 3473 predicti
1227 3387 1333 3453 Poosc
1349 3387 1404 3471 ipsi
1419 3405 1467 3449 na·

365 3497 466 3578 gistro
492 3493 650 3578 Dyonisio
666 3545 673 3560 .
690 3545 697 3560 .
712 3495 920 3561 tradidissent
946 3545 976 3562 ..
1001 3495 1234 3581 perpetualiter
1259 3492 1469 3579 possidendam,

367 3609 400 3667 et
417 3603 492 3685 quia
508 3600 548 3666 ad
565 3624 697 3685 presens
713 3605 783 3688 ipse
801 3606 954 3688 magister
970 3603 1147 3689 Dyonisius
1173 3603 1211 3669 de
1236 3611 1388 3688 precepto
1402 3600 1469 3683 regio

366 3711 408 3776 ad
426 3711 549 3776 curiam
567 3711 708 3805 eiusdem
725 3717 796 3776 erat
812 3711 1018 3797 profecturas
1045 3711 1236 3778 festinanter
1262 3719 1296 3776 et
1320 3711 1360 3779 ob
1376 3711 1428 3777 hoc
1440 3704 1470 3772 ad

366 3819 482 3884 faciem
499 3817 584 3883 dicte
600 3821 808 3904 possessionis
824 3843 883 3904 pro
901 3820 1057 3887 divisione
1068 3827 1100 3885 et
1117 3820 1327 3886 distinccionc
1337 3825 1469 3887 mearum

368 3927 513 3992 facienda
538 3933 647 4010 partes
673 3928 826 3994 accedere
843 3951 907 3993 non
935 3928 1073 4010 valeant,
1099 3928 1286 3994 ordinatum
1314 3929 1416 3994 extitit
1428 3943 1471 4009 per

368 4035 497 4100 eosdem
524 4057 633 4100 coram
659 4035 752 4102 nobis
778 4035 835 4100 tali
861 4036 957 4102 modo
984 4035 1070 4120 quod
1096 4043 1210 4103 octavo
1241 4035 1294 4102 die
1310 4031 1471 4102 reversionis

368 4143 467 4227 ipsius
484 4143 634 4226 magistri
650 4142 801 4229 Dyonisii
818 4145 858 4209 de
875 4144 966 4209 curia
982 4144 1104 4210 domini
1129 4145 1215 4228 regis
1231 4144 1319 4210 dicte
1335 4151 1432 4229 partes
1444 4136 1472 4203 od
1535 4139 1536 4224 J

369 4249 484 4316 faciem
501 4249 587 4315 dicte
603 4253 810 4335 possessionis
827 4252 978 4318 accedere
996 4273 1054 4335 pro
1071 4251 1281 4319 distinccione
1297 4259 1330 4319 et
1345 4251 1473 4318 divisione

370 4357 518 4423 facienda
534 4359 620 4424 inter
636 4359 723 4444 ipsos
741 4360 945 4443 tenebuntur,
962 4359 1023 4424 hoc
1040 4359 1166 4425 adiecto
1183 4360 1271 4444 qnod
1288 4362 1315 4426 si
1330 4361 1412 4426 idern
1429 4356 1473 4422 In·

371 4466 492 4531 dislaus
503 4471 560 4531 aut
570 4465 655 4532 filius
665 4489 741 4534 suus
752 4469 958 4552 supradictus
968 4469 1001 4534 in
1013 4469 1099 4534 dicto
1110 4469 1248 4534 termino
1259 4467 1300 4534 ad
1311 4469 1410 4554 ipsam
1419 4463 1474 4530 diri·

369 4575 514 4640 sionem.
531 4625 537 4640 .
553 4576 662 4641 venire
673 4598 738 4642 non
755 4583 906 4642 curarent
916 4583 973 4642 eut
981 4576 1137 4643 veniendo
1148 4575 1258 4662 aliquo
1268 4576 1473 4664 impedimento

369 4683 589 4766 quorumlibet
621 4692 912 4752 commetaneorurn
930 4707 1061 4754 suorum
1087 4691 1118 4752 et
1135 4683 1273 4755 aliorum
1289 4687 1471 4774 preveniente
