3132 5470
304 511 368 570 326
689 525 875 570 aureunom
894 511 1110 570 ouuiturrta.

300 709 410 751 eorum
430 687 528 750 Pauli
545 688 709 750 nominate
726 685 796 750 sore
813 685 1002 752 asserebant
1019 687 1059 750 ab
1087 688 1252 751 eraocione
1270 687 1427 752 dictarum

304 801 464 861 metarum
476 795 724 880 prohibuissent,
744 796 940 860 nobilesviri
956 795 996 860 de
1008 795 1118 860 eodem
1137 797 1296 860 comitatu
1314 795 1429 879 specia-

301 907 378 969 liter
393 911 503 968 autem
521 925 626 968 comes
642 903 813 968 ‘lohannes
829 901 916 968 filius
934 903 1024 967 Iwan
1040 903 1115 968 bani
1142 910 1174 968 et
1200 903 1372 968 Dionisius
1394 924 1427 966 ac

301 1011 391 1079 Onor
407 1011 464 1076 filii
482 1011 645 1077 Martinus
662 1015 819 1096 tauquam
844 1011 965 1076 iudices
982 1015 1144 1077 communi
1160 1018 1193 1076 et
1208 1012 1298 1077 bona
1325 1013 1429 1078 volun-

300 1129 369 1188 tate
385 1144 445 1205 per
462 1143 516 1185 eos
533 1122 669 1184 assumti
685 1122 770 1186 inter
786 1121 873 1202 ipsos
883 1119 1056 1185 iudicando
1074 1119 1292 1186 decrevissent
1303 1128 1341 1186 ut
1352 1120 1429 1184 idem

300 1233 456 1313 magister
472 1229 628 1294 Nicolaus
644 1227 764 1293 dictam
775 1229 969 1311 particulam
979 1233 1065 1294 terre
1076 1229 1237 1293 mediante
1248 1230 1426 1294 iuramento

302 1361 360 1404 suo
377 1339 494 1404 debeat
511 1345 544 1402 et
560 1338 662 1420 possit
678 1338 845 1420 obtinere3
873 1337 1001 1402 deinum
1019 1343 1128 1402 autem
1154 1338 1240 1402 idem
1266 1339 1293 1403 J
1294 1339 1429 1403 ohannes

303 1453 335 1512 et
361 1447 578 1530 prenominati
603 1443 662 1510 filii
688 1447 736 1510 sui
762 1466 821 1528 per
845 1447 984 1529 speciem
1010 1446 1130 1511 favoris
1154 1447 1282 1512 consilii
1315 1445 1357 1509 ad
1380 1467 1430 1509 cor

302 1556 474 1622 redeuntes
490 1555 670 1638 predictam
687 1555 883 1638 particulam
908 1562 994 1620 terre
1012 1557 1105 1620 irrxta
1121 1556 1336 1621 assercionem
1355 1555 1430 1618 eius·

304 1665 377 1729 dem
392 1665 539 1747 magistri
555 1663 686 1728 Nicolai
703 1685 723 1728 a
737 1664 892 1747 proximis
909 1665 975 1728 suis
1001 1669 1034 1728 et
1049 1664 1091 1729 ab
1108 1663 1256 1728 omnibus
1274 1669 1428 1728 conmeta-

303 1773 373 1837 neis
391 1777 424 1836 et
440 1773 554 1836 vicinis
584 1770 730 1856 predicte
761 1772 969 1854 possessionis
1000 1772 1098 1837 Pauli
1130 1777 1164 1836 et
1189 1771 1430 1856 quampluribus

307 1882 471 1947 nobilibus
487 1883 520 1946 in
536 1881 679 1946 vicinatu
703 1879 824 1946 ibidem
840 1881 1027 1946 constitutis
1044 1879 1087 1946 ad
1102 1885 1224 1945 terram
1250 1880 1329 1944 ville
1344 1878 1429 1944 Hills

303 1989 448 2074 predicte
463 1991 555 2054 iuxta
572 1989 800 2054 distinceiones
817 1995 850 2054 et
864 1995 968 2056 metas
984 1987 1209 2073 infrascriptos
1241 1989 1429 2073 pertinuisse

304 2106 338 2163 et
353 2099 393 2163 de
409 2082 479 2163 iure
494 2100 658 2182 pertinere
669 2101 894 2181 cognovissent
905 2098 1042 2164 eundem
1051 2100 1245 2182 magistrum
1260 2095 1429 2164 Nicolaum

304 2207 479 2272 secundum
506 2205 748 2272 ordinacionem
776 2213 809 2271 et
834 2209 1013 2272 suasionem
1038 2207 1261 2291 predictorum
1278 2205 1429 2271 nobilium

304 2316 448 2380 virorum
462 2314 574 2398 pocius
592 2315 748 2396 magistro
765 2313 905 2380 Nicolao
920 2315 1092 2398 pecuniam
1107 2335 1203 2380 suam
1234 2313 1315 2379 dare
1340 2334 1430 2396 quam

303 2423 486 2508 predictum
515 2423 732 2488 iuramentum
758 2423 919 2506 deponere
945 2423 1177 2489 consuluerunt
1192 2424 1257 2488 imo
1275 2421 1429 2506 compule-

304 2537 381 2597 runt
410 2531 549 2614 receptis
580 2553 636 2594 sex
667 2532 783 2596 marcis
814 2553 922 2597 coram
953 2534 1046 2598 nobis
1070 2535 1104 2598 in
1134 2533 1221 2598 facto
1247 2532 1326 2596 dieti
1350 2533 1430 2597 iura·

305 2642 404 2732 menti
445 2638 532 2722 quod
572 2638 666 2705 modo
697 2641 854 2724 premisso
896 2663 992 2725 super
1030 2641 1117 2707 sacto
1150 2641 1235 2706 dicte
1275 2639 1426 2723 particule

305 2756 392 2814 terre
418 2747 579 2830 deponere
605 2747 748 2812 habebat
773 2747 993 2814 reddidissent
1008 2751 1073 2813 imo
1090 2749 1302 2814 reddiderunt
1321 2768 1423 2812 coram

305 2856 398 2922 uobis
416 2853 602 2938 expeditum
619 2860 651 2918 et
666 2855 797 2940 penitus
814 2854 1000 2921 absolutum
1025 2863 1057 2921 et
1083 2859 1188 2940 ipsum
1213 2857 1426 2920 iuramentum

305 2963 366 3029 sibi
391 2961 636 3044 condescendit,
667 2961 849 3045 predictam
884 2961 1094 3028 nihilominus
1119 2965 1315 3048 particulam
1345 2970 1426 3026 terre

305 3073 408 3137 eidem
424 3070 578 3154 magistro
596 3068 734 3135 Nicolao
752 3077 908 3154 tanquam
935 3074 1101 3155 proprium
1126 3073 1176 3136 ius
1203 3079 1235 3137 et
1263 3070 1427 3155 possessio·

304 3203 378 3246 nem
394 3200 485 3244 suam
501 3179 700 3243 remisissent
717 3230 723 3244 .
742 3229 748 3244 .
765 3177 856 3244 Mete
872 3187 983 3246 autem
999 3179 1123 3247 dictam
1134 3181 1328 3265 particulam
1344 3185 1426 3243 terre

306 3294 338 3353 et
354 3286 590 3372 possessionem
616 3286 759 3350 eiusdem
775 3287 938 3353 Johannis
964 3295 998 3353 et
1022 3289 1164 3355 filiorum
1190 3311 1320 3355 suorum
1335 3287 1425 3351 Pauli

305 3396 426 3462 dictam
443 3399 631 3478 separantes
647 3393 709 3459 hoc
725 3394 836 3460 ordine
853 3395 1047 3482 discurrunt,
1060 3398 1146 3481 quod
1162 3399 1269 3481 prima
1283 3402 1366 3461 meta
1381 3395 1424 3458 in·

306 3505 385 3587 cipit
401 3503 442 3568 ab
460 3503 584 3567 oriente
601 3502 693 3566 iuxta
709 3503 816 3567 locum
833 3503 888 3569 ubi
905 3505 1028 3570 rivulus
1059 3505 1172 3571 Kazar
1189 3505 1296 3570 dictus
1311 3502 1378 3568 fluit
1392 3503 1423 3565 iu

305 3614 410 3678 rivum
426 3608 633 3694 Apatipatak
648 3611 850 3676 nominatum
866 3611 908 3677 ab
925 3613 1041 3679 arbore
1057 3615 1119 3698 piri
1130 3614 1287 3678 silvestris
1298 3617 1330 3678 et
1339 3612 1425 3675 iuxta

305 3722 440 3788 eandem
456 3720 605 3784 arborem
622 3725 698 3784 suut
714 3721 776 3786 due
793 3727 875 3786 mete
893 3728 1008 3806 terres,
1026 3729 1058 3788 et
1074 3723 1189 3788 deinde
1206 3722 1349 3788 ascendit
1363 3741 1425 3784 rer·

306 3853 359 3896 sus
377 3830 576 3896 occidentem
592 3829 634 3892 ud
651 3837 793 3894 montem
809 3837 842 3894 et
858 3831 903 3895 ibi
920 3832 953 3895 in
971 3833 1042 3896 sinu
1059 3853 1114 3897 seu
1132 3833 1336 3897 extremitate
1355 3829 1425 3894 silve

307 3961 369 4022 que
387 3947 436 4004 est
451 3941 485 4004 in
500 3940 570 4021 ipso
596 3943 706 4002 moute
730 3938 790 4004 sub
808 3940 949 4021 quadam
965 3941 1081 4006 arbore
1098 3942 1258 4006 silicisest
1274 3941 1425 4006 unameta

304 4053 413 4112 terrea
429 4053 460 4110 et
476 4047 567 4110 iuxta
584 4045 718 4110 eandem
735 4053 784 4111 est
800 4048 905 4112 altera
914 4056 1003 4114 meta
1014 4051 1164 4114 similiter
1181 4056 1299 4130 terrea„
1316 4045 1424 4111 abhinc

307 4176 423 4238 parum
439 4175 549 4218 versus
566 4153 768 4220 occidentem
784 4156 817 4218 in
835 4155 947 4220 eadem
965 4158 1044 4222 silva
1056 4157 1160 4222 eundo
1178 4155 1269 4222 eadit
1284 4157 1317 4220 in
1332 4173 1423 4236 quau·

307 4263 490 4326 damviam
516 4263 685 4343 antiquam
712 4268 745 4327 et
772 4285 829 4345 per
855 4285 926 4328 eam
943 4265 1092 4330 similiter
1109 4287 1219 4330 versus
1236 4263 1424 4330 occidentem

306 4369 469 4454 pergendo
485 4371 518 4433 in
535 4370 648 4434 eadem
665 4371 745 4434 silva
761 4375 906 4455 pervenit
923 4375 964 4438 ad
981 4375 1062 4439 duas
1088 4373 1222 4439 arbores
1250 4391 1381 4456 quercus
1395 4375 1424 4432 et

307 4479 366 4542 sub
384 4479 503 4542 eisdem
519 4485 595 4543 sunt
611 4479 673 4543 due
690 4487 773 4546 mete
785 4487 897 4565 terres,
908 4485 1051 4568 posthac
1067 4485 1100 4548 in
1117 4484 1230 4549 eadem
1245 4485 1299 4548 via
1314 4488 1346 4547 et
1354 4480 1424 4544 silra

307 4585 442 4650 ulterius
474 4587 675 4670 procedendo
702 4593 846 4671 pervenit
872 4593 913 4658 ad
939 4594 1045 4658 locum
1070 4592 1126 4658 ubi
1150 4595 1255 4677 ipsam
1279 4595 1358 4657 viam
1387 4586 1423 4652 ad

309 4693 492 4775 aquilonem
510 4717 566 4780 por
582 4696 714 4760 modum
730 4700 833 4763 crucis
851 4703 968 4766 transit
985 4702 1089 4768 altera
1105 4703 1157 4766 via
1174 4709 1206 4766 et
1222 4702 1268 4767 ibi
1285 4698 1420 4768 suntduc
