3130 5470
344 467 409 528 458
700 479 887 530 nnamrvvonr
905 469 1121 527 ausisausis.

341 645 460 709 litteris
477 645 611 728 capituli
629 645 762 710 ecclesie
778 641 948 727 Agrieusis
964 644 1120 710 antedicti
1146 668 1205 729 pro
1232 645 1374 728 magistro
1387 645 1435 710 Lu·

317 803 320 809 ¹
342 755 452 820 oachio
469 755 648 838 prescripto
664 754 769 837 ipsam
785 753 1019 837 possessionem
1044 751 1121 819 Ond
1147 778 1167 819 a
1192 755 1315 838 prefato
1330 753 1352 818 J
1354 753 1434 820 aoobo

340 862 406 928 filio
423 861 495 930 Vra
510 862 573 926 rite
590 867 622 926 et
638 862 782 946 legitime
798 862 951 928 omoionis
984 862 1087 928 titulo
1107 883 1309 945 comparasse
1324 869 1353 928 et
1367 883 1440 946 super

341 971 404 1038 hoc
419 972 635 1036 iustrumenta
652 1020 659 1035 .
676 1020 683 1035 .
701 969 835 1054 capituli
852 967 1023 1053 Agriensis
1053 970 1159 1054 ipsum
1184 969 1375 1036 Lucaohium
1399 968 1440 1034 hs·

345 1079 420 1145 bere
436 1080 627 1145 astruxisset
644 1100 753 1144 coram
777 1077 879 1162 nobis,
896 1083 929 1143 et
961 1076 1074 1144 eadem
1106 1099 1206 1144 causa
1222 1127 1230 1143 .
1246 1129 1253 1144 .
1269 1078 1310 1142 ad
1334 1083 1439 1144 octavas

344 1187 559 1254 Streuumnm
575 1237 582 1252 .
598 1237 605 1252 .
622 1188 665 1254 ad
680 1186 913 1253 exhibiciouem
928 1188 1216 1252 instrumentorum
1242 1187 1436 1271 predictorum

344 1317 402 1378 per
417 1296 607 1378 magistrum
623 1294 824 1360 Luoaohium
840 1345 847 1359 .
864 1345 870 1360 .
887 1301 1065 1378 prorogata
1080 1296 1257 1377 extitisset;
1282 1295 1444 1362 adveniente

345 1405 416 1487 ipso
432 1404 569 1468 termino
586 1403 673 1469 dioto
689 1402 818 1470 Jacobs
833 1401 901 1468 fflio
917 1401 989 1471 Vna
1005 1403 1045 1466 de
1071 1402 1242 1468 Tholchua
1266 1425 1324 1487 pro
1348 1424 1378 1468 se
1390 1423 1446 1486 per·

346 1513 501 1577 sonaliter
517 1517 551 1577 et
565 1533 623 1594 pro
647 1511 799 1577 Emerico
815 1510 918 1576 fratre
943 1532 1001 1576 suo
1017 1511 1146 1577 uterino
1171 1519 1210 1576 ut
1235 1511 1318 1576 dixit
1342 1511 1379 1575 ab
1399 1533 1448 1574 uua

346 1627 439 1704 parte
464 1627 497 1686 et
522 1621 686 1704 sepedicto
711 1622 851 1705 magistu
876 1619 1044 1685 Lucachio
1070 1641 1108 1683 ex
1135 1620 1240 1686 altera
1256 1641 1363 1686 coram
1377 1617 1450 1684 uobis

345 1731 560 1814 personaliter
578 1730 763 1796 constitutis
778 1731 980 1814 propositum
998 1730 1108 1794 extitit
1122 1751 1183 1814 per
1199 1729 1327 1795 eosdem
1343 1779 1349 1793 .
1365 1727 1450 1812 ‚quod

347 1851 444 1923 sup'er
460 1838 610 1904 omnibns
627 1839 732 1904 causis
748 1887 755 1903 .
772 1888 778 1903 .
795 1837 862 1903 suis
878 1859 960 1921 quas
976 1835 1061 1901 idem
1077 1835 1101 1901 J
1104 1836 1225 1913 acobus
1250 1837 1336 1902 filius
1351 1835 1413 1904 Vua
1425 1836 1451 1898 iu

346 1947 433 2014 facto
450 1947 535 2014 dicte
550 1948 759 2032 possessionis
776 1943 852 2013 Ond
867 1952 1012 2012 moverat
1028 1967 1137 2011 coram
1152 1945 1268 2012 nobis·
1288 1995 1295 2010 .
1312 1929 1448 2011 ad'talem

346 2056 435 2139 pacis
452 2061 486 2121 et
502 2055 674 2122 concordie
689 2055 893 2121 devenissent
908 2055 1066 2137 unionem,
1091 2054 1180 2138 quod
1204 2053 1290 2119 idem
1315 2052 1447 2136 magister

347 2161 372 2229 J
374 2163 493 2228 acobus
516 2185 573 2229 suo
590 2185 628 2228 ao
643 2165 773 2228 nomine
789 2161 942 2246 prelibati
957 2161 1100 2226 Emerioi
1115 2161 1228 2226 fratris
1244 2162 1294 2226 sui
1311 2158 1449 2245 prolatam

351 2272 586 2355 possessionem
603 2267 679 2336 Ond
694 2270 797 2336 eidem
811 2270 967 2352 magistro
982 2269 1149 2335 Lucachio
1166 2276 1200 2334 et
1216 2269 1282 2336 suis
1298 2265 1450 2334 heredibus

347 2403 419 2446 cum
434 2380 590 2444 universis
606 2377 804 2444 utilitatibus
821 2378 885 2443 suis
903 2384 936 2442 et
945 2379 1151 2462 pertinenciis
1167 2377 1227 2442 sub
1244 2377 1360 2442 eisdem
1371 2374 1449 2470 metis

347 2486 640 2552 etlimitaoiouibus
657 2486 775 2572 quibus
791 2507 849 2570 per
865 2486 952 2569 ipsos
969 2491 1001 2550 et
1012 2507 1087 2551 suos
1098 2485 1341 2570 predecessores
1357 2482 1452 2548 eaden

346 2617 492 2678 possessa
508 2596 663 2661 extiterat
677 2601 773 2679 prout
798 2593 832 2658 iu
848 2593 944 2659 dictis
968 2593 1225 2679 privilegialibus
1251 2592 1367 2658 litteris
1381 2587 1452 2672 oapi·

346 2703 408 2768 tuli
423 2705 594 2768 memorati
610 2703 798 2768 vidissemus
814 2723 911 2786 super
927 2701 1015 2767 dicta
1030 2703 1231 2786 possessione
1249 2698 1324 2766 Ond
1340 2705 1370 2764 et
1384 2700 1452 2763 eius·

347 2812 420 2877 dem
435 2811 624 2878 vendicioue
640 2817 673 2878 et
703 2811 883 2878 tradicione
909 2809 1062 2876 coniectis
1088 2811 1255 2894 contineri,
1271 2811 1392 2875 nullum
1413 2809 1454 2872 ius

347 2919 479 2985 dominii
496 2942 554 2986 seu
570 2921 692 3005 proprii
709 2943 768 3004 pro
785 2918 1202 3003 serese1vandoperpetuo
1228 2925 1263 2984 et
1278 2915 1454 2983 irrevocabi-

345 3030 422 3095 liter
437 3029 665 3113 possidendam
682 3035 713 3093 et
729 3028 929 3112 habendam;
945 3029 1110 3092 universas
1125 3029 1252 3093 litteras
1269 3049 1342 3093 suas
1357 3077 1363 3091 .
1379 3077 1385 3090 .
1400 3046 1455 3089 cas

347 3145 434 3204 satas
451 3145 484 3203 et
500 3138 630 3204 frivolas
648 3188 656 3203 .
673 3188 679 3203 .
695 3137 917 3221 relinquendo,
934 3135 1108 3218 obligando
1125 3157 1159 3200 se
1175 3136 1263 3200 idem
1278 3134 1304 3199 J
1305 3134 1416 3201 aoobus
1430 3137 1457 3195 et

346 3245 468 3310 dietum
484 3245 670 3311 Emericum
687 3245 821 3310 fratrem
837 3267 930 3310 suum
946 3243 1034 3328 quod
1050 3243 1313 3328 quandocunque
1329 3249 1459 3324 tempore

346 3355 550 3437 progressivo
567 3354 685 3436 aliquis
700 3355 844 3438 ipsorum
859 3353 909 3416 vel
927 3373 1058 3416 suorum
1084 3373 1308 3417 successorum
1324 3401 1331 3414 .
1347 3349 1459 3432 ,ipsam

346 3463 580 3545 possessiouem
596 3463 813 3546 recaptivaret
831 3461 1018 3544 gravamina
1028 3460 1062 3525 in
1077 3459 1226 3542 predicto
1243 3458 1406 3542 privilegio
1420 3454 1460 3518 iu-

348 3575 435 3633 serta
451 3570 631 3634 incurreret
647 3571 716 3651 ipso
732 3568 820 3633 sacto
838 3573 870 3632 et
885 3569 1018 3652 iusuper
1042 3573 1200 3650 tanquam
1215 3568 1250 3631 iu
1276 3565 1382 3630 duello
1397 3581 1458 3627 suo·

347 3677 495 3742 cubuisse
512 3677 710 3742 haberentur
727 3679 841 3741 contra
856 3675 1050 3759 magistrum
1074 3674 1277 3740 Luoaohium
1303 3679 1336 3739 et
1351 3690 1461 3738 succes·

347 3806 434 3851 sores
450 3786 600 3851 eiusdem.
616 3785 736 3868 Itaque
752 3806 810 3849 nos
825 3783 1012 3848 huiusmodi
1046 3783 1316 3866 composicionem
1347 3789 1458 3846 transs-

315 3962 319 3968 ,
349 3895 491 3958 ooiouem
507 3898 541 3957 et
566 3891 653 3957 dicte
670 3892 878 3976 possessionis
904 3888 980 3954 Ond
1004 3891 1291 3972 perpetuaoionem
1308 3911 1364 3972 per
1384 3888 1458 3970 ipsos

347 4002 433 4068 filios
448 4001 520 4070 Vna
535 4002 657 4067 factam
672 4000 820 4086 predicto
836 4001 992 4085 magistro
1008 3999 1175 4066 Luoaolrio
1208 4007 1242 4065 et
1267 4001 1335 4066 suis
1349 3992 1459 4062 heredi·

349 4111 411 4175 bus
427 4109 646 4194 approbantes
663 4159 670 4174 .
686 4160 693 4174 .
711 4109 909 4175 auctoritate
925 4109 1096 4174 iudiciaria
1112 4109 1272 4193 presentis
1290 4105 1397 4190 scripti
1410 4123 1459 4186 ps-

348 4218 485 4283 trooinio
502 4223 660 4301 perpetuo
677 4217 903 4282 confirmamus
920 4219 988 4282 sine
1012 4215 1193 4301 preiudioio
1219 4217 1300 4281 iuris
1325 4211 1414 4281 alieni
1429 4255 1456 4273 ..

347 4324 473 4390 Datum
503 4325 606 4409 Bude,
622 4325 726 4410 pridie
756 4326 830 4391 idus
861 4324 886 4390 J
888 4325 1024 4406 anuarii,
1056 4345 1141 4390 anno
1159 4323 1283 4390 domini
1298 4320 1458 4389 Millesimo

348 4435 574 4499 trecentesimo
591 4435 763 4500 tricesimo.

455 4581 552 4643 Ft'vggb
566 4579 659 4643 peostt
677 4579 821 4646 helytve13
842 4579 972 4645 eredetije
985 4595 1017 4629 az
1032 4593 1099 4630 orez.
1114 4579 1170 4628 lter
1182 4578 1283 4628 kinost.
1303 4579 1367 4627 oszt
1385 4573 1414 4623 N.
1432 4570 1460 4618 R·

350 4669 383 4722 Α.
400 4673 476 4720 1535.
492 4674 533 4720 33.
548 4670 613 4734 dipl.
627 4671 699 4721 aar:
715 4673 792 4720 257⁶.
806 4671 904 4720 Kozli:
924 4669 1027 4720 Vinoze
1042 4669 1142 4719 aanor.

831 4815 991 4825 ——-·-—-—-=
