3112 5466
320 424 385 486 228
679 437 866 483 asaounonr
884 423 1099 481 ornturrtn.

320 620 481 666 excusare.
511 599 634 664 Datum
661 599 695 662 in
720 597 951 682 anepnemti,
975 599 1009 662 in
1027 596 1164 661 termino
1181 593 1343 677 antedicto,
1357 613 1420 658 anno

322 709 442 774 domini
457 707 510 771 Μ0
527 703 628 772 000ο
644 703 735 770 ΧΧο
751 707 874 790 quinto.

428 869 561 920 Zairlatrin
584 869 659 919 nemi
682 868 1048 933 peesetmaradvanyokka13
1077 867 1206 931 eredetije
1239 883 1270 917 az
1303 880 1360 916 orsz.
1378 863 1418 913 lttr

319 961 417 1012 kinost.
432 965 498 1010 oszt.
515 960 548 1010 N.
562 960 596 1008 R.
611 961 643 1010 A.
660 963 737 1009 1746.
753 963 795 1010 46.
809 959 877 1023 dipl.
890 959 961 1008 lteir:
984 962 1061 1009 2329.
1082 958 1180 1007 Kozli:
1199 957 1279 1021 Nagy
1298 956 1379 1020 Gyula.

808 1155 963 1164 *—

324 1521 420 1585 1325.
445 1520 612 1604 Viseprcid,
630 1519 694 1582 dee.
711 1519 739 1581 5.
758 1517 785 1581 Ι.
799 1518 923 1602 Keiroty
940 1517 1051 1602 tirdlp
1069 1517 1141 1580 elsa
1157 1517 1310 1603 Elefu'ati
1318 1514 1423 1596 licitpcis

323 1629 429 1710 defici
444 1650 500 1714 epp
515 1626 647 1707 re'azrdi,
663 1629 734 1688 racis
749 1625 867 1690 re'azrdl
879 1625 980 1710 pedip
998 1625 1100 1688 Koraos
1117 1648 1230 1706 eomes,
1248 1625 1335 1710 Npe'ls
1349 1622 1423 1687 (iestis
1526 1649 1527 1652 ¹

323 1738 356 1798 e's
372 1737 519 1818 lilajtdrap
536 1735 683 1818 Pozsouy
699 1735 883 1818 veiruaapyea'
899 1732 1045 1796 birtokoic
1064 1733 1246 1818 feloszta'sa
1273 1728 1424 1816 teirppribau
1526 1759 1527 1762 ¹

792 1841 990 1928 laieppezuelc.

431 2001 502 2069 Nos
526 2002 673 2068 Karolus
698 2052 704 2067 .
731 2053 738 2066 .
763 2023 821 2066 rex
846 2051 853 2066 .
878 2051 885 2066 .
911 1999 1129 2084 significamus
1154 2051 1161 2066 .
1188 2051 1195 2066 .
1221 1999 1309 2085 quod
1334 1995 1427 2064 comite

324 2111 455 2177 Mathia
471 2111 510 2175 de
525 2109 689 2192 Elefanth,
706 2107 844 2174 Nioolao
860 2116 894 2174 et
909 2106 934 2173 J
936 2109 1063 2174 ohanne
1078 2107 1153 2173 filiis
1173 2109 1315 2174 eiusdem
1330 2107 1365 2172 ab
1379 2123 1428 2168 una

266 2301 267 2304 Ἴ
324 2225 426 2304 parte,
441 2219 520 2283 item
537 2217 654 2282 comite
669 2215 824 2302 Kenezyo
842 2238 880 2281 ex
896 2217 1003 2282 altera
1019 2239 1128 2282 coram
1138 2216 1231 2283 nobis
1241 2213 1430 2300 personaliter

325 2327 510 2394 constitutis
526 2347 584 2410 per
600 2325 728 2392 eosdem
744 2326 944 2410 propositum
971 2326 1080 2391 extitit
1096 2333 1130 2390 et
1145 2327 1294 2410 relatum,
1319 2321 1393 2409 quod
1405 2321 1431 2383 in

325 2457 423 2503 causa
448 2457 510 2519 que
525 2435 611 2500 inter
634 2435 722 2517 ipsos
746 2435 781 2499 in
805 2435 974 2518 presencia
1001 2435 1126 2499 comitis
1142 2432 1325 2500 Alexandri
1338 2428 1432 2498 iudicis

326 2546 413 2610 curie
441 2549 550 2609 nostre
575 2564 672 2626 super
696 2541 782 2608 facto
807 2543 1019 2625 possessionis
1044 2541 1140 2627 Nyek
1164 2548 1278 2608 vocate
1304 2562 1361 2626 que
1382 2537 1432 2602 alio

326 2651 456 2717 nomine
495 2647 714 2716 Leoncbfelde
745 2651 933 2715 nominatur
963 2649 1061 2714 Pauli
1096 2655 1129 2714 et
1162 2650 1288 2716 Fintha
1316 2649 1433 2715 filiorum

326 2755 490 2822 Antaleus
516 2757 592 2822 olim
617 2755 733 2837 fuerat,
759 2777 855 2838 quam
890 2756 976 2822 idem
1011 2778 1117 2822 comes
1151 2757 1326 2844 Kenezpus
1355 2751 1433 2820 titulo

327 2865 553 2948 acquisicionis
569 2869 601 2929 et
621 2865 772 2928 emoionis
788 2865 983 2946 possedisset
1007 2870 1045 2928 ut
1061 2864 1222 2950 dicebant,
1248 2873 1283 2931 et
1298 2858 1435 2930 distinoti-

328 2971 443 3037 onibus
470 2976 631 3036 metarum
659 2973 744 3036 inter
769 2972 984 3054 possessiones
1014 2967 1119 3038 Geezt
1144 2979 1177 3038 et
1202 2973 1332 3058 Moytih
1354 2965 1438 3036 nomi·

329 3087 423 3146 natas
440 3081 481 3146 ab
498 3083 632 3165 antiquo
652 3086 831 3146 erectarum
847 3083 1043 3165 vertebatur,
1070 3089 1103 3146 et
1120 3082 1197 3147 licet
1212 3083 1286 3166 ipsa
1302 3101 1389 3148 causa
1402 3079 1438 3140 iu·

328 3195 379 3252 tor
395 3194 503 3271 partes
514 3187 640 3253 diucius
650 3187 942 3253 luissetventillsta
962 3195 1070 3254 tamen
1086 3195 1221 3272 propter
1236 3191 1352 3256 bonum
1367 3184 1440 3270 pacis

329 3296 553 3361 amicabilibus
569 3297 856 3380 composicionibus
880 3319 919 3361 ex
943 3298 1152 3380 permissione
1180 3299 1322 3364 eiusdem
1344 3291 1439 3362 iudicis

330 3406 418 3469 curie
436 3410 546 3469 nostre
570 3403 613 3469 ud
639 3403 736 3469 talem
752 3404 921 3469 concordie
942 3406 1092 3470 unionem
1108 3404 1354 3470 devenissent..
1370 3395 1441 3484 qnod

329 3511 511 3595 predictam
549 3514 784 3594 possessionem
822 3511 953 3596 Moytih
993 3513 1072 3596 ipsis
1114 3514 1226 3578 comiti
1266 3512 1386 3578 Mathis
1416 3509 1441 3570 el

330 3617 415 3700 filiis,
432 3619 666 3701 possessionem
682 3641 757 3685 vero
785 3616 913 3685 Geezth
939 3620 1160 3704 supradictam
1180 3622 1242 3705 ipsi
1269 3614 1442 3688 comitilia

331 3747 429 3810 nezyo
461 3725 520 3790 sub
545 3725 595 3791 his
621 3729 713 3792 metis
739 3733 771 3792 et
797 3729 945 3793 terminis
970 3729 1112 3812 antiquis
1138 3751 1178 3794 ex
1203 3737 1340 3814 utraque
1364 3730 1443 3811 laerte

332 3831 420 3898 fluvii
447 3832 620 3917 Duduagh
653 3835 875 3901 adiacentibus
910 3859 990 3920 quas
1015 3836 1101 3902 idem
1129 3859 1234 3903 eomes
1259 3837 1397 3904 Mathias
1416 3831 1442 3895 iu

314 3933 316 3940 ¹
332 3941 1020 4024 presenciacommetaneorumetvicinorum
1031 3946 1443 4030 earumdempossessionuu]

333 4047 476 4114 ostendit
492 4055 524 4112 et
541 4049 717 4114 ostendisse
743 4053 917 4116 asseruerit
943 4075 1014 4118 cum
1032 4075 1143 4118 ererum
1163 4054 1358 4120 utilitatibus
1374 4049 1445 4115 alter

333 4155 429 4220 alteri
438 4155 639 4238 reliquerunt
656 4157 875 4242 possidendas,
891 4160 1089 4225 antedictam
1105 4166 1215 4226 autem
1230 4161 1447 4247 possessionem

333 4261 430 4346 Nyek
453 4263 487 4327 in
504 4261 555 4327 die
575 4264 672 4329 medii
697 4263 950 4348 Quadragesime
973 4289 1058 4333 nuno
1075 4275 1210 4335 ventura
1241 4272 1275 4336 in
1299 4263 1447 4355 presencia

334 4369 511 4434 testimonii
527 4371 661 4454 capituli
677 4373 811 4439 ecclesie
830 4373 1006 4441 Nitriensis
1032 4377 1157 4444 nobiles
1173 4385 1205 4443 et
1220 4378 1314 4462 probi
1329 4377 1384 4442 viri
1398 4392 1448 4457 pru

335 4481 429 4559 parte
462 4477 530 4543 illic
561 4480 694 4546 adducti
724 4483 758 4546 in
790 4484 869 4550 duas
901 4492 1010 4569 partes
1050 4488 1220 4570 coequales
1259 4487 1395 4551 dividere
1423 4483 1450 4544 et

336 4582 569 4650 dimidietatem
596 4588 735 4654 eiusdem
760 4593 968 4675 possessionis
987 4595 1079 4658 iuxta
1094 4595 1185 4676 regni
1203 4593 1449 4660 consvetudinem
