3152 5472
378 487 441 548 598
726 497 914 547 nuroononr
933 487 1151 546 operiamini.

377 687 418 730 no
436 664 601 748 preposito
628 669 661 727 et
676 661 830 727 iratribus
848 661 912 726 suis
930 709 936 725 .
955 712 961 726 .
979 664 1135 744 perpetuo
1152 711 1158 725 .
1175 711 1182 725 .
1199 661 1386 744 resignasset
1408 713 1432 726 ..
1453 671 1477 726 ct

378 773 507 838 litteras
523 771 674 838 videlicet
689 777 886 836 memoratas
901 777 1050 854 patentes
1067 769 1200 836 ecclesie
1210 767 1403 836 Castrit'errci
1417 821 1423 832 .
1435 823 1440 834 .
1454 779 1478 834 et

373 881 462 946 ‚olias
478 881 603 944 clausas
620 883 766 944 tenorem
791 877 970 944 earundem
991 877 1176 962 patencium
1200 877 1379 944 litterarum
1401 877 1478 942 couti·

367 996 492 1054 nentes
508 989 577 1072 ipse
593 987 618 1054 J
619 987 764 1054 ohannes
774 984 861 1052 filius
871 985 989 1054 Lazari
999 985 1041 1052 ad
1051 1007 1167 1052 manus
1183 985 1283 1068 ipsius
1299 985 1408 1051 domini
1423 1005 1476 1068 pro

378 1097 475 1180 positi
492 1146 499 1161 .
516 1147 523 1161 .
541 1096 719 1179 assignavit
733 1115 842 1160 coram
858 1095 962 1178 nobis,
993 1095 1073 1162 alias
1088 1115 1165 1160 roro
1191 1093 1320 1160 litteras
1342 1093 1480 1160 umrarsas

370 1227 474 1289 super
491 1205 609 1270 eisdem
627 1204 889 1288 possessionariis
904 1204 1074 1288 particulis
1091 1203 1318 1287 quoquomodo
1342 1209 1479 1268 emanatas

379 1321 412 1380 et
428 1313 591 1379 coniectas
606 1312 735 1378 frivolas
751 1312 893 1378 reddidit
910 1319 943 1378 et
959 1313 1079 1378 viribus
1097 1363 1103 1374 .
1120 1363 1127 1376 .
1144 1312 1306 1378 carituras
1330 1362 1358 1377 ..
1381 1311 1479 1393 obliga-

380 1420 470 1485 oione
486 1419 671 1485 huiusmodi
697 1419 870 1486 interserta
887 1420 974 1504 quod
990 1419 1016 1485 si
1031 1421 1099 1504 ipse
1115 1419 1140 1486 J
1142 1419 1285 1486 ohannes
1309 1419 1356 1485 vel
1378 1421 1420 1486 sui
1440 1419 1480 1482 he·

369 1525 475 1592 'redes
490 1527 595 1611 ipsum
612 1525 777 1592 dominum
793 1527 994 1612 prepositum
1012 1531 1045 1593 et
1060 1527 1177 1593 irai-res
1194 1549 1269 1593 suos
1285 1527 1480 1613 sepedictus..

380 1637 508 1703 racione
525 1636 686 1701 dictarum
702 1637 1028 1720 possessionariarum
1044 1637 1278 1721 particularum
1296 1637 1399 1721 quovis
1419 1641 1481 1702 ten-

380 1743 633 1829 porisourriculo
643 1745 677 1808 in
688 1765 817 1810 causam
828 1745 992 1810 attrahere
1003 1747 1160 1812 niteretur
1170 1747 1390 1832 quoquomodo
1399 1754 1480 1812 tunc..

380 1853 574 1936 punirentur
591 1874 628 1919 eo
645 1851 730 1918 sancto
747 1903 754 1918 .
772 1903 779 1917 .
795 1852 917 1918 Datum
934 1855 967 1918 in
984 1853 1176 1938 wysegrad,
1192 1854 1274 1920 feria
1299 1860 1384 1922 sexta
1397 1855 1481 1938 prori-

381 1981 433 2026 ura
449 1966 527 2026 ante
543 1959 660 2025 scotum
676 1957 885 2027 Ascensionis
902 1963 1032 2046 domini,
1058 1984 1143 2028 anno
1169 1962 1311 2030 eiusdem
1334 1961 1480 2028 Millesimo

382 2066 484 2136 000ο
498 2066 629 2135 XXX⁰
644 2069 792 2135 secundo.

488 2232 574 2283 Versu
585 2231 614 2282 ds
627 2233 708 2299 sanga
720 2235 828 2298 selyem
842 2233 971 2284 zsinoron
991 2234 1103 2300 suggott
1117 2231 1209 2298 penset
1220 2234 1391 2298 nyomairal3
1407 2231 1480 2281 erede·

382 2320 432 2384 tije
445 2334 486 2384 gr.
500 2321 678 2386 Pejacsevich
691 2322 788 2374 Julian
802 2324 986 2389 uir-tonantum
1000 2325 1115 2375 kdzdlre
1128 2323 1169 2374 dr.
1183 2323 1383 2374 Zimmermaun
1394 2320 1481 2372 Haurit

382 2403 519 2463 masolam
532 2407 607 2464 utin.

912 2830 985 2892 510.

388 3011 480 3072 1332.
504 3009 672 3095 Viseprcid,
698 3014 775 3096 maij.
792 3014 843 3075 23.
871 3011 1021 3076 Euodus
1047 3011 1201 3096 isiruilpoe'
1224 3035 1245 3074 o
1262 3004 1483 3095 bardo-feliniuici

383 3119 595 3182 mo‘szo'razdisi
603 3120 664 3204 jop
680 3120 891 3204 ppolrorio'sdt
918 3119 1004 3182 Iorrc
1031 3129 1141 3182 orestes·
1167 3121 1199 3182 e'a
1217 3118 1310 3182 Pe'ter
1325 3116 1417 3180 dodoi
1426 3111 1481 3198 poi-

596 3230 659 3310 petr
678 3235 808 3312 ozoeppe
823 3227 927 3291 luzan
947 3225 1096 3312 itc'letilep
1113 3228 1294 3310 moposztjo.

483 3383 559 3450 Nos
575 3383 757 3470 Elysaboth
783 3383 797 3472 (
812 3434 986 3453 ........
1002 3383 1017 3472 )
1043 3381 1291 3471 significamus(
1306 3429 1457 3449 ........
1471 3376 1481 3462 ‚l

381 3493 467 3577 quod
485 3515 555 3559 oum
571 3495 726 3578 magister
741 3493 904 3559 Emirious
921 3491 935 3578 (
952 3543 1103 3559 .......
1120 3493 1134 3580 )
1151 3493 1312 3578 quandam
1328 3498 1481 3558 aratrorum

367 3599 635 3669 'relictam-Petri
652 3602 789 3670 condam
814 3603 890 3668 civis
906 3601 1069 3670 Budensis
1090 3597 1196 3669 filiam
1216 3602 1362 3668 videlicet
1375 3595 1481 3666 Nicolni

385 3712 492 3776 claudi
526 3711 565 3778 de
590 3711 714 3778 Calidis
745 3710 759 3796 (
777 3761 902 3778 ......
908 3708 926 3777 ’.
945 3762 951 3777 .
968 3710 1059 3798 ‚lam
1095 3709 1227 3778 racione
1253 3711 1408 3778 cuiusdam
1428 3727 1481 3772 ma·

385 3821 460 3886 celli
476 3820 567 3886 iuxta
582 3843 712 3888 murum
730 3821 884 3886 cimeterii
902 3820 1034 3886 ecclesie
1045 3817 1164 3886 Sancte
1181 3820 1351 3886 Trinitatis
1367 3821 1401 3884 de
1415 3813 1480 3881 Caii·

381 3929 430 3994 dis
445 3927 577 4015 Aquis(
593 3979 743 3996 .......
759 3928 908 4016 )encia1n
918 3931 1070 3994 traxisset
1086 3929 1120 3994 iu
1137 3951 1277 4012 oausam,
1296 3927 1417 3996 tandem
1429 3931 1477 3988 ter-

363 4057 365 4062 ·
380 4038 466 4103 mino
483 4038 524 4102 ad
540 4038 601 4104 hoc
617 4039 780 4122 assignato
796 4039 943 4121 utrisque
959 4039 1106 4122 partibus
1122 4059 1230 4104 coram
1247 4037 1351 4104 Paulo
1367 4034 1380 4122 (
1394 4088 1400 4100 .
1413 4083 1419 4097 ·
1432 4083 1438 4096 ·
1451 4027 1480 4112 ·)

380 4151 489 4212 nostre
506 4146 660 4212 Johanne
678 4148 843 4233 preposito
870 4146 1002 4211 ecclesie
1027 4145 1279 4230 Vesprimiensis
1302 4147 1372 4211 aule
1394 4145 1480 4207 nostre

379 4255 643 4322 vicecancellario
660 4263 693 4322 et
708 4259 865 4338 magistro
891 4255 1019 4321 Thoona
1038 4255 1178 4320 eiusdem
1207 4255 1280 4322 aule
1306 4252 1320 4340 (
1335 4294 1481 4320 ........

380 4413 507 4430 ......
523 4361 650 4449 )icibus
667 4385 726 4447 per
742 4386 800 4430 nos
817 4363 982 4450 deputatis
1007 4363 1223 4446 personaliter
1239 4359 1480 4448 comparentibus,

380 4470 466 4537 idem
482 4472 637 4556 magister
652 4465 815 4538 Emi'rious
830 4471 1038 4556 privilegium
1054 4477 1191 4537 convent
1210 4467 1225 4556 (
1241 4520 1368 4538 ......
1382 4467 1395 4555 )
1416 4461 1482 4545 regis

384 4577 542 4664 Stephani
569 4580 608 4644 de
625 4577 790 4663 Strigonio
815 4581 848 4644 in
868 4580 974 4644 lucem
999 4579 1153 4662 produxit
1177 4579 1211 4644 in
1237 4601 1302 4664 quo
1328 4571 1481 4645 contincta·

362 4686 435 4750 ‘tur
451 4686 537 4772 quod
553 4687 658 4772 ipsum
673 4681 845 4752 macellum
861 4687 1027 4772 predictus
1048 4685 1061 4774 (
1078 4737 1203 4755 ......
1219 4685 1233 4774 )
1252 4709 1309 4754 cus
1324 4707 1380 4773 pro
1394 4684 1480 4748 decem
