3240 5460
563 435 657 500 1323.
677 454 777 498 usur.
796 434 824 498 6.
1215 436 1255 498 65

127 619 309 696 petentem3
325 636 383 679 nos
391 615 493 697 igitur
502 614 646 678 misimus
662 663 669 678 .
686 663 693 678 .
708 615 902 696 magistrum
917 612 1114 680 Michaelem
1129 614 1253 680 socium

129 727 276 787 noshum
294 721 351 804 qui
366 721 408 786 ad
425 743 483 786 nos
506 743 652 786 reversus
668 721 760 804 dixit,
777 721 864 805 quod
880 721 1026 804 prefatus
1041 721 1137 786 homo
1154 727 1260 786 vester

130 831 201 913 ipso
217 834 368 913 presente
388 828 470 894 seria
496 835 616 912 quarta
640 827 737 894 medii
754 825 1008 912 Quadragesime
1034 849 1130 913 super
1145 829 1260 894 faciem

130 936 215 1000 dicte
231 937 443 1020 possessionis
468 935 650 1002 accedendo
668 985 675 1000 .
695 985 702 1000 .
719 937 887 1000 statuisset
911 937 972 1018 ipsi
989 934 1155 1020 Stephano
1172 937 1259 1002 dicto

130 1040 242 1126 Oprod
266 1049 425 1126 perpetuo
450 1041 675 1126 possidendam
701 1047 734 1106 et
765 1042 874 1106 nullus
900 1041 1118 1107 contradictor
1137 1044 1260 1108 extitis-

130 1160 177 1215 set
193 1201 202 1216 .
218 1201 225 1216 .
241 1151 368 1216 Datum
394 1150 531 1216 sabbato
556 1152 703 1234 proximo
719 1157 796 1216 ante
812 1150 1006 1216 dominicam
1023 1151 1154 1236 Letrue,
1172 1172 1257 1217 auno

130 1259 251 1325 domini
266 1259 322 1324 Μ0
342 1257 474 1324 OCOmO
490 1259 613 1324 XX1110
630 1261 740 1326 tercio.

233 1423 531 1488 1.Karolykira1ynak
545 1427 620 1474 132³.
639 1423 783 1474 december
798 1425 860 1474 Satn
882 1425 940 1476 kelt
962 1423 1257 1491 aoomanylevolebor;

128 1515 145 1564 l.
159 1515 250 1564 aleon.

618 1641 715 1650 ...ι-κ
721 1643 774 1650 ...-

670 1824 719 1886 58.

130 1985 223 2048 1323.
246 1983 428 2064 Tamesim,
444 1993 538 2047 orori.
556 1983 895 2070 6.L1r‘ur0lyklraly
913 1983 1067 2050 Somoskb'
1082 1992 1178 2052 corut
1200 1985 1230 2051 Τ
1248 2023 1260 2036 -

352 2095 423 2156 moia
449 2091 573 2176 erde'lpi
587 2091 754 2176 oujddoolc
774 2093 1020 2176 uduorrlapozzo.

234 2231 307 2298 Nos
338 2231 485 2297 Karolus
502 2282 508 2296 .
525 2281 532 2298 .
549 2254 606 2296 rex
623 2283 629 2297 .
645 2283 651 2296 .
669 2232 888 2317 significamus
905 2285 911 2299 .
929 2285 936 2300 .
953 2236 1041 2319 qnod
1057 2285 1064 2300 .
1081 2285 1087 2301 .
1104 2237 1260 2321 multipli-

128 2340 209 2404 catis
234 2337 449 2404 fidelitatibus
468 2338 631 2422 magnifici
646 2341 708 2405 viri
725 2339 848 2406 Thome
865 2342 1017 2426 uoyvode
1035 2341 1259 2410 Transsilvani

128 2447 240 2513 dilecti
257 2453 290 2512 et
298 2445 402 2512 fidelis
419 2449 531 2531 nostri,
548 2447 665 2531 quibus
681 2449 775 2514 nobis
791 2451 825 2514 in
843 2450 1024 2516 exhibendo
1041 2449 1153 2517 fidelia
1169 2452 1260 2518 obsc-

128 2556 206 2641 quia
223 2557 395 2622 desudavit
405 2563 437 2622 et
453 2557 565 2622 multis
581 2558 771 2642 periculosis
788 2559 915 2624 casibus
931 2565 1030 2642 atque
1047 2561 1135 2625 necis
1151 2559 1260 2625 formi-

129 2665 235 2730 dande
260 2663 408 2748 pluribus
424 2667 457 2729 in
474 2665 552 2730 locis
569 2687 603 2730 se
620 2664 778 2749 submisit,
795 2667 827 2730 in
844 2668 1032 2732 memoriam
1048 2673 1194 2734 nostram
1210 2689 1261 2733 re-

128 2776 252 2840 vocatis
269 2773 413 2839 volentes
430 2772 534 2838 eidem
551 2772 675 2840 Thome
691 2775 842 2858 uoyvode
868 2773 956 2840 fideli
982 2782 1092 2841 nostro
1118 2781 1185 2842 tam
1202 2799 1261 2860 pro

128 2884 285 2966 gratuitis
310 2888 344 2947 et
365 2881 619 2966 acceptabilibus
635 2884 701 2948 suis
717 2883 927 2948 famulatibus
943 2884 1037 2949 nobis
1053 2885 1186 2968 provide
1203 2907 1261 2968 per

128 2991 269 3056 eundem
286 2990 436 3055 exhibitis
448 3012 547 3074 quam
558 2991 659 3054 eciam
675 2996 809 3074 propter
825 2989 886 3056 hoc
913 2992 999 3075 quod
1016 2992 1102 3057 idem
1119 2991 1261 3058 Thomas

127 3098 284 3181 u‘oyvoda
308 3105 375 3163 tam
401 3097 557 3164 sollemne
573 3098 727 3182 gaudium
743 3105 775 3164 et
790 3099 1002 3165 letabundum
1020 3122 1084 3184 quo
1101 3106 1261 3183 tempora-

127 3208 206 3272 liter
231 3207 335 3270 maius
359 3204 478 3270 habere
500 3228 559 3271 nos
575 3227 640 3271 non
656 3207 879 3273 estimavimus
895 3207 1045 3273 videlicet
1058 3211 1261 3274 mortuitatem

118 3319 194 3400 filii
210 3319 319 3382 ‘riustri
330 3320 546 3404 primopeuiti
565 3317 781 3399 personaliter
797 3317 1006 3382 annunciavit
1037 3323 1147 3383 nostre
1163 3318 1262 3382 maie·

128 3426 218 3508 stati,
243 3425 333 3507 regie
353 3423 582 3489 retribucionis
599 3446 767 3490 occurrere
793 3448 865 3492 cum
896 3425 1014 3508 favore,
1031 3424 1194 3508 quoddam
1211 3447 1261 3490 ca-
1297 3428 1299 3432 ’

127 3543 235 3598 strum
259 3538 407 3597 nostrum
423 3530 586 3598 Sumusku
605 3533 807 3598 nominatum
833 3533 996 3617 quondam
1022 3531 1207 3616 Leustachy
1229 3539 1262 3598 et

128 3641 153 3706 J
155 3641 228 3706 akvv
254 3639 394 3706 filiorum
421 3640 514 3706 Petri
531 3640 571 3706 de
590 3662 708 3724 genere
724 3641 866 3726 Kachyk
883 3641 1061 3707 infidelium
1077 3647 1261 3708 nostrorum

126 3756 160 3815 et
184 3771 245 3834 per
263 3748 392 3815 eoadem
407 3749 442 3813 in
462 3750 589 3832 signum
606 3771 663 3814 sue
679 3749 892 3831 infidelitatis,
910 3750 970 3815 sub
986 3750 1046 3814 illa
1063 3750 1211 3832 opinione
1228 3755 1262 3814 et

125 3857 304 3942 nephanda
328 3859 574 3942 presumpcione
599 3863 638 3922 ut
653 3859 809 3924 maiorem
826 3857 1054 3923 infidelitatem
1071 3864 1185 3922 contra
1202 3879 1260 3922 nos

127 3974 160 4031 et
177 3971 326 4031 sanctam
342 3985 494 4030 coronam
509 3972 644 4049 possent
660 3988 844 4050 procurare,
860 3964 996 4031 Matheo
1012 3961 1081 4030 filio
1097 3961 1192 4029 Petri
1208 3987 1261 4030 ca-

125 4076 223 4159 pitali
250 4079 362 4139 nostro
388 4073 513 4138 infideli
538 4074 706 4139 venditum
733 4081 765 4139 et
775 4069 949 4158 ¹traditum,
965 4071 1050 4138 unde
1066 4071 1158 4136 nobis
1174 4072 1260 4136 idem

124 4183 285 4249 Matheus
295 4183 329 4246 in
345 4181 460 4246 maiori
476 4187 570 4264 parte
588 4205 627 4246 ex
644 4183 831 4247 eorumdem
848 4181 1039 4246 induccione
1056 4185 1089 4244 et
1105 4201 1258 4262 procura-

126 4293 220 4358 cione
238 4289 414 4356 crudeliter
430 4312 528 4354 unam
544 4297 671 4374 partem
688 4293 780 4376 regni
796 4291 900 4357 nostri
917 4289 1086 4354 ablaoione
1102 4286 1262 4353 bonorum

126 4409 159 4465 et
170 4399 324 4465 villarum
335 4400 598 4464 concremacione
609 4399 695 4483 inpie
706 4400 840 4484 reliquit
852 4379 1062 4478 devastatam,
1075 4401 1107 4459 et
1116 4397 1259 4477 postmo-

124 4507 205 4573 dum
231 4513 269 4572 ut
293 4507 363 4589 ipse
389 4503 545 4572 Matheus
565 4529 666 4591 prope
700 4506 803 4573 Cassa
819 4507 962 4572 validum
980 4508 1094 4570 contra
1109 4523 1168 4566 nos
1186 4523 1260 4567 con-

124 4615 253 4682 flictum
273 4613 441 4680 habuisset
465 4615 524 4680 ubi
551 4615 701 4682 Christus
725 4617 894 4682 victoriam
911 4614 1003 4680 nobis
1021 4611 1112 4676 dedit
1128 4609 1261 4694 adopta-

188 4751 344 4788 rrrouuosr
361 4738 524 4786 ouulrvrls
541 4753 570 4790 u.
587 4743 648 4792 rdr.
1134 4722 1152 4783 5
