3130 5470
299 455 364 516 454
660 467 847 515 nsroouoar
866 457 1081 515 oumlurrlu.
1133 533 1138 544 ¹

299 633 448 716 tingeret,
466 639 580 698 mutua
596 631 904 728 vicissitudine'eam
919 631 969 696 vel
986 651 1040 696 eas
1051 632 1230 717 defendere,
1241 631 1339 698 autde
1349 632 1403 696 suis

299 741 505 824 porcionibus
536 741 676 825 propriis
698 740 931 824 equivalentem
959 737 1010 802 vel
1027 741 1246 824 equivalentes
1262 739 1319 805 sibi
1340 739 1404 804 dare

301 855 504 930 tenerentur3
536 848 576 914 do
606 848 860 934 possessionibus
877 855 986 912 autem
1003 845 1151 933 Oherney
1182 851 1302 916 vocatis
1317 849 1346 912 in
1362 869 1403 912 66-

300 958 417 1022 mitatu
434 957 473 1022 de
490 955 625 1041 Zemlyn
642 979 739 1040 quam
757 955 970 1022 communitor
995 958 1122 1040 pignori
1139 958 1327 1042 obligarent,
1341 957 1407 1021 item

302 1065 413 1130 Keetlr
430 1065 610 1150 Thomassy
627 1071 758 1130 vocatas
774 1067 807 1128 in
825 1065 984 1130 comitatu
1011 1065 1050 1129 de
1067 1064 1189 1150 Scepns
1205 1067 1367 1132 existentes
1382 1071 1407 1128 et

303 1173 385 1238 alias
411 1173 443 1236 in
480 1177 549 1238 toto
575 1193 676 1255 regno
701 1171 873 1256 Hungarie
899 1170 1083 1256 ubicunque
1110 1174 1282 1238 existentes
1305 1173 1408 1256 pariter

301 1280 479 1345 reinvenire
497 1287 529 1345 et
545 1281 727 1345 reinventas
742 1282 829 1345 inter
845 1302 878 1345 se
896 1281 1055 1363 equaliter
1072 1281 1212 1347 dividere
1228 1286 1408 1362 tenerentur,

302 1409 400 1471 super
416 1393 592 1471 patronatu
610 1393 719 1454 autem
736 1389 867 1454 ecclesie
884 1395 995 1454 sancte
1013 1391 1117 1455 crucis
1146 1390 1185 1455 de
1201 1390 1296 1456 Lelez
1313 1389 1408 1453 taliter

302 1498 389 1562 inter
405 1519 438 1562 se
454 1497 658 1562 uniformiter
683 1498 867 1562 retulerunt
884 1498 1106 1581 concordasse,
1133 1500 1219 1581 quod
1243 1499 1344 1563 dictus
1358 1520 1404 1582 pa-

303 1612 453 1672 tronatus
471 1606 613 1671 ciusdem
630 1605 764 1671 ecclesie
782 1611 893 1672 sancte
911 1609 1015 1673 crucis
1041 1608 1081 1671 de
1105 1607 1203 1672 Lelez
1228 1609 1261 1672 in
1277 1605 1408 1672 omnibus

301 1714 386 1779 villis
403 1713 468 1778 suis
493 1719 604 1798 preter
618 1713 731 1778 villam
743 1711 894 1796 Eghazas
920 1713 1040 1798 Kapus
1055 1715 1089 1778 in
1105 1737 1170 1798 qua
1186 1721 1289 1780 totum
1303 1715 1349 1778 ius
1363 1735 1407 1795 pa·

302 1827 453 1886 tronatus
469 1827 580 1906 preter
594 1821 627 1886 id
644 1821 732 1906 quod
747 1823 780 1886 in
797 1822 869 1887 aliis
885 1822 970 1887 villis
996 1823 1129 1888 ecclesie
1145 1823 1348 1889 communiter
1361 1820 1408 1884 ba-

302 1929 417 1994 berent
433 1951 506 1994 cum
523 1929 641 1994 eisdem
657 1929 777 1995 Donch
793 1935 826 1994 et
850 1929 1006 1995 Ladislao
1022 1929 1098 1996 filiis
1123 1929 1248 1997 'l'lrome
1271 1927 1408 1994 fratribus

301 2039 446 2121 ipsorum
463 2037 641 2102 senioribus
667 2041 700 2101 et
717 2037 782 2102 suis
798 2037 974 2103 heredibus
992 2040 1205 2105 communiter
1220 2037 1406 2120 reliquissent

304 2152 335 2211 et
348 2145 558 2211 coramuobis
569 2145 771 2229 reliquerunt
780 2145 850 2210 iure
866 2153 1023 2230 perpetuo
1040 2146 1251 2212 obtinendum
1266 2145 1408 2211 66161616-

303 2277 377 2320 men
392 2254 517 2319 iuribus
532 2253 618 2318 dicte
636 2255 769 2319 ecclesie
786 2261 897 2320 sancte
931 2255 1034 2320 crucis
1051 2254 1091 2319 de
1106 2253 1205 2320 Lelez
1223 2259 1255 2319 et
1268 2247 1405 2338 prepositi

303 2361 446 2426 eiusdem
462 2412 469 2426 .
485 2411 492 2426 .
509 2362 711 2445 presentibus
728 2369 837 2427 tamen
847 2362 949 2427 Petro
959 2363 1133 2446 preposito,
1144 2361 1281 2428 Nicolao
1293 2362 1406 2434 lectore,

304 2469 449 2535 Martino
481 2473 622 2551 cantore,
653 2466 807 2535 Johsnne
840 2469 973 2535 custode
1006 2470 1152 2552 dominis,
1183 2469 1346 2535 Dominico
1373 2462 1405 2526 de

303 2577 440 2660 Wyuar,
471 2575 654 2641 Laurencio
672 2577 712 2642 de
728 2576 864 2661 Kemey,
890 2577 991 2644 Petro
1024 2577 1064 2642 de
1095 2577 1241 2660 Zemlyn,
1265 2573 1408 2642 Davidde

303 2684 467 2766 Zoboacb,
484 2682 650 2767 Stephano
667 2683 707 2749 de
724 2683 842 2768 Heres,
858 2680 1407 2769 «1611666666Β66666,6611666666

302 2793 402 2876 Ungh
412 2791 647 2858 archidiaconis
658 2798 691 2858 et
700 2793 774 2858 aliis
785 2793 905 2876 multis,
917 2815 1002 2858 anno
1014 2793 1136 2859 domini
1146 2793 1202 2858 Μ1
1220 2791 1316 2860 000ο
1330 2788 1407 2855 XX⁰

303 2921 396 2980 nono,
428 2905 586 2982 regnante
617 2899 745 2965 Karolo
760 2901 880 2966 illustri
903 2921 978 2982 rege
996 2899 1176 2984 Hungarie,
1208 2899 1339 2966 Nicolao
1367 2917 1408 2961 sr-

273 3061 276 3068 .
303 3008 468 3092 chyeleoto
500 3007 738 3091 metropolitice
768 3007 852 3074 sedis
877 3005 1118 3092 strigoniensis,
1143 3007 1296 3074 Ladislao
1320 3003 1407 3070 archi·

303 3115 453 3198 episcopo
471 3111 640 3180 Colocensi
657 3123 690 3180 et
706 3115 836 3182 domino
853 3122 964 3182 nostro
977 3115 1153 3182 venerabili
1179 3122 1274 3200 petre
1298 3114 1408 3179 Obana-

303 3221 379 3286 dino
397 3221 446 3286 dei
465 3223 574 3304 gracia
592 3223 740 3307 episcopo
757 3222 911 3307 Agriensi
929 3225 1094 3290 existente.

409 3386 505 3450 seggo
519 3386 662 3450 pecsettel,
675 3387 732 3437 6161
745 3387 1022 3451 cyrographummal:
1046 3387 1178 3452 eredethe
1200 3404 1217 3438 a
1241 3391 1409 3439 1111616661-

303 3475 358 3523 ban
371 3489 388 3522 a
401 3475 481 3538 Nagy
493 3475 654 3526 Istvtn-stle
667 3475 911 3540 gytjtemeuyben.
924 3475 1006 3540 Fejer
1019 3477 1042 3526 is
1057 3478 1131 3528 kczli
1154 3479 1171 3527 i.
1187 3493 1222 3528 m.
1239 3479 1310 3528 VIII.
1334 3480 1355 3526 2.
1368 3477 1405 3522 161

304 3567 400 3613 -265,
414 3565 442 3615 ll.
456 3563 586 3630 tllttolag
600 3581 631 3614 az
645 3567 703 3629 egri
716 3567 848 3630 ktptslan
865 3567 1055 3616 reverteraban
1078 3571 1170 3617 orzott
1191 3569 1294 3620 erodet-i
1307 3565 1409 3634 pausus

303 3653 378 3702 utan.
391 3653 472 3716 Fejtr
486 3654 648 3704 libzleseben
669 3655 719 3706 soli
732 3655 810 3706 leven
824 3671 841 3706 a
853 3655 929 3720 hibe,
942 3656 976 3706 de
1000 3657 1086 3708 altals
1098 3673 1130 3708 sa
1144 3657 1252 3708 evezam
1273 3659 1296 3708 is
1314 3656 1408 3707 ttvesen

303 3747 413 3793 lato-ra
426 3743 559 3807 tetetvtu,
572 3759 604 3794 az
617 3745 724 3798 olrlevtl
737 3745 820 3810 ojabb
846 3745 974 3797 kczltstt
985 3748 1188 3813 szt'rksegesnelr
1215 3747 1354 3806 taitottulr,
1372 3757 1409 3792 an·

302 3833 349 3883 nal
369 3832 494 3896 inktbb,
517 3838 588 3884 mer-t
613 3849 646 3884 az
672 3835 782 3886 osztczb
801 3837 984 3887 rokonokban
1010 3853 1041 3888 ae
1063 3838 1156 3888 alanni
1180 3837 1301 3888 66616616,
1324 3833 1410 3886 essunt

301 3921 366 3969 eobo
380 3921 544 3972 liazankban
559 3925 691 3988 szerepelt
704 3931 847 3976 nevezetes
861 3925 991 3976 cealadolr
1005 3928 1091 3978 oseire
1104 3927 1255 3976 ismert'rnlr.
1280 3927 1304 3976 Δ
1323 3921 1408 3976 csaltd·

299 4010 354 4058 usk
370 4011 896 4080 13556666166661616166616161116116
909 4029 926 4064 a
945 4015 1033 4066 sztvea
1053 4016 1146 4066 olraso
1168 4015 1271 4066 Mikros
1285 4010 1409 4066 nodomsk

300 4113 317 4147 a
334 4097 420 4165 nichy
435 4099 526 4150 Cortex
540 4101 609 4151 II·ik
626 4103 718 4153 klitete
731 4109 790 4154 633.
805 4104 1253 4170 166116161611166166166616666.
