3152 5472
316 473 383 536 604
670 483 858 535 aurounonr
873 474 1090 534 ouulssrls.

316 651 404 716 sibus
422 656 531 733 partes
548 648 641 716 nobis
658 649 691 712 in
706 648 809 715 literis
826 649 902 715 dicti
928 655 1103 716 conuentus
1131 657 1242 716 octavo
1268 650 1319 716 die
1346 672 1442 716 ream·

314 757 494 824 bulacionis
511 756 653 823 eiusdem
669 757 890 841 reportabunt.
907 757 1033 825 Datum
1045 758 1152 841 Bude,
1173 765 1287 824 octauo
1304 759 1355 824 die
1380 769 1439 824 ter·

316 868 395 932 mini
410 868 584 951 prenotati,
609 887 695 931 anno
721 865 840 931 domini
857 865 910 931 M⁰
927 864 1029 933 000⁰
1044 865 1175 932 XXX⁰
1200 868 1351 933 secundo.
1376 867 1441 933 Nos

316 976 417 1058 igitur
433 1025 440 1041 .
457 1025 463 1042 .
480 996 620 1042 unacum
635 975 790 1059 predictis
800 975 957 1041 Ladislao
967 975 1034 1041 filio
1045 975 1173 1042 Marcel
1182 976 1221 1042 de
1233 975 1442 1042 Scelemencb

317 1081 470 1150 Jobanne
486 1082 553 1150 filio
570 1081 688 1148 Jacobi
703 1082 743 1149 de
759 1081 874 1168 Panlry
899 1081 1063 1148 Michaele
1089 1083 1129 1149 de
1152 1083 1293 1170 Nemety
1319 1085 1388 1150 viee
1413 1091 1443 1152 et

316 1191 444 1256 nomine
461 1189 587 1257 Mathai
604 1189 644 1256 de
660 1189 767 1255 Panlri
777 1191 891 1257 restris
902 1191 1089 1258 bominibus
1101 1215 1160 1278 pro
1170 1198 1265 1278 parte
1275 1192 1443 1260 Michaelis

316 1297 374 1364 filii
391 1298 482 1364 Iwan
497 1299 537 1366 de
553 1297 685 1384 Ompud
700 1305 847 1365 nostrum
857 1299 1000 1365 misimus
1010 1299 1173 1366 hominem
1188 1322 1247 1386 pro
1259 1301 1440 1368 testimonio

317 1405 517 1490 fidedignum
532 1405 574 1474 ad
593 1408 750 1492 premissa
776 1408 971 1492 exequenda,
996 1409 1054 1492 qui
1077 1407 1282 1494 postmodum
1312 1409 1357 1474 ad
1387 1431 1442 1474 nos

317 1515 436 1582 reversi
452 1515 545 1581 nobis
562 1513 764 1582 concorditer
789 1515 979 1598 retulerunt,
1004 1516 1092 1600 quod
1115 1517 1179 1602 ipsi
1203 1515 1284 1582 seria
1308 1515 1443 1582 secunda

317 1624 464 1708 proxima
479 1630 555 1708 post
570 1629 701 1690 octavas
720 1621 793 1690 sesti
817 1621 1076 1690 Pentheeosthes
1100 1624 1247 1709 proxime
1271 1625 1443 1709 preteritas

318 1754 459 1798 unacum
475 1730 594 1799 Corma
608 1729 676 1799 filio
692 1731 847 1817 Franeyk
861 1729 1002 1799 Nicolao
1018 1753 1136 1817 magno
1152 1732 1192 1798 de
1208 1729 1444 1798 Zumuturriee

320 1845 353 1906 et
367 1840 497 1906 nomine
513 1839 733 1925 predictorum
748 1838 890 1906 filiorum
905 1839 1035 1907 Nicolai
1052 1839 1110 1906 filii
1126 1839 1220 1907 Bora
1244 1840 1444 1908 dominorum

319 1971 451 2015 suorum
475 1969 548 2014 eum
571 1947 725 2032 legitimis
749 1947 852 2014 literis
878 1949 1110 2032 procuratoriis
1138 1955 1314 2016 conventus
1346 1951 1443 2014 nostri

319 2059 384 2123 sive
399 2056 582 2124 bominibus
598 2063 704 2122 vestre
720 2055 951 2140 magnitudinis
968 2078 1048 2141 quos
1064 2056 1225 2124 adducere
1251 2058 1443 2124 tenebantur

319 2165 527 2233 accessissent
536 2185 632 2249 super
642 2164 757 2232 faeiem
767 2165 978 2249 possessionis
993 2163 1243 2248 Thaybaleuldu
1253 2173 1444 2250 nuncupate,

319 2274 405 2340 idem
421 2272 604 2340 antedictus
630 2271 766 2340 Oonmas
792 2293 866 2340 eum
889 2275 1046 2358 magistro
1071 2271 1210 2340 Nicolao
1236 2279 1444 2358 procuratore

319 2382 462 2449 filiorum
477 2379 608 2449 Nicolai
624 2380 842 2448 exbibuerunt
865 2382 958 2448 nobis
984 2380 1097 2447 lit-eras
1122 2381 1341 2466 privilegiatos
1366 2402 1445 2446 ema-

321 2495 415 2558 natas
430 2514 450 2558 a
466 2487 632 2577 Stephano
649 2489 786 2557 condam
803 2540 810 2556 .
826 2539 833 2556 .
850 2510 926 2574 rege
943 2539 949 2555 .
966 2539 973 2555 .
994 2493 1094 2574 prout
1119 2489 1280 2556 debebant
1305 2495 1340 2555 et
1365 2495 1446 2556 tene-

319 2599 441 2666 bantur
456 2599 547 2665 iuxta
563 2599 799 2666 continenciam
816 2603 995 2664 vestrarum
1021 2598 1205 2664 litterarum
1230 2603 1446 2683 pretectarnm

321 2729 418 2792 super
434 2706 645 2774 distinctione
663 2707 845 2774 ostensione
861 2728 899 2772 ac
917 2707 1082 2774 ereecione
1107 2728 1265 2775 novarum
1289 2713 1447 2774 metarum

321 2815 530 2882 existencium
569 2817 655 2882 inter
685 2815 902 2900 possessiones
934 2815 1117 2882 Zeredabel
1153 2819 1186 2882 et
1205 2813 1448 2900 Tbaybafeulde

321 2928 460 3006 vocatas,
479 2923 536 2990 illo
557 2923 727 3008 privilegio
752 2923 875 3008 perlegi
899 2922 1047 2990 faciendo
1073 2923 1230 2990 ueniendo
1264 2924 1306 2990 ad
1342 2923 1449 2989 distin-

321 3031 445 3099 cciones
478 3035 639 3098 metarum
663 3032 698 3098 in
730 3033 800 3116 ipso
825 3032 1035 3098 existeneium
1068 3033 1173 3117 primo
1206 3030 1446 3098 demonstrabat

320 3161 418 3205 unam
434 3143 600 3208 metama
628 3144 724 3225 parte
756 3141 996 3225 septemtrionis
1027 3147 1166 3207 terream
1196 3143 1289 3208 iuxta
1319 3138 1448 3206 flurium

320 3246 442 3314 dictum
458 3247 597 3333 Budrug
612 3249 672 3315 sub
688 3248 857 3315 arboribus
872 3247 1028 3335 populeis,
1045 3249 1122 3315 item
1143 3249 1229 3315 idem
1246 3249 1449 3336 privilegium

320 3354 363 3421 ad
378 3359 504 3440 partem
519 3355 765 3422 meridionalem
782 3355 904 3422 directe
921 3355 1166 3423 demonstrabat
1182 3357 1268 3442 quod
1284 3357 1378 3422 iuxta
1395 3353 1448 3420 tlu-

320 3465 407 3530 rium
439 3461 561 3530 dictum
592 3462 774 3530 Simonuize
805 3463 865 3530 sub
897 3465 1037 3548 quadam
1068 3465 1186 3531 arbore
1216 3464 1358 3550 populea
1387 3469 1449 3528 tres

322 3577 423 3636 metas
440 3575 571 3653 terreas,
590 3571 664 3637 inde
691 3573 731 3637 ad
748 3571 881 3638 eandem
906 3580 1030 3656 partem
1056 3571 1299 3639 meridionalem
1324 3572 1450 3637 demon·

323 3679 450 3745 atrebat
466 3678 507 3744 ad
524 3679 684 3764 quendam
699 3687 841 3747 montem
867 3681 947 3747 duas
972 3687 1074 3747 met-as
1099 3680 1244 3766 lapideas
1270 3682 1304 3746 in
1321 3701 1450 3746 ascensu

322 3786 464 3853 eiusdem
479 3789 609 3872 montis,
625 3787 741 3854 deinde
752 3789 794 3854 ad
810 3789 945 3855 eandem
961 3797 1087 3874 partem
1103 3787 1225 3855 directe
1234 3811 1294 3874 per
1304 3790 1449 3854 verticem

322 3897 441 3962 montis
457 3895 694 3982 progrediendo
712 3899 793 3963 etin
813 3899 938 3965 modico
968 3899 1189 3964 descendendo
1215 3899 1451 3964 demonstrabat

323 4011 464 4089 quatuor
474 4011 576 4070 metas
592 4009 723 4089 terreas,
741 4006 856 4090 quibus
866 4028 924 4072 nos
935 4007 1082 4072 omnibus
1093 4007 1134 4073 ab
1144 4007 1240 4073 inicio
1256 4029 1321 4072 non
1346 4029 1450 4073 secun-

324 4113 400 4180 dum
416 4118 560 4179 tenorem
586 4113 665 4179 dieti
692 4115 853 4198 privilegii
868 4115 1103 4198 perambulatis
1119 4115 1177 4180 sed
1192 4116 1286 4180 iuxta
1301 4114 1450 4181 ducatum

324 4219 440 4287 Cozme
471 4220 530 4285 filii
560 4219 711 4306 Francylr
741 4241 779 4286 ac
803 4221 950 4303 nmgistri
975 4221 1106 4287 Nicolai
1137 4223 1360 4306 procuratoris
1387 4243 1452 4304 pre-

324 4329 465 4395 fatorum
489 4327 629 4394 filiorum
648 4326 788 4412 Nicolai,
808 4328 864 4394 ubi
889 4329 951 4414 ipsi
976 4331 1069 4396 nobis
1085 4330 1159 4395 loca
1184 4337 1216 4395 et
1232 4330 1454 4396 distinceiones

324 4445 482 4504 metarum
497 4435 762 4503 demonstrabant
778 4443 810 4502 et
826 4438 1040 4504 ostendebant
1064 4439 1108 4504 ibi
1134 4438 1228 4504 nulla
1253 4445 1340 4504 meta
1360 4459 1453 4523 appa-

324 4545 418 4613 rebat
433 4565 493 4612 nec
517 4544 683 4630 existebat,
710 4544 797 4610 unde
823 4545 862 4612 de
888 4547 1052 4632 premissis
1067 4547 1203 4632 singulis
1218 4547 1319 4614 talem
1336 4547 1383 4613 rei
1399 4546 1452 4612 soi·
