3240 5460
337 411 381 478 48
690 431 877 482 1111111111
894 421 1109 482 1111111111.

339 597 373 658 11
396 590 541 661 Michael
557 591 681 662 nobiles
696 595 737 662 de
751 593 942 680 Elephanth
958 597 1133 682 empcionis
1149 597 1247 664 titulo
1263 615 1471 682 comparare-

339 707 426 790 runt,
442 705 520 770 item
530 703 616 770 inter
631 709 753 770 terram
769 702 856 771 Suur
872 704 1125 771 ecclesiasticam
1141 712 1175 771 et
1190 711 1312 772 terram
1326 703 1469 770 Kecheu

339 817 459 878 terram
470 811 513 877 ad
528 834 623 878 usum
632 813 728 878 unius
738 814 871 878 aratria
886 811 993 878 Paulo
1009 812 1077 879 filio
1093 811 1197 898 Mogh
1212 813 1351 898 predicti
1367 811 1468 877 titulo

339 921 490 986 emcionis
509 920 570 986 sibi
587 941 790 1006 comparasse
814 919 1036 1006 dinoscuntur,
1055 923 1134 988 item
1150 923 1237 987 circa
1253 920 1389 986 eandem
1405 924 1470 984 ter-

337 1026 551 1093 ramKeoheu
561 1027 986 1113 quandamterramaBuda
995 1035 1109 1095 vocato
1119 1029 1240 1114 prefati
1248 1028 1373 1095 nobiles
1383 1027 1471 1092 simi·

340 1135 415 1199 liter
431 1135 528 1200 titulo
546 1137 720 1218 empcionis
745 1137 965 1220 possederunt,
981 1137 1060 1201 item
1085 1138 1171 1202 circa
1196 1137 1332 1203 eandem
1348 1142 1473 1202 terram

339 1241 434 1308 Boda
450 1250 483 1309 et
498 1245 584 1309 iuter
602 1250 724 1308 terram
743 1244 870 1310 comitis
889 1241 965 1310 Abe
984 1244 1149 1329 quandam
1169 1252 1291 1310 terram
1308 1243 1413 1328 Mogh
1439 1247 1473 1308 et

339 1349 449 1416 Deseu
464 1373 485 1416 a
495 1352 679 1418 Laureucio
688 1357 721 1417 et
732 1348 846 1416 Ohaek
856 1351 930 1418 ffliis
940 1351 1034 1420 Sauli
1044 1374 1064 1418 a
1074 1353 1238 1418 nobilibus
1249 1353 1289 1418 de
1299 1351 1410 1417 Zouor
1426 1351 1468 1414 ti-

339 1459 410 1524 tulo
427 1461 601 1543 empcionis
626 1459 687 1525 sibi
706 1467 984 1544 comparaverunt,
1017 1482 1080 1545 que
1095 1461 1241 1546 predicte
1257 1460 1473 1545 possessiones

340 1567 485 1632 existunt
502 1569 588 1634 inter
603 1565 736 1633 flurium
746 1567 835 1651 Wag
846 1574 878 1633 et
888 1567 1057 1652 Dudwag;
1072 1570 1152 1636 item
1162 1569 1301 1655 quedam
1311 1567 1473 1653 possessio

338 1673 449 1740 Parus
464 1682 579 1741 vocata
595 1677 680 1742 circa
696 1675 861 1741 civitatem
877 1675 1122 1742 Timauiensem
1137 1679 1172 1742 in
1188 1698 1254 1762 qua
1270 1683 1319 1741 est
1335 1675 1474 1741 ecclesia

338 1781 434 1847 beate
450 1784 583 1867 virginis
598 1783 745 1868 fundata,
757 1805 856 1868 quam
871 1783 1011 1868 predicti
1026 1781 1187 1869 Andreas,
1195 1785 1337 1851 Thomas
1353 1789 1387 1848 et
1402 1782 1469 1848 Mi·

339 1889 432 1956 chael
457 1894 589 1958 comites
615 1912 635 1956 a
659 1890 833 1958 Herbordo
868 1899 961 1976 patre
995 1891 1020 1958 J
1022 1895 1138 1960 enslini
1163 1893 1327 1978 quondam
1351 1891 1471 1958 iudicis

223 2081 224 2084 Ἴ
339 1999 481 2065 civitatis
505 2001 679 2084 empcionis
705 2001 802 2065 titulo
827 2001 1048 2086 possederunt,
1071 1995 1151 2066 item
1167 2001 1332 2086 quandam
1347 2005 1473 2064 terram

339 2107 488 2173 similiter
511 2107 623 2174 Parua
654 2114 802 2174 vocatam
834 2109 920 2174 circa
952 2109 1087 2175 eandem
1121 2116 1243 2174 terram
1274 2107 1470 2175 ecclesiasti·

339 2235 410 2278 cam
435 2233 455 2278 a
478 2214 580 2280 Petro
606 2221 639 2280 et
662 2215 772 2302 Helya
798 2215 873 2282 filiis
905 2216 1065 2301 Stephani
1098 2217 1137 2284 de
1168 2217 1282 2283 eadem
1311 2216 1471 2299 magister

339 2320 454 2388 Desew
479 2324 576 2389 titulo
593 2326 767 2408 empcionis
778 2325 840 2390 sibi
856 2327 1056 2410 comparavit
1071 2332 1205 2410 excepto
1221 2324 1326 2408 Mogh
1342 2324 1471 2404 comite,

337 2431 416 2496 item
425 2429 600 2499 Sumkereo
609 2454 710 2518 prope
725 2431 859 2498 fluvium
875 2431 986 2498 Parna
1001 2433 1208 2516 hereditaria,
1224 2433 1304 2498 item
1320 2429 1472 2496 Fenchol

339 2539 425 2605 circa
449 2538 583 2607 fluvium
598 2541 722 2608 Peleua
737 2541 936 2607 hereditaria
952 2544 986 2608 in
1002 2564 1068 2626 qua
1084 2549 1134 2607 est
1150 2541 1286 2608 ecclesia
1301 2539 1390 2604 beati
1405 2537 1471 2603 Pe·

338 2649 382 2713 tri
398 2650 537 2734 apostoli
554 2651 741 2736 constituta,
757 2652 836 2718 item
859 2651 936 2716 villa
953 2647 1066 2716 Ohifer
1084 2651 1170 2716 circa
1186 2648 1323 2714 eundem
1337 2645 1474 2712 flurium

337 2753 677 2842 Peleuahereditau'a,
692 2760 771 2824 item
787 2765 877 2824 terra
893 2759 1033 2843 quedam
1049 2757 1158 2823 Basur
1172 2762 1289 2822 vocata
1305 2755 1347 2819 ab
1363 2753 1474 2819 inferi-

339 2865 387 2928 ori
402 2871 497 2948 parte
514 2871 599 2931 terre
616 2865 728 2934 Ohifer
744 2867 886 2951 aquisita
902 2871 936 2930 et
951 2865 1054 2931 Daita
1070 2887 1091 2930 a
1106 2865 1265 2950 superiori
1280 2867 1375 2947 parte
1391 2858 1472 2925 Chi-

339 2970 389 3036 ser
413 2972 619 3057 hereditaria,
644 2974 723 3038 item
748 2979 836 3039 terra
861 2972 1035 3038 Feldfolua
1064 2971 1153 3038 dicta
1168 2969 1375 3052 hereditaria,
1391 2969 1474 3033 item

339 3079 592 3146 terraPerealen
604 3103 642 3147 ex
657 3087 798 3166 utraque
807 3089 902 3168 parte
917 3081 1007 3146 fluvii
1023 3083 1162 3146 existens
1178 3079 1330 3145 videlicet
1345 3077 1475 3143 Peleua

339 3190 517 3272 memorati,
528 3211 625 3274 quam
635 3190 765 3274 quidem
776 3196 897 3255 terram
906 3189 1062 3255 Perezleu
1073 3195 1105 3254 et
1116 3195 1237 3254 terram
1247 3187 1356 3252 Basur
1372 3207 1476 3271 quon-

340 3297 416 3362 dam
431 3319 488 3362 rex
504 3297 588 3364 Bela
603 3301 655 3383 pie
671 3298 908 3364 recordacionis
925 3297 1043 3363 eisdem
1059 3295 1202 3380 Andree,
1219 3295 1344 3361 Thome
1360 3301 1393 3359 et
1409 3293 1476 3358 Mi-

341 3403 445 3471 chaeli
461 3406 633 3472 comitibus
649 3407 689 3472 de
704 3405 894 3490 Elephanth
905 3406 1041 3471 dederat
1056 3406 1091 3470 in
1107 3403 1332 3470 concambium
1346 3423 1474 3486 posses·

339 3513 437 3579 sionis
462 3514 605 3598 ipsorum
635 3515 832 3580 hereditarie
864 3511 1031 3598 Ghomboy
1062 3517 1257 3596 nuncupate,
1289 3530 1352 3593 que
1385 3515 1475 3574 terre

338 3618 495 3687 Perezleu
520 3629 553 3688 et
577 3623 686 3690 Basur
713 3623 789 3688 olim
815 3628 909 3688 erant
935 3622 1034 3686 castri
1050 3619 1273 3700 Posoniensis3
1289 3619 1368 3682 item
1384 3623 1478 3681 terra

338 3727 487 3796 Fouchol
511 3731 710 3796 hereditaria
736 3732 882 3814 superior
897 3729 1020 3796 habens
1036 3729 1206 3795 ecclesiam
1221 3728 1255 3792 in
1271 3726 1393 3792 honore
1409 3725 1477 3809 spi·

337 3836 420 3902 ritus
430 3839 534 3903 sancti
544 3839 635 3904 iuxta
645 3837 777 3904 flurium
786 3837 942 3921 Piliotha‚
951 3837 1030 3902 item
1046 3835 1215 3904 Sdiofolua
1231 3836 1318 3900 circa
1336 3831 1478 3898 eundem

337 3943 471 4012 flurium
486 3947 692 4030 hereditaria,
717 3947 795 4012 item
821 3953 910 4012 terra
926 3943 1042 4010 Aletul
1058 3965 1078 4008 a
1103 3943 1235 4028 regibus
1251 3942 1335 4008 Belo
1351 3939 1477 4008 11811-

338 4053 446 4138 phano
471 4057 614 4141 aquisita
638 4056 744 4122 vicina
769 4063 855 4120 terre
881 4053 985 4119 Daita
1010 4055 1097 4118 circa
1112 4051 1247 4117 flurium
1273 4049 1399 4116 Peleua
1415 4049 1475 4114 sd-

338 4163 464 4244 iacens3
481 4162 524 4228 ad
533 4165 685 4231 ultimum
694 4169 835 4253 rostram
846 4163 880 4228 in
891 4162 953 4228 hoc
963 4163 1113 4227 nolumus
1129 4161 1233 4226 latere
1244 4158 1478 4225 excellenciam

339 4271 428 4354 quod
451 4272 588 4356 predicti
614 4272 739 4338 nobiles
764 4293 873 4338 omnes
888 4271 1018 4337 litteras
1033 4271 1177 4354 ipsorum
1194 4269 1346 4334 casuales
1357 4266 1475 4332 ordine

337 4379 510 4446 iudiciario
543 4387 710 4447 emanatas
743 4381 870 4446 clausas
901 4379 1052 4445 videlieet
1083 4383 1116 4442 et
1149 4383 1309 4462 patentes,
1342 4375 1476 4442 litteras

337 4487 556 4572 privilegiales
576 4495 609 4553 et
634 4489 742 4554 omnia
775 4489 992 4554 instrumenta
1020 4485 1138 4572 quibus
1163 4483 1384 4551 mediantibus
1399 4503 1476 4568 pre-

339 4595 442 4661 dictas
458 4597 672 4680 possessiones
688 4603 863 4664 tenuerunt
888 4603 921 4663 et
936 4595 1149 4681 possederunt
1167 4595 1202 4659 in
1218 4613 1346 4660 camera
1371 4591 1474 4658 eccle-
