3132 5470
596 465 690 527 1327.
709 466 779 528 aliu.
796 465 825 527 4.
1199 468 1261 528 293

130 643 170 708 ad
186 647 317 728 partem
334 642 566 708 occidentalem
597 647 630 707 et
660 641 694 707 in
724 638 788 706 fine
819 643 914 708 unius
944 643 1035 726 parvi
1059 643 1192 726 virgulti
1210 651 1260 710 est

131 755 219 815 meta
237 755 345 816 terrea
370 751 478 835 ibique
495 749 604 816 deficit
619 750 768 815 vicinitas
794 773 814 816 a
837 758 931 835 parte
956 751 1160 818 meridionali
1177 761 1262 820 terre

130 859 219 924 Petri
241 857 301 924 filii
317 859 422 944 Byter
437 858 615 942 supradicti
632 863 665 924 et
679 860 744 924 iarn
755 859 916 925 vicinatur
927 883 1000 926 cum
1016 867 1104 927 terra
1121 861 1262 928 filiorum

128 966 278 1051 Dycnisii
296 966 336 1031 de
370 965 548 1033 Luehunch
564 961 593 1054 {a
623 973 719 1052 parte
744 967 950 1034 meridionali
965 969 1052 1035 inter
1067 969 1259 1053 virgultum,

131 1073 253 1139 abhinc
283 1076 431 1158 pervenit
460 1074 503 1139 ad
533 1095 684 1158 magnam
713 1075 799 1139 viam
830 1075 1017 1143 transiendo
1043 1079 1148 1162 ipsam
1176 1079 1260 1143 viam

129 1181 278 1248 ascendit
304 1183 346 1248 ad
370 1184 523 1249 verticem
546 1184 640 1250 iuxta
665 1203 767 1248 unum
792 1183 967 1267 virgultum
1002 1185 1044 1251 ad
1086 1186 1166 1252 duas
1197 1210 1260 1253 me·

130 1296 180 1356 tas
211 1298 337 1356 terreas
366 1293 518 1375 antiquas
542 1292 635 1356 iuxta
659 1312 740 1376 quas
765 1297 841 1356 sunt
875 1291 938 1357 due
968 1299 1053 1360 mete
1084 1299 1190 1362 terree
1221 1297 1261 1362 de

128 1425 213 1470 novo
231 1409 346 1487 erecte,
372 1402 488 1469 deinde
503 1402 594 1467 vadit
609 1402 651 1467 ad
675 1405 802 1486 partem
818 1403 1083 1486 septemtrionem
1100 1403 1142 1468 ad
1157 1425 1259 1488 quan·

129 1513 204 1578 dam
221 1535 356 1598 parvam
372 1513 490 1578 vallem
505 1513 598 1578 iuxta
612 1511 789 1593 virgultum
805 1512 952 1595 pervenit
968 1511 1010 1576 ad
1026 1533 1124 1578 unam
1139 1519 1261 1578 metam

128 1627 274 1687 terream
291 1621 330 1686 de
348 1643 430 1688 novo
446 1627 587 1686 erectam
602 1621 636 1685 in
652 1641 717 1704 qua
733 1625 782 1684 est
806 1618 904 1685 arbor
934 1619 1114 1705 rakatyafu,
1136 1611 1263 1688 'abhinc

127 1730 230 1795 vertit
246 1751 280 1794 se
297 1729 339 1794 ad
354 1735 480 1814 partem
497 1729 690 1795 orientalem
706 1749 814 1793 versus
832 1727 942 1792 villam
957 1727 1140 1798 Luehunch
1156 1737 1260 1796 trans·

128 1839 240 1905 eundo
256 1839 434 1922 virgultum
450 1838 596 1922 pervenit
613 1837 656 1903 ad
671 1835 770 1921 pedes
796 1841 959 1902 terrarum
969 1837 1141 1904 arabilium
1157 1861 1261 1923 prope

126 1949 243 2013 villam
258 1947 325 2012 iam
341 1947 461 2012 dictam
486 1944 668 2011 Luehunch
697 1944 755 2009 ubi
787 1951 837 2010 est
867 1949 955 2010 meta
971 1967 1011 2010 ex
1044 1968 1126 2012 novo
1143 1955 1261 2032 erecta,

127 2054 249 2121 deinde
276 2055 374 2120 vertit
398 2053 440 2120 ad
454 2059 582 2138 partem
599 2053 862 2138 septemtrionem
888 2053 930 2118 ad
953 2075 1069 2138 parum
1085 2076 1195 2122 versus
1211 2077 1261 2121 ec·

126 2163 264 2228 clesiam
281 2163 388 2229 sancti
403 2160 435 2227 N
438 2162 534 2228 icolai
550 2161 590 2226 de
606 2160 789 2226 Luehunch
815 2165 848 2225 et
872 2161 918 2226 ibi
933 2162 1079 2244 pervenit
1095 2163 1136 2228 ad
1153 2164 1261 2228 termi-

127 2293 207 2336 num
226 2271 355 2354 spineti,
387 2269 505 2335 abhinc
521 2269 611 2335 vadit
620 2268 662 2334 ad
671 2275 798 2353 partem
809 2268 943 2334 eandem
953 2275 986 2334 et
1001 2269 1046 2336 ibi
1061 2271 1096 2335 in
1106 2270 1261 2336 descensu

123 2379 225 2444 unius
250 2379 342 2463 parvi
366 2377 495 2443 verticis
520 2381 569 2441 est
594 2381 681 2442 meta
706 2381 823 2460 terrea,
854 2381 928 2460 post
952 2376 1011 2442 hec
1037 2377 1258 2444 descendendo

122 2485 212 2552 inira
240 2491 273 2550 et
297 2486 383 2550 circa
407 2485 517 2549 villam
542 2485 688 2568 pervenit
713 2483 756 2548 ad
779 2483 942 2568 Fyzrrrege
983 2484 1115 2570 dictum,
1141 2485 1258 2552 deinde

124 2595 217 2660 cadit
245 2593 287 2657 ad
312 2595 466 2678 magnam
490 2593 575 2657 viam
601 2598 634 2658 et
658 2613 717 2676 per
746 2593 838 2657 illam
863 2593 947 2656 viam
973 2593 1075 2658 intrat
1091 2593 1133 2659 ad
1149 2594 1260 2660 villam

122 2701 313 2770 Luehunch
329 2723 388 2786 per
403 2722 503 2766 unum
518 2699 650 2766 fluvium
676 2705 708 2765 et
732 2700 818 2764 viam
843 2721 908 2783 que
935 2700 1025 2766 ducit
1051 2701 1093 2766 ad
1116 2703 1261 2786 plateam

122 2813 201 2877 ville
218 2809 401 2876 Luehunch
417 2809 602 2894 supradicte
618 2815 651 2875 et
665 2809 728 2874 iste
738 2815 822 2874 mete
839 2811 1014 2876 exteriores
1030 2833 1133 2896 usque
1144 2811 1260 2876 ¹villam

121 2920 310 3006 predictam
326 2923 477 3002 separant
496 2923 626 3002 aparte
642 2917 848 2984 meridionali
865 2925 898 2982 et
914 2919 1016 2985 eciam
1033 2942 1052 2988 a
1068 2925 1162 3004 parte
1178 2921 1260 3008 occi-

121 3028 254 3094 dentali
270 3033 374 3092 terras
389 3025 530 3092 filiorum
541 3025 688 3112 Dyonisii
699 3025 904 3110 prefatorum
920 3049 940 3092 a
955 3033 1050 3112 parte
1065 3049 1141 3093 vero
1158 3029 1262 3092 orien-

122 3137 186 3202 tali
205 3141 242 3202 et
258 3135 516 3220 septemtrionali
531 3141 652 3200 terram
669 3134 790 3200 domini
816 3135 948 3218 voivode
963 3135 1111 3201 iamdicti
1127 3142 1160 3201 et
1176 3138 1262 3203 circa

121 3266 282 3330 magnam
297 3245 382 3308 viam
398 3265 457 3328 per
481 3265 579 3326 quum
604 3243 707 3308 intrat
723 3241 765 3306 ad
781 3243 924 3326 plateam
948 3244 1023 3308 ville
1048 3265 1104 3309 seu
1120 3245 1262 3310 civitatis

120 3349 312 3420 Luehunch
328 3357 361 3417 et
375 3351 421 3416 ibi
437 3352 540 3416 intrat
555 3349 598 3415 ad
613 3349 746 3416 fluvium
763 3350 875 3433 Tugar
892 3352 1024 3436 exitque
1049 3351 1089 3418 (le
1116 3353 1186 3436 ipso
1202 3349 1261 3417 flu·

118 3463 172 3528 vio
207 3459 255 3526 ad
278 3466 405 3544 partem
435 3453 733 3544 septemtrionalem
762 3463 852 3524 recte
877 3459 920 3526 ad
951 3461 1084 3526 arbores
1114 3463 1261 3545 pirorum

119 3591 187 3654 que
216 3573 294 3633 sunt
323 3573 411 3633 retro
441 3568 555 3634 villam
586 3567 707 3634 domini
723 3566 847 3632 Tharne
873 3567 1006 3635 voivode
1037 3591 1137 3654 supra
1158 3569 1258 3635 fossa·

117 3685 194 3744 tum
213 3676 305 3761 quod
321 3677 416 3741 estin
433 3675 572 3741 circuitu
588 3675 729 3740 civitatis
753 3673 936 3742 Luehunch
951 3698 1010 3761 per
1025 3677 1182 3760 illumque
1199 3676 1262 3743 fos·
1312 3751 1315 3757 ,

118 3793 237 3854 satum
254 3784 345 3851 vadit
361 3783 404 3850 ad
419 3789 548 3868 partem
564 3786 828 3868 septemtrionem
846 3806 947 3868 usque
964 3783 1060 3850 finem
1078 3785 1218 3850 civitatis
1229 3790 1262 3851 et

117 3895 166 3960 ibi
184 3894 290 3960 vertit
305 3914 339 3958 se
356 3891 398 3958 ad
413 3913 566 3976 magnam
597 3893 681 3957 viam
698 3893 754 3958 ubi
770 3893 857 3958 circe
881 3894 985 3978 ipsam
1010 3915 1162 3976 magnam
1178 3894 1263 3960 viani

116 4008 168 4070 est
186 4008 284 4067 meta
300 4007 415 4083 terrea,
442 4000 559 4066 deinde
585 4023 642 4084 per
668 4001 804 4066 eandem
829 4003 915 4066 viam
939 4001 1029 4068 vadit
1054 4001 1096 4066 ad
1127 4001 1263 4088 eandem

116 4118 256 4198 partem
273 4109 329 4174 ubi
344 4117 420 4174 sunt
435 4109 583 4174 similiter
599 4114 683 4174 mete
700 4115 806 4174 terrae
824 4109 934 4193 ibique
951 4109 1054 4176 intrat
1070 4111 1111 4176 ad
1127 4109 1263 4177 fluvium

115 4217 312 4287 Luehunch
338 4217 380 4283 ad
404 4218 511 4284 locum
537 4219 679 4304 priorem
705 4218 856 4284 videlicet
882 4217 924 4283 ad
950 4221 1071 4284 metam
1088 4221 1263 4304 capitalem

116 4331 238 4415 ibique
256 4327 473 4393 terminantur
488 4333 573 4393 mete
584 4333 616 4393 et
632 4327 860 4394 distincciones
876 4331 963 4392 terre
980 4349 1036 4392 seu
1052 4327 1264 4411 possessionis

115 4436 315 4504 Luehunch
326 4463 333 4518 ;
344 4441 487 4501 ceterum
502 4437 608 4520 prima
623 4443 711 4502 meta
723 4442 809 4502 torre
819 4457 874 4500 seu
884 4437 1096 4520 possessionis
1106 4435 1263 4521 Izbyscbe

116 4547 249 4631 incipit
264 4545 300 4608 in
316 4543 396 4609 silva
411 4543 584 4610 Erdeuhat
615 4546 703 4612 dicta
719 4568 778 4630 per
802 4551 927 4610 veteres
944 4549 1046 4610 metas
1063 4550 1094 4609 el
1111 4545 1264 4630 antiquas

115 4656 293 4722 vicinatur
310 4657 395 4716 terre
412 4673 469 4718 seu
485 4655 679 4738 possessioni
694 4653 778 4739 Elye
794 4651 853 4717 filii
869 4651 1000 4718 Nicolai
1026 4653 1066 4718 de
1084 4651 1212 4736 Gelgov
1230 4659 1263 4718 et
