3112 5466
333 430 396 490 236
691 440 877 488 announosr
896 431 1112 490 osuinrrin.

331 603 390 670 filii
406 603 548 668 Renoldi
564 605 683 668 sororis
700 603 739 668 de
757 603 869 668 ordine
881 603 1018 668 iratrnnr
1035 605 1277 688 predicatorum
1292 605 1330 669 de
1345 605 1442 670 Insula

332 712 427 777 beate
452 712 585 795 virginis
611 713 730 777 sororis
758 733 814 777 suo
839 713 1059 796 mitteremus3
1085 714 1176 780 cuius
1192 715 1343 798 peticioni
1358 737 1442 780 annn-

332 827 421 885 entes
439 821 518 886 dnos
535 841 574 884 ex
591 821 684 886 nobis
709 822 796 886 viros
813 820 970 886 discretos
996 820 1215 886 Laurencium
1241 829 1274 887 et
1299 821 1323 887 J
1325 824 1441 888 acolium

332 931 435 995 socios
451 935 483 992 et
510 930 742 994 concanonicos
758 933 884 995 nostros
909 929 1057 994 duximus
1072 929 1291 1012 destinandos,
1315 933 1366 1014 qui
1381 954 1441 996 cnm

332 1039 444 1102 eodem
469 1037 626 1118 magistro
652 1037 752 1102 Petro
769 1044 802 1102 et
821 1037 923 1100 tratre
950 1035 1113 1102 Micheele
1129 1045 1339 1121 procuratore
1355 1042 1441 1104 tocius

332 1152 507 1211 conventus
525 1145 685 1210 dictarum
702 1145 905 1210 dominarum
918 1145 958 1208 de
975 1145 1062 1210 dicta
1079 1145 1193 1210 Insula
1210 1147 1252 1211 ad
1269 1169 1326 1212 nos
1340 1149 1441 1211 reversi

331 1253 423 1320 nobis
440 1254 633 1334 retulerunt,
651 1252 738 1335 quod
754 1252 902 1335 predicta
919 1253 1070 1336 religiosa
1087 1254 1218 1319 domina
1234 1255 1358 1320 racione
1373 1255 1443 1319 dotis

331 1384 387 1428 sue
404 1368 436 1427 et
455 1367 573 1444 quarta
589 1359 681 1426 filiali
698 1361 814 1443 quibus
830 1361 915 1426 idern
931 1362 1086 1444 magister
1101 1361 1221 1427 Petrus
1242 1369 1275 1427 et
1289 1362 1442 1427 Ledislaus

330 1471 416 1536 filius
431 1469 456 1534 J
459 1469 595 1536 ohannis
611 1469 714 1534 frater
730 1469 872 1534 eiusdem
889 1468 929 1533 de
945 1471 1037 1551 regni
1054 1471 1282 1536 consvetudine
1298 1470 1355 1534 sibi
1371 1475 1442 1534 tene

330 1577 451 1644 bantur
476 1599 535 1660 pro
553 1576 670 1659 quibus
686 1597 744 1659 per
770 1575 962 1641 Ladislanm
979 1581 1013 1641 et
1028 1577 1054 1642 J
1055 1573 1216 1642 ohannem
1231 1577 1315 1644 filios
1330 1577 1442 1643 Nicolai

331 1686 409 1750 dicti
426 1683 551 1748 Weche
569 1683 685 1748 fratres
703 1705 777 1748 snos
794 1684 827 1747 in
842 1683 935 1747 litem
959 1683 1090 1750 fueraut
1115 1684 1255 1767 deducti,
1283 1685 1441 1750 ordinanti·

331 1793 390 1857 bus
405 1793 515 1876 probis
531 1793 607 1856 viris
625 1796 758 1876 propter
775 1790 894 1855 bonum
910 1793 998 1873 pacis
1011 1799 1044 1856 et
1060 1793 1370 1876 consanguineitatis
1385 1811 1442 1876 spe·

331 1923 406 1966 rans
423 1901 508 1983 quod
524 1922 582 1983 per
598 1899 727 1964 eosdem
737 1901 771 1963 in
781 1898 927 1964 futurum
939 1901 1110 1984 provideri,
1121 1903 1267 1984 impensa
1278 1899 1441 1966 omnimoda

330 2010 555 2076 satisfaccione
581 2010 769 2092 pecuniaria
794 2009 921 2074 eosdem
947 2010 1137 2093 magistrum
1161 2010 1299 2074 Petrum
1315 2017 1346 2073 et
1360 2007 1442 2073 Ladi-

330 2118 434 2182 slaum
450 2117 586 2182 fratrem
602 2116 744 2181 eiusdem
760 2138 819 2200 per
844 2117 952 2180 omnia
977 2116 1170 2182 reddidisset
1196 2117 1401 2202 expeditos..
1417 2119 1443 2178 et

331 2227 416 2292 idem
433 2226 587 2309 magister
602 2225 722 2291 Petrus
738 2247 796 2308 pro
814 2247 846 2290 se
868 2231 900 2289 et
916 2223 1018 2290 fratre
1044 2247 1101 2291 suo
1117 2225 1275 2291 Ladislao
1293 2276 1299 2290 .
1316 2276 1323 2290 .
1339 2245 1442 2290 assum-

330 2336 373 2400 sit
389 2356 497 2399 coram
514 2333 606 2399 nobis
623 2384 629 2398 .
646 2384 654 2398 .
670 2341 707 2398 nt
723 2334 858 2418 singulis
868 2335 961 2398 annis
971 2355 1074 2418 usqne
1090 2335 1190 2399 vitam
1207 2334 1294 2398 dicte
1309 2333 1442 2415 religiose

329 2443 457 2508 domine
481 2439 579 2506 Anne
605 2443 748 2525 singulas
777 2442 857 2507 duas
882 2464 1008 2508 marcas
1031 2444 1064 2507 in
1089 2447 1226 2526 argento
1243 2443 1295 2506 vel
1320 2441 1443 2506 denariis

329 2552 405 2616 dare
423 2559 456 2616 et
472 2550 587 2616 offerre
604 2557 801 2634 tenerentur,
825 2553 960 2636 ipsaque
978 2551 1152 2617 decedente
1168 2552 1298 2618 domine
1313 2552 1443 2635 religiose

328 2663 431 2728 sorori
449 2661 487 2725 de
505 2661 617 2725 eoslern
634 2661 746 2724 ordine
761 2660 1002 2742 predicatorum
1022 2657 1120 2725 Anne
1146 2663 1276 2726 nomine
1292 2659 1357 2725 filie
1371 2657 1443 2722 ride·

328 2771 405 2834 licet
421 2768 562 2834 Renoldi
579 2767 742 2850 quondam
758 2768 896 2851 palatini
913 2770 1087 2851 superstite
1103 2775 1291 2834 remanente
1312 2766 1443 2832 similiter

327 2899 431 2960 usqne
447 2877 546 2940 vitam
563 2874 705 2940 eiusdem
722 2875 799 2938 dare
817 2881 849 2939 et
865 2875 989 2940 solvere
1014 2877 1213 2941 tenebuntur
1238 2881 1276 2942 ut
1301 2873 1444 2940 assumsit.

328 2985 454 3050 Datum
470 2985 503 3048 in
520 2983 682 3048 dominica
697 2982 858 3066 Exsurge,
877 3005 961 3048 anno
978 2983 1099 3049 domini
1116 2983 1170 3049 M⁰
1187 2981 1289 3050 000⁰
1305 2982 1443 3067 vigesimo

332 3097 432 3157 sexto.

441 3251 589 3317 Httlapjan
602 3252 695 3316 pecsdt
713 3253 888 3319 nyomaiva13
908 3253 1039 3317 eredetije
1061 3269 1093 3304 az
1112 3269 1181 3304 orsz.
1204 3255 1259 3304 lts'u·
1280 3255 1376 3305 kincst
1389 3254 1444 3302 oszt.

328 3346 361 3395 N.
376 3345 408 3394 R.
423 3343 455 3393 A.
472 3347 514 3392 17.
530 3347 570 3393 15.
586 3342 652 3407 dipl.
666 3343 738 3392 lter:
754 3344 945 3396 resultanti:
964 3344 1067 3394 Vincze
1080 3343 1180 3394 (labor.

857 3745 931 3806 216.

330 3909 425 3971 1326.
439 3905 520 3990 febr.
539 3909 568 3970 6.
597 3906 625 3970 A
642 3907 787 3971 boszrzioa‘
802 3907 965 3992 lociptalun
981 3907 1053 3970 otuu
1069 3907 1235 3990 Palapari
1252 3905 1338 3968 Intra
1355 3901 1446 3968 ottoni

488 4014 691 4078 dirtolcru'szc't
707 4015 899 4078 resaucient·
916 4014 1120 4076 Mdrtonuolc
1137 4013 1294 4077 eloroktnf.

436 4171 505 4238 Nos
522 4173 699 4257 capitulum
717 4174 848 4238 ecclesie
873 4171 1052 4238 Bonnensis
1076 4173 1231 4237 memorie
1256 4169 1444 4238 commenda·

326 4305 397 4347 mus
415 4333 421 4347 .
438 4333 445 4347 .
462 4283 549 4366 qnod
558 4281 727 4348 Emericus
737 4280 823 4347 filius
835 4281 960 4347 Thome
978 4281 1017 4345 de
1032 4279 1179 4364 Pelagos
1194 4332 1202 4345 .
1219 4333 1225 4346 .
1241 4280 1443 4366 proposuit..

327 4391 415 4474 quod
431 4393 500 4475 ipse
516 4397 661 4474 tempore
676 4391 908 4455 necessitatum
925 4411 1056 4455 suorum
1073 4389 1133 4454 sibi
1142 4390 1380 4455 imminencium
1390 4408 1443 4472 quo

327 4499 450 4562 scilicet
465 4498 499 4562 in
516 4499 684 4581 presencia
699 4497 861 4582 magnifici
876 4499 1008 4564 baronis
1034 4497 1131 4562 Pauli
1158 4496 1308 4563 videlicet
1323 4497 1394 4562 bani
1409 4493 1442 4557 de

326 4603 447 4674 Mache
464 4611 495 4668 et
511 4605 626 4672 indicis
643 4605 682 4674 de
704 4605 847 4672 Wolkon
874 4628 933 4696 pro
959 4606 1152 4694 quibusdam
1177 4608 1242 4674 suis
1268 4606 1392 4674 delictis
1405 4601 1442 4669 ad
