3154 5474
535 483 628 546 1331.
644 501 745 546 naar.
765 485 814 546 15.
1175 487 1237 548 525

97 659 190 728 facto
207 661 382 745 amitteret,
399 669 557 728 ettamen
583 663 617 728 in
634 661 723 729 dicto
740 663 953 731 terminodem
968 665 1126 750 magister
1144 663 1235 732 Ohe-

99 769 154 855 ley
176 773 216 836 ut
241 776 425 856 pretaetum
450 779 499 838 est
526 793 635 839 coram
671 772 764 840 nobis
788 773 924 840 astando
956 774 1086 850 easdem
1110 776 1239 842 litteras

98 901 169 944 non
187 880 364 946 exhibebat
380 901 438 947 nec
454 902 487 946 se
503 881 574 966 ipso
591 883 728 948 termino
745 881 965 948 exhibiturum
989 881 1056 949 fore
1073 885 1239 967 promitte-

99 987 172 1070 bat,
189 987 264 1054 ideo
281 989 522 1074 prenominatas
547 991 763 1074 possessiones
780 989 879 1072 Bura,
895 989 1081 1075 Bachanad,
1107 989 1239 1076 Scenth‚

98 1093 175 1179 Ida,
201 1095 340 1182 Wyfolu
370 1102 402 1163 et
432 1097 569 1182 Lytheri
600 1105 730 1165 vocatas
761 1099 803 1164 ab
834 1099 904 1184 ipsc
934 1099 1090 1182 magistro
1117 1097 1239 1185 Ohelsy

99 1206 325 1290 recaptivatas
342 1205 445 1272 eidem
461 1207 616 1290 magistro
644 1204 779 1292 Ohenyk
804 1213 836 1272 et
862 1207 927 1274 suis
951 1206 1126 1273 heredibus
1142 1208 1235 1274 iuxta

98 1319 320 1397 spontaneam
346 1315 582 1398 obligaoicnem
596 1317 735 1400 predicti
760 1315 907 1399 magistri
934 1313 1056 1400 Oheley
1071 1315 1240 1381 iudiciaria

97 1422 304 1490 auctoritate
335 1423 586 1490 adiudicavimus
610 1431 766 1509 perpetuo
792 1422 1001 1508 possidendas
1025 1421 1181 1489 tenendas
1206 1431 1239 1488 et

97 1531 281 1616 habendas,
297 1533 392 1598 salvis
409 1533 533 1599 iuribus
549 1555 605 1599 seu
631 1533 837 1618 porcionibus
855 1530 894 1597 de
911 1529 1031 1596 eisdem
1047 1532 1237 1597 remanenti-

97 1641 163 1706 bus
190 1662 256 1725 que
281 1663 339 1726 per
366 1643 533 1726 quospiam
558 1643 643 1708 iusto
676 1641 772 1708 titulo
802 1661 949 1728 possesse
981 1639 1164 1705 extitissent
1188 1641 1238 1705 vel

97 1749 352 1833 possiderentur
367 1751 401 1816 in
418 1749 546 1834 eisdem,
564 1749 678 1816 amodo
704 1755 736 1814 et
753 1749 905 1832 deinceps
920 1751 1068 1832 pretecto
1084 1747 1237 1830 magistro

97 1856 229 1942 Cheley
246 1880 267 1922 a
284 1859 546 1943 possessiouariis
571 1857 779 1942 porcionibus
804 1858 838 1922 in
863 1855 958 1921 dictis
983 1856 1238 1940 possessionibus

98 1989 162 2050 per
178 1967 289 2051 ipsum
314 1966 435 2032 habitis
452 1973 485 2031 et
508 1968 663 2052 possessis
688 1971 881 2052 perpetuum
907 1963 1073 2030 silencium
1090 1965 1238 2031 duximus

93 2073 343 2159 imponendum.
373 2073 497 2140 Datum
513 2075 548 2139 in
564 2073 757 2158 wysegrad,
784 2071 973 2141 duodecimo
990 2072 1043 2137 die
1058 2073 1236 2158 quindena-

93 2205 173 2248 rum
193 2181 260 2248 diei
277 2179 429 2250 Oinerum
448 2181 677 2268 predictarum,
693 2203 777 2248 anno
794 2181 916 2248 domini
925 2178 978 2246 Μ0
994 2179 1095 2248 0000
1109 2179 1239 2248 XXX⁰

94 2311 220 2374 primo.

212 2454 266 2504 Pdl
290 2453 505 2520 crszagbirbnak
533 2456 667 2506 1333·ban
680 2455 740 2507 kelt
764 2454 925 2518 atiratabbl,
946 2455 1075 2520 melynek
1100 2453 1231 2519 credetije

93 2560 223 2611 megvsn
241 2561 275 2596 az
298 2560 367 2596 orez.
392 2547 448 2596 ltar
472 2547 570 2597 kincst.
597 2553 665 2598 oszt.
691 2547 724 2598 N.
748 2547 828 2597 Μ.
852 2551 913 2598 650.
935 2551 957 2598 l.
971 2545 1038 2610 dipl.
1061 2545 1117 2596 lter
1131 2563 1137 2596 :
1152 2549 1232 2596 2647.

92 2637 201 2687 Kozli:
216 2637 326 2688 Koraos
339 2637 373 2688 N.

595 2802 747 2810 -·-—-..--.

92 3217 200 3280 1331.
218 3215 366 3302 Pozsoay
382 3231 473 3280 mart
491 3217 541 3280 15.
560 3217 704 3302 Pozsony
719 3221 886 3302 cdrazepye
899 3214 1074 3301 fdispdnja
1090 3215 1237 3280 Karseai

91 3324 325 3406 Lnkcfldnak
353 3323 485 3388 Paterae
501 3324 640 3410 Buqdrfi
664 3325 798 3388 Meirtoo
813 3324 867 3407 fio
892 3321 1027 3408 Gerqely
1054 3325 1086 3386 ds
1111 3323 1236 3408 saoipc‘i

221 3432 494 3519 ollaefibfforpott
510 3444 589 3520 ilpye
606 3433 778 3498 elite'le'sdra
795 3434 990 3520 baidrcopot
1006 3444 1058 3498 idz
1073 3435 1118 3498 ki.

211 3591 281 3659 Nos
315 3595 468 3679 magister
493 3591 648 3660 Nicolaus
675 3615 779 3660 comes
804 3593 1009 3660 Posoniensis
1035 3593 1148 3659 damus
1173 3616 1232 3678 pro

88 3703 267 3786 memoria,
284 3703 370 3786 quod
385 3725 444 3770 nos
460 3723 587 3769 causam
603 3723 699 3788 quam
714 3703 817 3769 Peteu
833 3701 918 3769 filius
932 3702 1028 3768 Luka
1044 3701 1083 3768 de
1098 3701 1234 3768 Karcha

89 3813 193 3878 iuxta
225 3815 370 3876 tenorem
401 3811 568 3877 literarum
596 3813 895 3897 prorogatoriarum
920 3811 1011 3876 Petri
1036 3811 1232 3877 vicecomitis

87 3920 204 3988 nostri
221 3923 254 3985 et
271 3923 411 4004 quatuor
427 3919 569 3986 iudicum
586 3919 743 3987 nobilium
773 3925 887 3986 contra
903 3917 1104 4004 Gregorium
1129 3920 1232 3986 iunic-

87 4053 164 4096 rem
194 4027 300 4093 filium
315 4027 453 4094 Martini
473 4027 532 4094 filii
557 4029 670 4114 Bugar
687 4033 718 4094 et
733 4028 759 4094 J
761 4029 920 4094 ohannem
939 4028 1079 4094 Paulum
1095 4027 1232 4093 Petrum

86 4161 127 4205 ac
144 4137 234 4204 Beel
251 4137 424 4203 servientes
441 4137 581 4204 eiusdem
598 4135 752 4222 Gregorii
773 4137 834 4202 sibi
851 4137 891 4202 ad
917 4135 1123 4202 statuendum
1147 4157 1231 4202 com·

85 4249 213 4313 missos
238 4244 318 4310 feria
342 4249 432 4311 sexta
456 4247 603 4331 proxima
627 4251 705 4313 ante
730 4245 923 4314 dominicam
947 4245 973 4311 J
975 4245 1069 4311 udica
1093 4243 1233 4310 habebat

85 4377 210 4424 coram
225 4353 327 4438 nobis,
343 4352 384 4420 ad
399 4355 598 4438 presenciam
613 4353 735 4420 domini
760 4355 862 4420 nostri
887 4354 972 4438 regis
989 4353 1227 4418 transmisimus

85 4462 311 4532 iudicandam
335 4468 433 4546 prout
449 4463 517 4548 ipse
534 4463 680 4530 dominus
704 4484 761 4528 rex
776 4463 810 4528 in
826 4463 892 4528 suis
908 4461 1011 4526 literis
1028 4459 1126 4528 dabat
1141 4459 1232 4526 nobis

83 4576 120 4640 in
160 4569 346 4655 mandatis,
371 4573 497 4637 octavas
528 4571 614 4637 beati
646 4570 782 4655 Georgii
812 4571 953 4635 martiris
985 4589 1069 4634 nunc
1105 4567 1232 4634 futuras

87 4703 214 4750 coram
232 4677 343 4744 eodem
355 4679 484 4745 domino
495 4702 570 4765 rege
581 4679 787 4764 comparendi
798 4701 856 4764 pro
877 4679 1015 4744 termino
1032 4677 1232 4763 assignando,
