3172 5462
345 477 408 541 158
697 487 885 536 rlnroouonr
902 471 1118 534 ouulntmin.

343 659 514 737 evocasset,
531 653 719 737 quiquidem
736 647 1154 740 atrocitatelinobedieuoie
1181 645 1318 710 convicti
1343 663 1399 708 neo
1419 663 1459 706 se·
1559 671 1560 680 ἱ

343 765 465 828 nissent
480 783 540 826 neo
555 761 716 826 misissent
732 781 770 824 ac
785 757 996 823 interdictum
1011 776 1136 838 pernes
1147 754 1343 820 auctoritate
1361 752 1459 816 summi

343 871 504 958 pontificis
519 870 706 954 impositum
721 867 852 932 minime
868 869 1036 931 curassent
1050 883 1176 930 necnon
1191 861 1346 928 indurato
1371 861 1460 925 animo
1559 859 1560 864 ’

343 982 463 1063 inipso
479 978 652 1044 interdicto
669 982 835 1060 tamquam
845 974 1104 1040 recalcitratores
1121 970 1306 1038 obediencie
1325 968 1461 1033 salutaris
1559 971 1560 1050 t

345 1087 579 1154 contumaciter
603 1083 802 1167 usquemodo
827 1082 1023 1165 perseverati
1055 1080 1252 1161 extitissent,
1277 1099 1336 1142 nos
1367 1077 1462 1158 itaque
1559 1075 1560 1142 J

344 1201 471 1260 tantam
487 1193 745 1276 presumciouem
761 1211 800 1256 ac
815 1190 939 1256 rabiem
954 1188 1175 1254 inobedieucie
1195 1184 1380 1252 eorumdem
1403 1205 1462 1248 con·
1559 1217 1560 1276 }

345 1303 522 1368 siderantes
541 1302 627 1384 ipsos
651 1300 850 1366 auctoritate
875 1297 959 1364 sedis
984 1295 1160 1380 apostolice
1185 1295 1278 1360 nobis
1302 1294 1337 1358 in
1360 1291 1462 1356 litteris

345 1411 411 1476 suis
426 1409 561 1474 bullatis
577 1428 729 1473 concessa
744 1405 1022 1490 promulgavimus
1039 1403 1341 1470 excommunicatos.
1352 1399 1463 1464 Datum

345 1519 379 1584 in
404 1515 565 1600 Potholra,
598 1520 710 1580 octavo
735 1514 808 1579 idus
840 1511 1045 1596 Zeptembris
1070 1510 1220 1578 videlicet
1245 1507 1297 1574 die
1323 1507 1464 1574 Mercurii
1559 1573 1560 1598 ξ

346 1625 494 1709 proxima
524 1629 600 1688 ante
626 1621 837 1690 festivitatem
862 1619 1056 1686 Natiuitatis
1086 1619 1192 1716 beate,
1205 1617 1339 1701 virginis
1363 1614 1463 1694 Maria,
1558 1617 1560 1658 ff

347 1753 432 1798 anno
448 1731 570 1798 domiui
585 1731 639 1796 ΜΟ
655 1729 759 1798 000⁰
779 1731 928 1795 vicesimo
944 1735 1070 1813 quarto.

452 1895 603 1959 Hdtlapjatu
616 1891 735 1944 monorir
747 1893 842 1958 pecsdt
852 1863 1034 1958 ¹nyomaisal;
1054 1891 1185 1956 eredetija
1206 1907 1237 1941 az
1251 1905 1322 1940 orsz.
1335 1891 1366 1939 lt.
1380 1889 1464 1938 kiurst
1559 1939 1560 1950 ,

350 1989 418 2036 oszt.
433 1985 500 2048 dipl.
514 1985 585 2036 ltrtr:
602 1987 680 2035 2258.
693 1983 790 2035 Kozli:
809 1983 890 2048 Nagy
904 1983 1002 2048 Gyula.

353 2545 449 2608 1324.
467 2542 700 2628 Naqy-Kapos,
716 2552 791 2626 sept.
803 2545 855 2606 20.
873 2543 979 2628 Fatep
995 2540 1100 2606 addar
1116 2539 1187 2620 Urrq
1198 2547 1363 2628 odrrneqpa
1381 2541 1467 2606 re'sze'-

353 2652 404 2716 rb'l
421 2651 604 2738 lstizppttlu'st
620 2653 765 2729 tar-tacta,
777 2649 864 2714 eterra
877 2649 986 2713 Zo‘dor
1002 2660 1113 2713 mesto-r
1128 2650 1229 2732 defin,
1240 2646 1469 2714 PaattiJatat

530 2757 652 2841 fiaival
668 2755 787 2820 Badrin
804 2757 942 2822 birtolcot
958 2757 1093 2842 illotb'qu
1113 2758 1313 2822 bitettttneb.

463 2915 534 2982 Nos
558 2917 730 3001 Philippus
761 2917 927 2999 palatinus
952 2917 1050 2982 iudex
1081 2939 1290 2984 comanorum
1316 2939 1416 2986 comes
1437 2915 1470 2978 de
1558 2927 1559 3008 ,

353 3023 475 3106 Scepus
492 3031 524 3089 et
541 3025 579 3089 de
595 3025 710 3108 Vyuar
726 3024 840 3089 damus
857 3047 914 3108 pro
936 3027 1099 3108 memoria,
1125 3027 1212 3110 quod
1238 3049 1368 3092 causam
1384 3043 1470 3109 quau
1558 3027 1559 3058 ³

356 3133 512 3215 magister
543 3131 655 3197 Zadur
687 3138 720 3198 et
750 3132 869 3198 Petrus
900 3132 987 3198 filius
1020 3133 1162 3198 eiusdem
1195 3156 1292 3217 super
1314 3135 1397 3200 iacto
1426 3153 1471 3196 eu·

353 3239 480 3304 iusdam
495 3241 703 3322 possessionis
719 3239 844 3304 Robrin
860 3247 974 3306 vocate
991 3248 1104 3306 contra
1120 3241 1245 3307 Dobow
1256 3249 1290 3308 et
1301 3240 1326 3306 J
1328 3241 1472 3307 ohannem

353 3349 527 3430 magistros
543 3347 627 3412 filios
643 3347 668 3412 J
670 3349 763 3414 aoobi
779 3348 819 3413 de
836 3349 952 3433 Panyk
967 3349 1132 3415 habebant
1157 3372 1266 3416 coram
1283 3351 1393 3416 nobis.
1410 3400 1416 3414 .
1432 3355 1473 3412 ta-

355 3456 430 3520 liter
446 3477 479 3519 se
494 3462 603 3538 partes
620 3457 802 3521 retulerunt
827 3459 1047 3542 concordasse,
1073 3459 1159 3542 quod
1183 3461 1349 3545 predictus
1372 3457 1472 3523 Zadur

356 3584 428 3628 cum
445 3561 511 3628 filio
528 3585 585 3628 suo
602 3565 769 3629 antedicto
785 3565 965 3647 predictam
981 3573 1103 3632 terram
1118 3565 1243 3632 Rabrin
1269 3567 1443 3652 incipiendo
1457 3585 1474 3626 a

356 3671 498 3756 quadarn
514 3678 602 3736 meta
618 3678 724 3737 terrea
741 3675 875 3758 capitali
892 3673 931 3739 de
948 3697 1014 3758 qua
1030 3676 1194 3758 egreditur
1208 3677 1347 3758 quedam
1363 3676 1410 3740 via
1425 3693 1475 3756 per

356 3802 506 3864 campum
525 3787 557 3844 et
574 3780 690 3847 dehinc
706 3803 763 3865 per
779 3783 945 3866 quandam
965 3785 1079 3850 silvam
1095 3807 1204 3850 versus
1221 3786 1416 3850 occidentem
1431 3802 1476 3846 us·

357 3910 420 3972 que
437 3886 568 3952 fluvium
588 3887 740 3955 Laburch
757 3892 991 3974 permodicum
1018 3892 1060 3958 ad
1085 3891 1269 3958 inferiorem
1294 3899 1414 3975 partem
1430 3909 1476 3953 cu·

357 3997 482 4062 iusdam
499 3997 676 4062 molendini
692 3997 834 4064 filiorum
849 3999 949 4084 Iwan,
970 4001 1105 4065 eandem
1122 4007 1242 4066 terram
1259 4001 1374 4067 dehinc
1388 4018 1476 4081 supra
1557 4075 1558 4098 ,

358 4125 467 4168 versus
484 4105 670 4188 aquilonem
686 4105 810 4172 Dobow
828 4113 861 4171 et
876 4107 902 4172 J
904 4107 1024 4173 ohanni
1040 4111 1203 4190 magistris
1228 4109 1397 4174 antedictis
1413 4105 1478 4170 reli-

360 4214 482 4295 quisset
498 4219 654 4297 perpetuo
671 4213 805 4299 pacifice
832 4215 1058 4299 possidendam
1075 4267 1106 4282 ..
1133 4239 1150 4280 e
1176 4239 1329 4282 converso
1353 4213 1479 4301 predicti

359 4318 484 4385 Dobow
501 4327 533 4384 et
549 4319 718 4388 Jobaunea
745 4323 928 4389 inferiorem
953 4329 1079 4408 partem
1099 4325 1242 4390 eiusdem
1266 4333 1351 4390 terre
1374 4323 1480 4388 dehinc

359 4453 469 4496 versus
484 4432 652 4498 meridiem
668 4434 814 4516 predicto
831 4434 944 4500 Zadur
960 4443 993 4501 et
1011 4435 1078 4502 filio
1096 4459 1153 4501 suo
1180 4437 1379 4520 reliquerunt
1402 4433 1482 4498 simi·

359 4538 435 4601 liter
459 4546 614 4622 perpetuo
646 4541 896 4622 possidendam.
914 4594 920 4608 .
938 4544 1058 4609 dicitur
1083 4547 1185 4610 eciam
1210 4545 1299 4629 quod
1322 4543 1430 4610 Zadur
1453 4547 1482 4603 et

362 4641 447 4709 filius
464 4667 540 4710 suus
556 4647 739 4713 antedictus
756 4650 943 4734 obligarunt
969 4673 1002 4716 se
1027 4659 1206 4734 spontanea
1222 4655 1384 4718 voluntate
1400 4648 1482 4734 quod
