3130 5470
554 497 648 557 1330.
663 513 734 557 ran.
753 497 803 556 12.
1183 491 1248 558 457

109 674 182 742 filio
199 675 339 741 Martini
355 674 413 740 filii
431 673 594 740 Perbardi
609 674 757 757 proximo
774 677 808 737 et
824 673 975 739 servienti
996 674 1140 739 eiusdem
1156 673 1246 740 Beke

108 805 224 850 coram
241 835 248 848 .
267 835 273 848 .
291 784 434 868 capitulo
467 783 601 847 ecclesie
617 780 790 866 Agriensis
815 782 1030 865 personaliter
1056 783 1245 848 constitutis

105 892 195 958 idem
213 893 371 976 magister
394 891 485 956 Beke
510 873 730 974 proposuisset
744 891 816 955 riva
840 911 927 974 voce,
954 890 1042 974 quod
1066 891 1144 975 quia
1159 890 1246 954 idem

106 999 134 1064 J
136 1000 285 1066 ohannes
311 999 372 1065 sibi
388 999 422 1063 in
438 999 525 1063 linea
549 999 768 1082 proximitatis
794 1000 935 1065 attinens
962 1021 982 1064 a
1007 1000 1151 1082 primevo
1168 1005 1247 1064 tem·

105 1129 190 1192 pore
208 1129 266 1174 sue
282 1109 379 1174 etatis
396 1109 532 1172 servicia
547 1105 735 1174 fidelissima
751 1107 812 1172 sibi
827 1107 1047 1192 impendisset,
1058 1129 1157 1172 unam
1173 1129 1246 1191 par-

107 1219 250 1283 ticulam
267 1221 353 1282 terre
369 1216 408 1280 de
426 1221 515 1281 terra
532 1237 591 1280 sua
606 1217 722 1301 Boyalr
737 1223 853 1282 vocata
869 1218 903 1282 in
919 1217 1069 1282 districtu
1086 1217 1126 1282 de
1143 1215 1245 1283 Sarus

107 1326 285 1391 existentis
301 1325 343 1390 ad
360 1331 502 1408 quatuor
519 1330 630 1390 aratra
646 1325 859 1392 sufficientem
888 1331 1017 1411 aparte
1044 1327 1120 1391 ville
1134 1326 1245 1410 Berky

105 1441 225 1499 vocate
243 1457 317 1500 cum
334 1434 481 1500 omnibus
499 1435 564 1498 suis
581 1433 781 1499 utilitatibus
797 1434 901 1500 eidem
913 1435 1059 1501 Johanni
1075 1436 1107 1500 in
1126 1456 1247 1501 recom-

105 1543 342 1625 pensacionem
359 1563 490 1608 suornm
504 1543 715 1614 serviciorum
732 1549 765 1607 et
781 1543 822 1608 oh
839 1543 1011 1626 specialem
1027 1543 1245 1627 proximitatis

106 1650 327 1715 dileccionem
343 1649 484 1716 dedisset
500 1655 532 1716 et
549 1651 746 1717 contulisset.

219 1812 319 1862 Laiszlo
332 1814 437 1877 opuliai
450 1815 569 1878 hercesg
582 1814 725 1864 nidornak
741 1819 815 1864 1339.
827 1814 928 1878 janutr
942 1808 1054 1864 20-ikan
1068 1815 1127 1864 kelt
1139 1813 1167 1864 es
1181 1829 1245 1879 egy-

104 1905 174 1955 r'elol
189 1905 304 1954 Marton
317 1903 353 1954 fia
366 1905 450 1955 tanos
464 1903 524 1969 neje
537 1905 671 1970 Katslin-‚
686 1905 811 1955 misfelttl
825 1905 955 1970 Vychezy
970 1905 1123 1954 Lorinezne
1149 1906 1246 1955 kozctc

104 1995 268 2057 fonsorgott
281 1995 385 2057 perben
398 1994 497 2044 hozott
521 1993 671 2058 iterassem,
686 1995 815 2059 melynek
829 1993 959 2059 credetijs
973 2009 1088 2058 megvan
1115 2011 1147 2043 az
1173 2009 1243 2045 orez.

104 2085 137 2132 lt.
149 2083 253 2132 kinest.
266 2089 333 2132 esst,
347 2083 380 2134 N.
394 2083 427 2134 R.
441 2083 473 2132 A.
491 2087 566 2134 1540.
582 2087 624 2133 ⁷4.
638 2085 705 2148 dipl.
718 2087 750 2135 lt.
768 2088 845 2136 5718.
859 2085 957 2136 Kozli:
971 2084 1075 2136 Vincas
1088 2085 1189 2148 thor.

602 2228 758 2238 ——n-

642 2465 715 2528 399.

104 2651 207 2711 1330.
225 2647 421 2731 Budmjan.
440 2649 490 2709 12.
507 2647 654 2731 Drapetlz
670 2647 776 2712 Jonas
793 2649 1177 2734 cridorbizonpsripleuele
1194 2673 1246 2712 or·

100 2757 164 2832 ro'l,
194 2758 280 2838 kopp
311 2753 445 2817 Na'mctlr
463 2755 656 2818 Lulcdcsnals
682 2779 703 2819 c
721 2755 869 2839 Zemplrin
890 2757 1073 2842 vrirrnepyci
1091 2755 1164 2821 Ond
1180 2756 1245 2819 bir-

364 2862 449 2926 tokot
480 2861 570 2944 Urafl
585 2862 695 2928 Jakat
712 2865 1004 2929 cisszalrocsritottc.

217 3039 292 3106 Nos
318 3040 487 3106 Johannes
518 3040 701 3125 Drugetter
732 3043 896 3127 palatinus
914 3095 921 3110 .
938 3094 944 3110 .
962 3044 1181 3128 significamus
1206 3095 1213 3110 .
1238 3095 1245 3111 .

100 3151 294 3217 universis.
311 3200 319 3216 .
337 3149 425 3234 quod
450 3171 523 3214 cum
539 3151 573 3214 in
590 3152 846 3235 congregacione
871 3160 985 3218 nostra
1001 3155 1146 3236 generali
1163 3153 1244 3219 feria

101 3259 258 3326 secunda
272 3259 421 3342 proxima
437 3261 512 3340 post
526 3256 646 3322 festum
661 3259 750 3324 beati
765 3259 991 3326 Bartholomei
1016 3263 1155 3345 apostoli
1172 3284 1245 3328 cum

102 3367 273 3434 universis
289 3365 453 3432 nobilibus
484 3364 622 3449 Zemlyn
648 3371 680 3432 et
704 3367 783 3451 Vng
798 3369 1012 3434 comitatuum
1028 3369 1116 3454 apud
1131 3371 1243 3436 villam

102 3473 250 3542 Pathak
282 3474 446 3540 celebrata
477 3473 624 3539 Jacobus
655 3472 741 3540 filius
771 3474 843 3544 Vsa
868 3475 908 3540 de
923 3476 1069 3560 predicto
1086 3478 1244 3544 comitatu

101 3581 338 3666 Zemlyniensi
347 3582 542 3665 magistrum
551 3581 755 3647 Lucaohium
766 3581 889 3648 dictum
904 3582 1047 3650 Nemeth
1062 3585 1096 3650 in
1113 3607 1244 3652 causam

97 3692 241 3758 racione
258 3690 468 3773 possessionis
485 3687 561 3754 Ond
576 3696 690 3756 vocate
713 3692 747 3756 in
757 3690 921 3773 sepedicto
932 3694 1090 3758 comitatu
1106 3691 1245 3776 Zemlyn

97 3798 281 3867 existentis
297 3798 495 3881 attraxisset,
505 3797 715 3882 proponendo
726 3798 989 3883 quodpredietus
1005 3803 1162 3886 magister
1177 3802 1244 3868 Lu·

96 3909 244 3976 sachius
275 3907 380 3989 ipsum
411 3903 576 3971 Jacobum
607 3905 711 3971 filium
742 3906 814 3975 Vna
844 3929 930 3974 anno
956 3909 1146 3976 duodecimo
1177 3913 1243 3976 iam

95 4019 280 4084 transacto
297 4013 337 4079 de
369 4013 518 4080 omnibus
543 4015 797 4098 possessionibus
824 4016 966 4082 eiusdem
992 4018 1184 4085 exclusisset
1207 4025 1240 4085 et

93 4121 317 4210 postmodnm
333 4122 376 4188 ad
392 4121 558 4206 quandam
573 4123 809 4206 possessionem
839 4145 931 4190 suam
963 4124 1135 4192 Tholchua
1151 4151 1243 4195 voea-

94 4245 168 4302 tam
188 4231 431 4298 introducendo
447 4233 552 4316 ipsum
567 4230 593 4297 J
595 4231 732 4298 acobum
750 4234 944 4316 captivasset
954 4241 987 4300 ct
1002 4237 1036 4301 in
1052 4239 1118 4303 suis
1135 4239 1243 4305 vincu-

93 4345 135 4424 lis
153 4338 341 4408 detinendo
358 4339 401 4405 ad
416 4338 621 4406 vendendum
637 4361 698 4424 per
713 4340 857 4406 diversas
872 4339 987 4428 [minas
1004 4350 1037 4409 et
1053 4367 1153 4427 penas
1169 4368 1242 4430 pos·

94 4451 285 4517 sessionem
301 4447 445 4512 eiusdem
477 4429 552 4512 Ond
568 4454 717 4514 vocatam
734 4449 942 4532 compulisset
958 4473 1056 4534 qnam
1072 4457 1243 4536 possessio·

91 4581 172 4625 uem
210 4555 302 4620 dicto
333 4555 491 4638 magistro
522 4553 691 4621 Lnoachio
723 4577 789 4622 non
820 4557 1003 4623 voluntarie
1034 4559 1089 4624 sed
1121 4561 1242 4627 invitus

94 4661 334 4744 venciensem
360 4659 594 4751 Emerieusque
619 4660 707 4730 filius
742 4660 886 4754 Olyverii
912 4685 984 4730 cum
1012 4668 1242 4758 procuratoriis
