3154 5474
643 471 830 519 ..traconem
851 457 1068 516 ouulurrlu.

822 848 898 910 457.

293 1021 388 1082 1331.
406 1019 482 1100 turpi
503 1015 553 1078 14.
580 1011 628 1078 Aa
645 1012 829 1096 eezterpomi
853 1008 1013 1097 kdptolon
1040 1009 1067 1072 Ι.
1095 1007 1223 1092 Kriroly
1246 1007 1418 1092 birrilynak

288 1127 418 1212 jeleuti,
438 1126 519 1209 kopp
535 1148 557 1188 o
581 1121 692 1187 bozolci
716 1130 846 1186 corruent
871 1118 992 1182 Zomar
1018 1119 1051 1182 c‘e
1081 1115 1319 1181 Tot-Domanil·
1334 1125 1414 1180 isses

295 1232 502 1298 birtokoe'oob
519 1229 757 1294 bresanrilato'tdl
781 1252 803 1291 a
818 1223 977 1291 ezoeeeze'd
993 1223 1248 1308 belyee'pbelielcet
1264 1223 1416 1287 atritione.

396 1389 526 1457 Kerulo
543 1439 573 1455 ..
604 1388 675 1471 regi
692 1437 698 1453 .
716 1437 723 1452 .
754 1383 965 1470 Theophylus
983 1383 1166 1470 prepositus
1183 1389 1215 1448 et
1241 1383 1413 1466 capitulum

288 1498 520 1584 strigoniensis
537 1495 668 1561 ecclesie
685 1543 715 1561 ..
746 1495 873 1560 noverit
910 1513 969 1558 nos
994 1499 1101 1558 vestre
1125 1491 1281 1558 celsitudo
1305 1491 1413 1557 literas

291 1615 416 1676 vestras
441 1603 501 1672 sub
527 1611 635 1670 vestro
661 1603 769 1688 sigillo
785 1601 912 1668 enuisti
943 1603 1148 1686 recepisse..
1174 1602 1208 1666 in
1225 1599 1285 1665 hec
1304 1600 1414 1665 verba:

291 1717 438 1784 Karolus
456 1767 486 1781 ..
518 1735 574 1780 rex
593 1763 623 1778 ..
656 1713 796 1796 capitulo
823 1707 1037 1796 strigoniensi
1053 1759 1083 1775 ..
1117 1711 1194 1792 quia
1210 1730 1306 1775 cause
1321 1710 1414 1775 eccle-

290 1829 411 1893 siarum
443 1846 500 1911 per
517 1843 661 1890 morosas
693 1824 863 1889 citaciones
888 1823 1078 1906 plerumque
1093 1821 1271 1906 periclitari
1297 1823 1414 1888 contin·

289 1939 419 2020 gunt..
451 1931 693 2017 precipimus..
724 1953 783 2015 per
813 1935 987 2014 presentes,
1020 1937 1179 2014 quatenus
1214 1930 1415 2014 quandocun-

292 2064 356 2126 que
383 2049 417 2107 et
442 2042 691 2124 tocienscunque
707 2061 765 2124 per
788 2039 865 2104 enni
890 2039 1046 2104 circulum
1071 2061 1091 2105 a
1116 2038 1193 2105 deta
1217 2041 1415 2123 presencium

289 2172 346 2236 per
362 2149 548 2234 religiosum
573 2149 677 2214 virum
707 2147 841 2214 fratrem
865 2145 1061 2213 Michaelem
1086 2149 1288 2232 prepositum
1311 2169 1417 2212 mone·

289 2258 379 2324 sterii
396 2258 497 2322 sancti
513 2257 598 2338 regis
615 2253 773 2340 Stephani
796 2255 836 2320 (16
852 2253 984 2322 Bozoolr
999 2257 1049 2320 vel
1066 2263 1257 2322 conventum
1275 2255 1416 2322 eiusdem

288 2367 348 2432 loci
365 2387 487 2432 necnon
504 2363 658 2430 officiales
670 2385 726 2429 seu
742 2370 968 2449 procuratores
986 2364 1159 2430 eorundem
1175 2365 1305 2430 fueritis
1315 2365 1417 2449 requi·

289 2476 352 2558 siti,
368 2495 507 2540 unacum
539 2471 691 2540 Jobenne
717 2472 757 2538 (16
787 2472 889 2538 Tezer
919 2471 970 2538 vel
996 2469 1157 2557 Gregorio
1189 2472 1229 2538 (16
1250 2471 1339 2539 Cher
1364 2479 1419 2538 aut

288 2583 416 2648 Petheu
433 2581 473 2646 de
491 2579 582 2646 Tuur
597 2581 668 2645 eliis
684 2580 870 2645 absentibus
897 2580 1025 2645 homine
1051 2589 1162 2646 nostro
1187 2589 1332 2647 vestrum
1348 2581 1419 2646 mit-

288 2691 366 2756 tetis
383 2689 545 2754 hominem
560 2710 619 2772 pro
644 2689 829 2754 testimonio
844 2687 1042 2770 fidedignum
1068 2687 1109 2754 ad
1134 2687 1318 2756 iaciendum
1341 2692 1419 2756 cita·

290 2801 406 2882 mones,
437 2797 675 2880 inquisiciones,
700 2796 945 2881 prohibiciones,
971 2797 1249 2881 receptiveciones‚
1273 2798 1419 2864 reambu·

287 2907 427 2972 leciones
444 2906 681 2990 possessionum
698 2926 755 2970 seu
771 2906 950 2970 erecciones
966 2909 1124 2971 metarum
1141 2909 1174 2970 et
1188 2905 1230 2970 ed
1255 2907 1419 2991 recapien-

289 3015 365 3080 dum
383 3015 542 3099 mancipia
558 3035 666 3080 servos
683 3021 716 3080 et
732 3015 875 3096 ancillas,
891 3016 1001 3099 previa
1016 3015 1152 3080 veritate
1168 3016 1296 3080 sciuris
1307 3015 1419 3081 ordine

289 3125 483 3189 observato.
501 3173 507 3188 .
525 3173 555 3188 ..
588 3127 619 3187 et
645 3129 719 3207 poet
734 3123 794 3187 hec
816 3122 899 3187 diem
917 3123 1081 3188 citacionis
1097 3123 1227 3188 nomina
1246 3125 1420 3189 citatorum

289 3237 322 3297 et
337 3232 511 3297 terminum
527 3232 726 3314 assignatum
744 3231 839 3295 simul
856 3253 927 3296 cunr
944 3231 1090 3296 cursibus
1109 3237 1267 3296 metarum
1283 3252 1321 3296 ec
1337 3234 1420 3298 serie

289 3340 393 3405 tocius
410 3337 485 3402 secti
502 3387 509 3402 .
526 3388 532 3401 .
550 3389 556 3402 .
589 3337 682 3403 nobis
699 3388 705 3402 .
722 3334 946 3404 .''rescribetis.
967 3337 1093 3404 Datum
1109 3341 1142 3404 in
1158 3339 1367 3423 Wyssegrad,
1383 3341 1418 3405 in

288 3447 370 3512 festo
402 3447 618 3511 conversionis
649 3445 752 3510 sancti
782 3446 879 3511 Pauli
910 3448 1059 3532 apostoli,
1100 3468 1183 3513 auno
1212 3447 1335 3514 domini
1365 3480 1379 3513 r
1405 3451 1420 3488 ⁰

289 3552 390 3621 0000
416 3551 547 3618 XXX⁰
572 3553 686 3638 primo.
718 3551 800 3619 Cum
826 3576 884 3620 nos
901 3557 1011 3640 itaque
1036 3561 1144 3622 vestre
1169 3555 1323 3622 mandate
1347 3577 1419 3621 exe-

288 3669 425 3747 quentes
441 3713 447 3728 .
465 3713 471 3728 .
489 3683 560 3727 cum
577 3661 722 3746 predicto
739 3660 901 3746 Gregorio
921 3663 960 3728 de
977 3661 1064 3729 Oher
1080 3713 1087 3730 .
1105 3714 1112 3729 .
1127 3662 1299 3729 Nicolaum
1316 3685 1419 3730 secer-

288 3771 395 3836 dotem
413 3769 452 3835 de
478 3768 590 3836 Nemti
606 3770 647 3834 ed
672 3769 926 3854 prohibicionem
959 3779 1071 3837 contra
1101 3771 1239 3856 populos
1263 3771 1303 3836 de
1328 3770 1417 3856 Mya-

287 3878 433 3943 meneleu
450 3877 490 3966 de
505 3875 621 3942 Pelest
646 3883 679 3942 et
704 3876 743 3942 (16
759 3876 899 3944 Zeletna
924 3877 963 3942 (16
980 3877 1143 3944 Domanik
1174 3879 1361 3944 teutoniceli
1386 3889 1417 3945 et

287 3982 399 4051 Nemti
416 3986 613 4050 misissemus
638 4007 697 4068 pro
722 3986 909 4050 testimonio
926 4036 956 4052 ..
988 3986 1074 4052 idem
1092 3983 1320 4070 Gregorius..
1345 4009 1417 4053 cum

286 4092 397 4158 eodem
414 4093 544 4158 homine
569 4098 679 4158 nostro
704 4092 747 4158 ad
771 4114 830 4158 nos
854 4092 982 4158 rediens
1006 4095 1098 4160 nobis
1124 4094 1207 4160 dixit
1230 4095 1417 4177 requisitus,

287 4200 375 4285 quod
390 4201 470 4266 feria
486 4208 605 4285 quarte
614 4201 762 4285 proxima
771 4205 845 4267 ente
855 4199 973 4268 festum
982 4199 1194 4269 Ascensionis
1204 4202 1330 4271 Ohristi
1345 4225 1417 4288 pre-

288 4309 391 4374 dictos
407 4310 543 4394 populos
570 4309 609 4374 de
626 4308 850 4394 Myzmeneleu
867 4309 907 4375 de
923 4307 1038 4376 Pelest
1063 4317 1097 4376 ct
1122 4309 1162 4376 (16
1178 4303 1319 4377 Zalatna
1343 4334 1415 4397 pre·

287 4424 377 4482 sente
394 4417 505 4482 eodem
522 4417 651 4482 homine
676 4424 787 4483 nostro
812 4419 1034 4502 prohibuisset
1050 4419 1090 4485 eb
1107 4442 1168 4486 usu
1185 4427 1218 4485 et
1233 4420 1418 4488 utilitatum

285 4526 493 4608 percepcione
517 4527 729 4609 possessionis
754 4529 886 4593 claustri
913 4526 952 4593 (16
977 4528 1111 4594 Bozouk
1141 4527 1261 4594 Zemar
1295 4535 1420 4614 vocate,

288 4633 364 4700 item
381 4634 517 4720 populos
534 4633 573 4698 clo
590 4633 814 4718 Myzmeueleu
839 4636 877 4700 (16
894 4635 1058 4708 Domeoik
1091 4637 1305 4704 theutonicali
1329 4639 1421 4709 etde
