3130 5470
288 456 353 518 422
649 463 837 512 insonnem
854 451 1070 511 onninnnin.

289 632 409 698 festum
425 631 512 695 beati
530 627 556 695 J
557 628 650 694 acobi
666 627 816 712 apostoli,
842 647 926 692 enno
943 625 1066 692 domini
1081 624 1136 692 Μ0
1152 621 1256 692 0000
1270 625 1408 710 vigesimo

290 763 385 807 neno,
402 737 542 806 Nicolao
559 736 733 822 preposito,
767 734 871 802 Sento
903 740 1045 820 cantore,
1071 734 1200 802 Thema
1234 735 1360 842 custode
1383 744 1410 801 et

292 850 400 916 Paulo
432 847 662 914 archidiacono
680 845 720 911 de
735 844 893 911 Karazna
918 844 1040 910 decano
1066 846 1201 910 ecclesie
1226 851 1332 910 nostre
1356 845 1410 909 exi-

296 959 464 1026 cientibus.

401 1122 499 1187 Ftigge
512 1119 660 1184 peccette13
684 1117 813 1181 eredetije
836 1131 867 1167 az
881 1133 951 1168 orsz.
973 1117 1030 1168 lter
1051 1119 1150 1168 kincst.
1175 1121 1243 1168 oszt.
1269 1117 1360 1167 Trans.
1376 1119 1409 1166 12.

296 1217 339 1264 23.
355 1213 421 1278 dipl.
435 1211 508 1264 ltsir:
524 1213 600 1261 2554.
615 1209 697 1260 Kezli
708 1225 713 1258 :
726 1209 829 1258 Vincze
840 1208 940 1259 Gibor.

781 1370 938 1378 ——---——=

828 1609 901 1670 368.

299 1773 394 1836 1329.
414 1771 590 1857 Dicispyiir,
598 1771 664 1855 jul.
683 1771 735 1836 27.
775 1772 939 1838 Viliormes
964 1770 1081 1856 &zepes-
1102 1767 1229 1855 nibaiij·
1252 1771 1286 1834 e's
1301 1769 1414 1833 Bersed

297 1881 490 1968 vermepyc'le
499 1881 691 1967 ftispc'njc·
701 1881 822 1945 Ponitis
837 1881 904 1964 ficit
928 1879 1072 1945 Jctabot
1087 1879 1197 1945 Jakae
1230 1877 1339 1943 bos-ket
1352 1883 1413 1941 ccir·

298 2012 387 2074 napy
406 1989 487 2053 ellec
504 1987 654 2073 bizonyos
673 1991 844 2054 Keresztaeir
875 1998 957 2053 cccii
973 1987 1137 2052 cirtokhoz
1169 1989 1291 2052 tartczd
1303 1987 1415 2074 jiildte'r

606 2095 725 2160 hctdra
742 2097 833 2160 ircict
849 2097 960 2160 eckiirc
985 2093 1125 2159 ketelezi.

408 2254 479 2322 Nos
495 2255 650 2340 magister
666 2255 866 2340 Wylleimus
882 2276 987 2320 cemes
1004 2255 1044 2320 de
1061 2253 1184 2340 Scepus
1201 2261 1234 2322 et
1250 2256 1289 2321 de
1302 2251 1415 2340 Wyuer

300 2366 416 2432 damus
432 2386 491 2448 pro
507 2365 672 2448 memorie,
690 2364 778 2448 quod
794 2364 951 2448 magister
966 2364 991 2428 J
993 2363 1114 2429 ecobus
1131 2362 1218 2428 filius
1243 2363 1359 2429 Ponith
1380 2363 1414 2428 sb

303 2496 368 2539 una
384 2479 478 2558 parte
494 2479 528 2538 et
544 2471 692 2538 Jacobus
708 2478 819 2539 noster
836 2473 1036 2539 castellanus
1052 2473 1092 2538 de
1124 2472 1245 2538 Borkw
1270 2473 1310 2538 ab
1325 2474 1416 2538 altere

300 2603 410 2648 coram
424 2580 518 2646 nobis
536 2581 706 2646 constituti
723 2581 845 2646 dictum
860 2581 954 2647 nobis
980 2583 1090 2646 extitit
1106 2603 1165 2666 per
1182 2580 1322 2664 eosdem,
1337 2579 1411 2664 quod

299 2693 333 2756 in
350 2710 446 2755 cause
462 2710 559 2773 super
576 2687 716 2772 quedam
733 2691 895 2774 particula
921 2696 1009 2756 terre
1034 2691 1119 2756 inter
1144 2692 1231 2775 ipses
1258 2689 1364 2754 habite
1385 2693 1412 2751 et

300 2798 460 2863 ventilata
475 2819 533 2880 per
548 2797 778 2862 intermedium
795 2805 827 2863 et
851 2797 1119 2886 reformacionpm
1143 2799 1321 2882 proborum
1344 2796 1412 2859 vire

301 2928 375 2971 rum
389 2906 502 2970 taliter
518 2905 776 2986 concordassent,
794 2907 881 2990 quod
896 2907 930 2970 in
948 2905 1119 2990 quindenis
1136 2906 1289 2972 datarum
1304 2924 1415 2989 presen-

304 3015 389 3097 cium
406 3012 572 3097 predictus
588 3014 746 3097 magister
770 3014 795 3080 J
796 3013 916 3080 ecobus
932 3013 1115 3079 accedendo
1147 3013 1190 3079 ed
1215 3013 1329 3079 faciem
1344 3019 1416 3076 terre

301 3121 448 3208 predicte
465 3143 562 3204 quem
578 3122 664 3187 idem
680 3127 800 3188 terram
817 3123 859 3188 ed
875 3121 1045 3188 Kercstwr
1060 3123 1279 3207 pertinentem
1294 3121 1358 3187 fore
1373 3139 1414 3184 ss

302 3231 414 3312 seruit,
430 3250 540 3296 cerem
556 3231 741 3296 testimonio
758 3231 894 3316 capituli
910 3229 1082 3316 Agriensis
1099 3237 1132 3297 et
1152 3253 1262 3297 coram
1278 3231 1416 3314 magisne

303 3339 441 3405 Nicoleo
474 3339 662 3403 vicecomite
678 3344 789 3404 nostro
806 3343 839 3404 et
864 3345 1006 3422 quatuor
1031 3339 1192 3406 iudicibus
1219 3339 1368 3406 nobilium
1382 3335 1414 3400 de

301 3445 432 3512 Borsod
461 3444 611 3529 ponendo
642 3451 763 3511 terrem
795 3467 891 3530 super
923 3452 1022 3530 caput
1052 3448 1153 3531 ipsius
1178 3453 1280 3532 prout
1294 3468 1358 3510 mes
1372 3449 1412 3510 est

303 3557 412 3620 iurare
429 3565 525 3638 super
541 3558 664 3618 terrem
679 3553 855 3637 prestando
872 3561 1119 3639 sacramentum,
1145 3561 1312 3621 teneretur
1326 3557 1414 3618 metes

305 3661 473 3728 ostendere
490 3666 522 3725 et
539 3663 662 3744 erigere
677 3661 763 3726 inter
779 3663 1012 3745 possessionem
1028 3662 1198 3729 Kerestwr
1213 3669 1246 3728 et
1261 3661 1417 3747 possessis

304 3793 377 3837 nem
392 3769 531 3856 predicti
563 3767 682 3834 Jacobi
712 3768 826 3854 Echeg
856 3769 985 3836 dictam.
1018 3769 1142 3836 Datum
1172 3771 1207 3835 in
1223 3767 1327 3853 Gewr,
1349 3767 1417 3833 feria

305 3882 421 3965 quinta
436 3879 585 3965 proxima
599 3885 674 3963 post
690 3877 808 3944 festum
818 3880 907 3946 beati
918 3880 943 3948 J
946 3880 1039 3947 eccbi
1049 3880 1199 3966 apostoli,
1215 3899 1300 3945 enno
1312 3873 1416 3943 domini

304 3987 359 4054 Μ0
375 3987 476 4056 0000
492 3987 586 4053 ΧΧο
603 4009 697 4054 nono.

410 4152 517 4202 Borsod
528 4152 677 4219 vtrmegye
689 4151 1001 4219 tenvtnyhetcstgtnak
1016 4155 1090 4202 1329.
1113 4157 1266 4218 angimztus
1293 4149 1370 4204 tosti
1381 4147 1414 4197 tt·

304 4242 424 4294 irettbtl
435 4260 441 4309 3
456 4242 473 4294 l.
484 4243 575 4294 alebb.
