3154 5474
544 483 639 546 1331.
656 489 728 546 mir.
747 485 797 547 30.

634 773 709 834 460.

110 934 202 997 1331.
225 929 397 1016 Tapolcaa,
409 934 548 1019 muido.
566 933 713 1018 Drayetb
728 933 835 998 Jonas
846 934 982 1003 asidera
994 935 1078 1000 Zala
1093 939 1124 1000 c's
1146 936 1234 1000 Vesa-

106 1041 196 1126 prc'm
211 1042 405 1126 adramytii
429 1040 569 1106 ra'aadrb'l
588 1049 700 1106 tartott
725 1041 935 1127 ltdzyytdasea
961 1066 983 1107 a
1008 1042 1235 1108 rotald-udulr-

107 1149 193 1236 aalys·
206 1149 354 1237 opticeat
370 1150 513 1216 iazkdrza'
528 1172 632 1216 aemes
639 1149 889 1237 jodbdqyaiaalc
905 1150 1131 1218 saudadolmai
1146 1153 1238 1220 ludat

575 1256 766 1324 iutdzlccdilc.

212 1414 284 1484 Nos
300 1416 468 1486 Johannes
493 1417 646 1504 Drugeth
671 1419 834 1505 palatinus
860 1422 892 1484 et
907 1417 1003 1486 iudex
1029 1439 1236 1486 aomanorum

107 1527 259 1592 memorie
274 1526 544 1612 commendamus,
570 1525 658 1613 quod
683 1528 717 1594 in
743 1528 994 1613 congregacione
1016 1532 1128 1595 nostra
1143 1550 1238 1614 gene·

107 1633 168 1700 rali
183 1633 265 1700 feria
280 1635 422 1702 secunda
436 1636 585 1721 proxima
609 1639 685 1722 post
701 1639 832 1704 octavas
856 1635 1089 1703 Pentheaostcs
1114 1637 1239 1702 unirer·

108 1743 196 1808 sitati
221 1744 431 1810 comitatuum
456 1742 658 1811 Zaludiensie
685 1750 718 1811 et
740 1744 993 1830 Vesprimiensis
1018 1743 1105 1830 apud
1129 1743 1239 1810 villam

108 1848 278 1936 Tapolcha
303 1852 465 1919 celebrata
489 1851 630 1919 Michael
646 1875 705 1939 pro
723 1875 756 1920 se
781 1858 814 1919 et
829 1875 889 1939 pro
905 1853 977 1919 aliie
1003 1853 1147 1938 cognatis
1174 1854 1240 1919 suis

109 1960 149 2025 de
163 1959 282 2047 Izlrazy
297 1961 422 2028 nobiles
437 1961 625 2048 iobagiones
640 1963 825 2029 monasterii
852 1963 954 2028 sancti
969 1961 1140 2048 Lamperti
1166 1983 1240 2030 oon-

109 2089 243 2152 surgens
259 2071 473 2154 proposuitin
483 2071 717 2155 huncmodum‚
734 2069 821 2156 quod
837 2069 965 2137 domine
982 2069 1239 2138 sanctimoniales

107 2175 146 2241 de
162 2173 469 2265 Apacchasomplyo
485 2180 630 2264 ipsorum
645 2181 678 2244 in
694 2177 900 2244 libertatibus
923 2199 982 2264 per
997 2200 1090 2264 reges
1107 2179 1152 2245 eis
1168 2200 1241 2245 con-

109 2285 207 2352 cessis
222 2307 288 2352 non
304 2289 452 2353 tenerent
477 2293 509 2353 et
532 2287 735 2372 privilegium
755 2287 921 2354 continens
944 2287 1128 2354 huiusmodi
1146 2288 1241 2354 liber-

108 2395 209 2459 tatem
224 2395 369 2478 ipsorum
394 2395 436 2461 ad
450 2396 641 2464 instanciam
658 2396 832 2463 eorundem
857 2397 1011 2463 hactenus
1027 2417 1092 2462 non
1108 2398 1238 2462 restitu-
1327 2482 1329 2487 s

107 2507 178 2567 tum
196 2503 257 2568 sibi
273 2502 367 2570 reddi
386 2505 611 2589 postularunt;
643 2526 780 2589 cumque
796 2504 920 2590 prefate
937 2503 1064 2570 domine
1090 2523 1240 2588 persona·

106 2610 183 2676 liter
214 2611 437 2696 consurgendo
468 2612 673 2698 priuilegium
714 2611 870 2698 Stephani
904 2612 990 2695 regis
1021 2611 1241 2679 exhibuissent

106 2739 217 2784 coram
256 2720 352 2787 nobis
393 2723 559 2788 continens
600 2721 818 2806 predictorum
848 2721 1015 2787 hominum
1045 2719 1239 2802 libertatem,

105 2848 165 2892 nos
197 2828 442 2911 requisivissent
467 2830 493 2895 si
521 2830 628 2914 ipsum
654 2828 859 2914 privilegium
883 2829 953 2914 ipse
978 2827 1105 2895 domine
1132 2831 1240 2894 tenere

106 2934 248 3001 debeant
263 2939 319 3002 aut
333 2937 457 3004 nobiles
473 2937 644 3023 prenotati,
660 2959 718 3004 nos
733 2958 871 3003 unacum
888 2937 1048 3004 iudicibus
1075 2941 1107 3003 at
1122 2939 1240 3004 iuratis

105 3043 138 3108 in
156 3045 412 3129 congregacione
427 3052 538 3114 nostra
553 3047 721 3114 nobiscum
733 3045 917 3112 sedentibus
928 3045 1100 3112 iudicando
1111 3047 1240 3112 admisi-

106 3174 189 3234 mus,
221 3152 308 3236 quod
333 3153 435 3238 ipsius
455 3155 615 3240 privilegii
640 3159 784 3220 tenorem
810 3153 869 3220 sub
894 3153 1003 3239 sigillo
1029 3155 1161 3240 capituli
1176 3154 1241 3224 Ve-

107 3259 311 3344 sprimiensis
327 3260 465 3328 debeant
489 3262 592 3328 iacere
609 3264 751 3328 emanari
777 3269 809 3328 et
825 3263 1073 3347 transscriptum
1099 3262 1240 3328 eiusdem

105 3369 189 3454 ipsis
204 3369 367 3436 nobilibus
391 3372 556 3456 assignare
572 3372 613 3438 ad
637 3373 780 3456 ipsorum
805 3370 989 3438 libertatem
1015 3370 1241 3454 denotandam,

105 3479 169 3544 hoo
210 3476 414 3563 adiicientes,
457 3480 542 3563 quod
585 3481 610 3545 si
654 3478 777 3564 prefate
816 3478 944 3545 domine
984 3477 1242 3544 sanctimoniales

105 3587 199 3670 ipsos
229 3607 382 3670 agravara
412 3588 446 3654 in
477 3587 682 3654 libertatibus
715 3589 857 3672 ipsorum
882 3587 1072 3669 niterentur,
1101 3587 1135 3652 in
1166 3607 1238 3651 oen-

106 3703 178 3760 tum
198 3695 316 3760 marcis
332 3697 484 3779 convicte,
500 3697 526 3762 si
542 3717 617 3763 vero
632 3697 693 3781 ipsi
709 3695 832 3763 nobiles
849 3695 982 3762 servicia
1006 3693 1068 3778 ipsi
1083 3697 1241 3759 monaste-

106 3805 158 3870 rio
175 3801 290 3868 debita
304 3802 490 3888 impendere
515 3825 581 3870 non
597 3807 750 3870 curarent
765 3802 815 3868 vel
831 3824 895 3869 non
910 3800 1031 3867 vellent
1045 3799 1193 3867 similiter
1208 3803 1241 3867 in

106 3916 242 3976 centum
253 3911 368 3976 marcis
379 3912 518 3977 convicti
526 3911 733 3994 haberentur,
743 3915 840 3995 prout
856 3931 888 3976 se
905 3908 946 3976 ad
955 3909 1018 3975 hoc
1027 3912 1138 3993 partes
1149 3931 1242 3994 spon-

105 4026 207 4085 tanea
222 4017 447 4102 obligaverunt
470 4019 644 4086 voluntate.
676 4019 799 4086 Datum
815 4021 932 4103 quarto
948 4018 1000 4084 die
1017 4017 1242 4102 congregacio·

105 4129 157 4194 nis
173 4131 288 4194 nostre
314 4132 346 4193 et
371 4127 442 4194 loco
466 4129 664 4214 prenotatis,
692 4149 776 4194 anno
801 4125 922 4193 domini
938 4123 1114 4192 Millesimo
1139 4123 1241 4192 0000

105 4232 247 4302 XXX⁰
264 4235 378 4336 primo.

220 4400 366 4465 Rczgonyi
397 4399 511 4466 (lydum
536 4399 671 4466 porsonyi
705 4397 871 4462 idispa'mualr
902 4411 935 4446 aa
965 4393 1089 4459 apriorati<
1121 4391 1245 4443 kerdsdre

109 4492 252 4543 nathan
277 4489 388 4540 kiadott
411 4489 572 4554 ttiratdbdl,
596 4491 671 4554 mely
695 4501 814 4554 megvan
839 4501 871 4537 az
896 4500 965 4535 orez.
991 4485 1024 4536 lt.
1050 4483 1150 4532 kincst.
1174 4487 1243 4532 oszt.

104 4581 176 4650 dipl.
190 4581 267 4632 latr:
283 4582 361 4632 2663.
374 4580 406 4632 V.
421 4584 446 4634 ὅ.
459 4578 540 4646 Fejdr
552 4579 570 4631 i.
583 4595 620 4630 rn.
634 4578 709 4630 VIII.
725 4583 748 4628 7.
764 4581 823 4628 2³2.
837 4577 856 4628 l.
869 4571 965 4626 Kdali:
986 4571 1096 4625 Κονίου
1109 4572 1143 4623 N.
