3152 5472
552 466 647 543 1332.
665 495 760 542 naeu.
778 479 805 542 9.
1178 467 1241 544 5'l9

103 652 339 744 possessionem
355 653 474 728 Scarus
502 664 534 725 et
549 658 691 745 Vysnow
715 666 845 728 vocatas
869 657 904 724 in
928 655 1085 734 comitatu
1116 655 1242 726 Guma-

104 769 203 834 riensi
221 769 351 835 habitas
376 769 572 854 populorum
592 768 803 835 multitudine
827 767 992 852 preditare
1020 773 1052 835 et
1076 767 1241 835 habitato-

104 877 194 944 ribus
225 877 380 944 deeorare
404 878 518 943 volunt
540 926 570 942 ..
597 877 625 942 si
650 877 760 942 eedem
786 877 1002 960 possessiones
1027 878 1170 961 ipsorum
1196 876 1243 943 di-

105 991 233 1052 ctorum
248 985 444 1070 populorum
461 985 669 1050 multitudine
686 985 833 1052 decorari
849 986 974 1070 possint
985 986 1242 1070 etipsaminten-

104 1095 231 1160 cionem
248 1117 339 1161 suam
356 1091 484 1160 effectui
508 1093 694 1178 mancipare
720 1094 874 1176 valerent,
900 1114 940 1158 ex
965 1097 1044 1160 tunc
1069 1093 1238 1159 libertates

103 1201 227 1267 eisdem
243 1202 372 1288 populis
389 1223 429 1268 ex
451 1202 613 1267 communi
629 1221 787 1266 consensu
803 1200 1027 1268 condonarent
1049 1205 1082 1266 et
1097 1201 1240 1284 assigna·

103 1317 177 1375 rent
194 1317 229 1376 et
245 1311 449 1376 ususfructus
466 1309 627 1374 dictorum
637 1309 845 1393 iobagionum
866 1310 1025 1394 equaliter
1034 1309 1241 1393 perciperent

103 1421 197 1484 iuxta
215 1418 405 1484 facultatem
424 1419 634 1500 iobagienum
649 1422 905 1501 prenotatorum‚
921 1418 983 1483 tali
998 1423 1108 1482 tamen
1118 1416 1240 1499 obliga-

103 1527 195 1592 cione
212 1527 394 1610 interiecta,
411 1526 543 1609 quodsi
560 1526 615 1609 qui
632 1526 774 1608 ipsorum
800 1526 904 1591 altero
931 1547 1041 1590 eornm
1066 1525 1239 1608 ignorante

104 1635 155 1698 rel
173 1633 417 1701 contradicente
433 1634 537 1698 dictos
553 1633 741 1716 iobagiones
759 1654 815 1698 seu
830 1633 974 1718 hospites
989 1635 1024 1698 in
1045 1635 1119 1718 plus
1144 1653 1239 1698 vexa·

103 1749 154 1808 ret
169 1749 231 1808 aut
246 1743 401 1808 maiorem
424 1743 595 1808 collect-arn
621 1762 718 1825 super
744 1741 863 1806 eisdem
889 1740 1114 1825 iobagionibus
1139 1762 1239 1826 quam

104 1851 292 1916 conveniret
308 1858 342 1916 et
358 1857 575 1935 opportunum
601 1849 764 1914 videretur
789 1851 915 1934 exigere
940 1850 1097 1914 niteretur
1122 1849 1240 1914 etheo

101 1959 186 2023 alter
202 1961 349 2043 ipsorum
366 1965 481 2024 contra
497 1959 636 2023 alterum
657 1959 723 2023 suis
748 1958 868 2050 vicinis·
886 1953 919 2022 et
944 1957 1174 2022 commetaneis
1199 1977 1238 2020 ae

100 2067 174 2131 aliis
200 2066 339 2132 testibus
356 2066 559 2132 evidentibus
576 2065 786 2150 comprobare
811 2071 920 2150 posset
947 2072 979 2130 et
1001 2065 1134 2147 valeret,
1160 2086 1238 2148 pars

99 2176 259 2258 premissa
274 2174 394 2240 faciens
411 2180 525 2240 contra
540 2180 666 2257 partem
682 2174 744 2239 hcc
760 2173 954 2238 tolerantem
980 2180 1012 2238 et
1038 2194 1103 2238 non
1119 2173 1236 2239 facien·

100 2291 166 2348 tem
183 2289 263 2348 ante
288 2284 357 2348 litis
382 2283 563 2367 ingressum
588 2284 621 2348 iu
647 2282 756 2348 decem
781 2283 899 2348 marcis
930 2283 1174 2348 convinceretur
1199 2305 1237 2350 eo

100 2393 195 2458 sactu.
213 2392 340 2458 Datum
355 2393 390 2457 in
407 2393 528 2457 oetavis
543 2391 789 2457 Purificacicnia
814 2393 948 2474 virginis
975 2393 1125 2476 gloriose,
1151 2414 1236 2458 anno

98 2501 223 2568 domiui
239 2500 295 2566 Μ0
310 2497 412 2566 0000
426 2499 557 2566 ΧΧΧ0
573 2499 722 2566 secundo.

210 2665 343 2715 Zarlatstn
358 2667 453 2730 pecstt
464 2665 624 2730 nyornaival
636 2681 642 2729 ;
656 2663 786 2728 credetije
800 2678 815 2712 a
829 2664 861 2714 N.
873 2663 1066 2726 Muzemnban,
1079 2679 1095 2714 a
1108 2663 1236 2728 Hamvay

97 2771 133 2805 cs.
147 2756 225 2806 lban.

590 2937 643 2944 ——.-.
667 2937 713 2942 ...-
741 2938 746 2942 .

632 3137 707 3199 492.

99 3299 198 3362 1332.
222 3297 492 3383 l⁷iseffrctd,sedr.'
503 3299 532 3362 9.
552 3297 578 3362 I.
597 3297 722 3382 Kciroly
739 3297 850 3381 kircily
860 3297 932 3361 elea
944 3297 1111 3360 Baldczai
1121 3295 1234 3381 qued

94 3405 228 3470 Milnild
244 3417 327 3472 saevit
351 3404 491 3491 Soaecffy
516 3407 700 3490 ccirmegym'
716 3405 857 3468 dirtokdt
885 3404 1143 3488 naga-Marione·
1167 3403 1234 3468 Pal

448 3514 702 3599 orszcgoecnaa
729 3513 887 3578 elcesaei.

204 3673 277 3741 Nos
302 3673 450 3740 Karolus
466 3723 473 3738 .
490 3725 497 3740 .
528 3696 586 3740 rex
602 3723 609 3740 .
626 3721 650 3760 ,Ι
665 3670 883 3758 significamus
900 3720 930 3738 ..
962 3671 1051 3754 quod
1074 3671 1231 3755 magistro

94 3781 217 3866 Egidio
233 3781 302 3847 filio
318 3780 411 3847 Petri
427 3782 467 3846 de
485 3780 706 3847 Bokclchaab
725 3803 791 3846 una
807 3787 909 3866 parte,
927 3785 960 3844 et
974 3776 1147 3862 magnifico
1163 3779 1232 3842 viro

94 3891 216 3957 comite
247 3889 355 3956 Paulo
386 3887 454 3956 filio
486 3887 627 3955 Simonis
658 3889 764 3954 iudice
797 3889 884 3953 curie
924 3892 1033 3952 nostre
1063 3893 1158 3970 parte
1190 3885 1232 3958 ab

93 4001 202 4065 altera
219 4050 226 4066 .
245 4047 252 4064 .
285 3997 478 4081 constitutis,
498 4019 557 4082 per
583 3995 720 4063 cundem
735 3997 928 4079 magistrum
943 3993 1101 4077 Egidium
1116 4014 1233 4078 propo-

96 4111 197 4174 situm
213 4109 369 4173 extitit..
402 4113 440 4172 ut
464 4107 532 4190 ipse
558 4093 726 4189 quandam
747 4104 981 4190 possessionem
1000 4123 1092 4168 suam
1107 4101 1233 4167 heredi-

92 4218 178 4282 tario
209 4217 291 4282 iuris
322 4216 419 4292 titulo
452 4215 560 4300 ipsum
593 4215 833 4297 contingentem
859 4210 999 4296 Myhald
1024 4216 1172 4276 vocamm
1197 4209 1231 4273 in

93 4325 253 4389 comitatu
279 4321 466 4405 Simigieusi
492 4324 682 4389 existentem
714 4371 744 4387 ..
777 4320 881 4386 eidem
907 4320 1017 4386 comiti
1043 4318 1149 4385 Paulo
1173 4339 1232 4402 pro

92 4433 294 4516 sexingentis
303 4431 459 4496 marcis..
476 4430 671 4496 vendidisset
681 4480 687 4494 .
699 4479 706 4494 .
718 4435 874 4514 perpetuo
885 4426 1112 4512 possidendam
1123 4433 1233 4490 tenen-

90 4540 169 4605 dam
187 4547 219 4604 et
236 4538 420 4604 habendam
437 4588 468 4604 ..
499 4537 647 4620 obligans
664 4559 697 4602 se
714 4588 720 4602 .
738 4587 745 4602 .
776 4545 814 4601 ut
830 4538 857 4601 si
877 4536 995 4619 aliquis
1020 4535 1071 4599 vel
1097 4534 1231 4616 quicun-

92 4669 157 4734 que
175 4648 283 4731 ipsum
302 4647 451 4712 comitem
467 4645 609 4710 Paulum
636 4645 685 4708 sel
712 4666 785 4708 suos
811 4643 945 4708 heredes
970 4647 1122 4724 pretextu
1147 4640 1232 4704 dicte

1061 4748 1122 4816 37*
