3154 5474
342 454 404 515 526
697 467 885 516 nurouucnr
903 455 1120 515 onnlnrrin.

340 629 564 697 nichilominus
589 629 735 696 volumus
751 637 788 697 ut
803 633 879 715 quia
893 632 987 697 litere
1002 630 1125 696 domini
1141 631 1227 716 regis
1241 630 1371 716 predicte
1391 649 1469 694 non

341 741 551 807 continebant
576 761 635 805 nec
659 741 869 808 nominabant
893 745 930 806 ut
945 760 1073 807 causam
1098 739 1314 824 predictorum
1328 739 1470 805 servien-

340 851 409 914 tum
424 847 524 932 ipsius
541 845 694 932 Gregorii
710 849 964 914 transmittamus
980 847 1006 913 si
1022 845 1119 913 iidem
1145 847 1178 912 in
1203 845 1470 913 101101000ονἱο-

341 955 433 1020 cendi
450 956 589 1021 existant
604 976 712 1040 necne,
730 955 840 1022 eodem
856 956 995 1021 termino
1012 954 1212 1020 decernatur.
1233 953 1351 1020 Datum
1363 953 1471 1019 Poso-

339 1064 394 1148 nii,
413 1063 554 1129 secundo
580 1064 632 1130 die
657 1065 787 1130 termini
812 1064 986 1150 antedicti,
1021 1085 1107 1130 anno
1133 1062 1256 1130 domini
1291 1061 1342 1126 111ο
1363 1057 1469 1128 000⁰

340 1170 470 1238 ΧΧΧ0
486 1173 599 1258 primo.

447 1337 579 1388 Zdrluttn
602 1337 696 1402 pecsdt
717 1337 816 1404 helye5
835 1335 967 1402 credet-lje
985 1353 1002 1388 a
1015 1337 1049 1388 N.
1063 1337 1259 1400 dimembrati,
1272 1351 1289 1385 s
1300 1333 1366 1385 bero
1376 1335 1471 1385 10000-

341 1426 396 1479 nan
409 1441 445 1481 cs.
465 1428 496 1481 lt.

826 1555 985 1566 ...a-.—

872 1717 947 1784 451.

343 1882 437 1947 1331.
454 1891 548 1948 mart.
564 1883 616 1947 27.
643 1882 674 1946 A
684 1883 804 1970 saepest
819 1881 976 1968 baptolaa
1003 1905 1024 1946 u
1040 1878 1209 1966 Mei-ridear]
1225 1877 1339 1944 caatcr'd
1353 1877 1431 1942 alra]
1446 1903 1468 1942 0

346 1986 449 2054 Tarra
473 1992 568 2078 laepye
593 1989 709 2054 mellett
738 1989 834 2072 fekod
867 1984 982 2054 Cetcna
1013 1999 1096 2055 ((0011
1126 1988 1287 2054 hierobal
1315 1986 1467 2051 lasa-ten

341 2108 395 2162 reu
419 2099 719 2185 arlomdnyozdsrril
734 2098 832 2178 azoto,
862 2097 1025 2162 mod-tan
1051 2101 1133 2162 urat
1157 2097 1308 2162 chloe-elei
1333 2095 1467 2180 rijubbon

849 2209 960 2291 citima.

448 2363 637 2452 Capitulum
662 2366 793 2433 ecclesie
808 2365 896 2432 besti
921 2363 1061 2432 Martini
1086 2362 1126 2430 de
1147 2361 1271 2449 Scepus
1288 2415 1320 2431 ..
1352 2364 1472 2447 signiti-

341 2495 448 2540 camus
463 2525 495 2542 ..
527 2475 615 2559 quod
630 2525 662 2541 ..
694 2473 896 2540 Menhsrdus
915 2472 1072 2560 plebanus
1098 2471 1138 2538 de
1157 2473 1235 2539 villa
1250 2471 1357 2540 Sueui
1384 2471 1471 2536 exhi-

340 2582 413 2648 buit
428 2582 521 2648 nobis
545 2581 671 2648 litteras
696 2587 822 2648 nostras
838 2579 1053 2668 privilegiales
1078 2585 1192 2665 petens
1208 2601 1266 2646 nos
1282 2587 1321 2646 ut
1346 2580 1472 2646 easdem

340 2689 380 2755 (10
396 2712 479 2757 novo
498 2690 557 2758 snb
572 2692 756 2758 testimonio
772 2691 875 2758 nostri
894 2689 993 2775 sigilli
1018 2687 1151 2755 rescribi
1168 2687 1358 2771 faceremus,
1382 2691 1472 2754 cuius

342 2799 472 2883 quidem
497 2799 658 2886 privilegii
683 2806 777 2866 tenor
812 2799 887 2865 talis
919 2803 983 2864 est:
1010 2795 1198 2881 Capitulum
1226 2797 1358 2863 ecclesie
1389 2798 1474 2862 beati
1575 2827 1576 2850 1

340 2907 479 2974 Martini
510 2907 550 2973 (10
584 2906 707 2994 Scepus
751 2907 968 2991 significamus
994 2957 1025 2972 ..
1066 2906 1154 2991 quod
1197 2905 1390 2972 accedentes
1434 2905 1475 2970 ad

341 3020 483 3082 nostram
498 3017 698 3101 presenciam
725 3015 842 3082 nobilis
868 3014 1000 3100 quidam
1017 3012 1173 3080 Nicolaus
1196 3013 1284 3080 filius
1309 3013 1473 3098 quondam

341 3124 466 3190 comitis
497 3123 594 3190 Botiz
626 3129 659 3190 et
683 3124 853 3191 «Iohannes
888 3123 988 3189 frater
1022 3123 1165 3190 eiusdem
1199 3121 1305 3208 Botyz
1336 3123 1377 3188 ab
1410 3142 1476 3188 una

341 3238 441 3316 parte,
465 3231 666 3299 Menhsrdus
691 3232 847 3317 plebanus
864 3230 904 3297 de
928 3230 1003 3296 villa
1026 3230 1130 3314 Botiz,
1154 3229 1326 3296 «Iohannes
1350 3229 1476 3297 Conra—
1574 3245 1575 3284 t

341 3339 401 3406 dus
427 3345 459 3406 et
483 3339 668 3426 Stephanus
693 3341 811 3408 fratres
843 3339 986 3407 eiusdem
1019 3340 1148 3425 plebani
1180 3338 1221 3405 ab
1253 3339 1364 3421 altera,
1388 3339 1475 3406 idem

342 3447 544 3516 Menhsrdus
560 3452 717 3537 plebanus
743 3457 776 3517 et
800 3449 917 3517 fratres
942 3450 992 3517 sui
1016 3449 1173 3516 antedicti
1198 3448 1352 3535 quasdam
1384 3449 1474 3515 litte·

340 3579 393 3624 ras
418 3563 546 3625 nostras
572 3559 632 3627 sub
656 3559 764 3643 sigillo
781 3565 892 3626 nostro
918 3581 999 3627 novo
1025 3563 1196 3625 renovatas
1220 3579 1318 3643 super
1336 3558 1476 3642 quadam

340 3665 523 3732 hereditate
539 3665 662 3735 Cetena
677 3668 958 3734 vocatasitainter
973 3665 1083 3734 villam
1098 3665 1208 3752 Vylka
1224 3671 1258 3732 et
1272 3673 1398 3733 montes
1417 3669 1476 3752 qui
1573 3671 1574 3674 ’

342 3773 501 3862 Thortvyl
527 3777 744 3862 nominantur,
768 3799 866 3861 quam
892 3776 1073 3860 sepedictus
1088 3775 1293 3844 Menhsrdus
1317 3777 1476 3862 plebanus

342 3883 588 3951 cumfratribus
604 3888 670 3951 suis
686 3885 857 3952 antedictis
884 3885 980 3970 pleno
997 3887 1067 3952 iure
1082 3884 1247 3970 possidere
1264 3885 1476 3952 dinoscuntur

341 3992 436 4058 nobis
463 3992 679 4059 exhibuerunt
695 4000 834 4078 utraque
859 3995 1007 4078 parcium
1023 4015 1150 4060 summa
1164 3993 1335 4078 peticionis
1350 3994 1475 4060 instan-
1572 4033 1573 4038 κ

342 4101 393 4166 eia
408 4102 611 4185 postulantes
627 4102 753 4168 easdem
769 4124 790 4169 a
805 4102 898 4168 nobis
914 4101 1019 4168 denuo
1036 4102 1236 4186 confirmare,
1252 4123 1389 4186 quarum
1406 4103 1477 4185 qui-

343 4208 415 4274 dem
431 4211 615 4277 litterarum
631 4215 724 4277 tenor
749 4209 822 4276 talis
847 4209 1117 4297 est:.Oapitulum
1135 4212 1266 4277 ecclesie
1281 4211 1368 4276 beati
1387 4209 1478 4276 Mar·

342 4319 402 4384 tini
437 4319 476 4385 de
508 4319 630 4405 Scepus
661 4318 696 4404 (l.
728 4321 831 4386 ennek
863 4321 1027 4387 1292-ben
1061 4319 1129 4386 helt
1162 4319 1337 4386 okleveltt:
1369 4317 1476 4386 Hanni

343 4424 554 4514 Olimtnytan
585 4429 666 4498 VII.
696 4434 771 4496 226.
803 4427 872 4515 lap)
898 4429 1044 4496 Predicti
1070 4451 1144 4496 vero
1169 4428 1294 4495 nobiles
1318 4426 1476 4494 Nicolaus
1571 4433 1572 4458 ³

341 4536 428 4603 filius
452 4539 557 4624 Botyz
584 4543 616 4603 et
640 4538 809 4605 Johannes
834 4543 972 4623 patruus
996 4539 1098 4624 ipsius
1124 4541 1356 4622 assumserunt,
1388 4537 1475 4622 qnod

342 4647 404 4729 ipsi
421 4668 493 4712 cum
515 4667 625 4712 corum
654 4647 823 4714 heredibus
849 4646 1029 4731 sepedictus
1053 4645 1272 4712 Menhsrdum
1297 4645 1475 4731 plebanum
