3240 5460
592 478 685 539 1322.
705 496 773 540 suu.
795 480 819 538 l.

680 780 736 846 24.

139 947 236 1009 1322.
253 943 496 1032 Nopy-Vrirad,
521 943 580 1027 jol.
608 945 636 1008 1.
653 941 785 1008 locata
807 947 1030 1032 copy-odradi
1050 947 1180 1033 pitspbir
1202 945 1275 1011 Toa'

138 1063 220 1119 nevit
237 1053 342 1119 birtolo
357 1053 484 1120 re‘szbea
501 1051 678 1117 Beoozcncz
694 1057 838 1140 bevopyit
857 1054 974 1120 hirtae
999 1056 1176 1142 bieltpito‘se
1187 1055 1272 1144 foja-

573 1161 629 1224 beo
645 1162 839 1246 meqerr'isa'ti.

246 1353 253 1368 .
270 1353 277 1370 .
293 1301 448 1370 Johanca
456 1303 667 1368 miseracione
685 1301 794 1368 divina
810 1303 981 1388 spiscopus
997 1303 1223 1372 Waradionsis
1240 1357 1247 1372 .
1264 1355 1271 1372 .

136 1411 179 1477 ad
195 1411 418 1478 universorum
428 1411 551 1478 noticia
566 1411 716 1476 mharum
735 1411 923 1476 litterarum
939 1413 1020 1478 serie
1036 1415 1184 1480 volumus
1201 1435 1271 1499 per-

137 1521 256 1604 venire,
273 1520 360 1605 quod
376 1542 449 1586 cum
458 1519 576 1585 nobilis
593 1519 724 1585 domina
734 1521 853 1586 relicta
868 1520 1047 1588 Bencencii
1062 1521 1132 1588 filia
1147 1523 1273 1588 scilicet

136 1626 270 1694 Nicolai
285 1627 345 1692 filii
359 1627 470 1711 Mola,
488 1629 539 1694 oui
554 1628 709 1711 magister
723 1625 880 1694 Nicolaus
895 1628 983 1695 filius
993 1626 1072 1695 Aba
1087 1631 1272 1696 rioeoastel-

136 1737 232 1802 lanus
248 1735 288 1800 de
304 1734 476 1822 Kyruszeg
491 1736 692 1820 propinquus
709 1737 851 1802 eiusdem
867 1738 982 1820 astitit,
998 1739 1125 1804 nobiles
1140 1741 1272 1804 iuvenes

136 1843 163 1910 J
164 1844 334 1927 ohannem,
358 1843 503 1928 Petrum,
528 1843 710 1910 Martinam
737 1851 771 1909 et
786 1845 813 1910 J
813 1846 951 1912 acobum
967 1846 1052 1913 filios
1067 1849 1169 1932 ipsius
1185 1847 1271 1913 Beu-

137 1953 240 2018 oenoii
265 1975 286 2017 a
309 1953 418 2036 priore
442 1974 542 2018 uxore
568 1973 626 2018 sua
649 1952 711 2018 sibi
728 1953 853 2035 genitos
868 1954 997 2020 racione
1014 1955 1098 2021 (lotis
1115 1963 1147 2021 et
1163 1977 1271 2021 rerum

135 2059 392 2146 parafernalium
408 2083 538 2126 suarum
554 2062 598 2128 ad
621 2067 766 2148 nostram
791 2061 936 2144 legitime
954 2069 1119 2129 evocasset
1141 2085 1271 2149 presen-

137 2170 230 2250 ciam,
247 2168 379 2233 tandem
395 2168 542 2252 partibus
572 2170 607 2234 in
629 2170 732 2234 nostri
757 2171 925 2252 presencia
950 2173 1135 2238 constitutis
1158 2174 1270 2238 iidem-

137 2299 201 2362 que
216 2276 275 2342 filii
291 2275 466 2343 Bencencii
482 2284 749 2362 recognoscentes
766 2300 838 2344 oum
854 2279 1009 2362 predictis
1025 2279 1101 2345 dote
1126 2286 1159 2347 et
1174 2283 1271 2347 rebus

133 2386 398 2470 parafernalibus
422 2385 525 2451 eidem
551 2387 679 2453 domine
704 2409 839 2454 noverca
864 2410 975 2454 eorum
992 2410 1024 2454 se
1040 2391 1152 2472 teneri,
1169 2412 1270 2473 quan·

135 2496 213 2561 dam
238 2501 360 2560 terram
386 2517 442 2560 seu
466 2497 700 2580 possessionem
715 2518 826 2562 eorum
849 2519 985 2563 vacuam
1000 2503 1033 2562 et
1049 2498 1090 2563 ab
1106 2498 1270 2564 habitato·

133 2603 227 2668 ribus
243 2603 436 2668 destitutam
452 2603 538 2688 Toty
553 2609 712 2686 vocatam,
729 2605 763 2670 in
781 2626 846 2688 qua
873 2611 923 2671 est
938 2607 1075 2672 ecclesia
1090 2607 1221 2690 lapidea
1237 2609 1271 2672 in

134 2711 261 2779 honore
287 2713 392 2778 sancti
416 2711 578 2777 Demetrii
601 2713 744 2779 martiris
761 2719 957 2798 constructa,
973 2716 1007 2780 in
1022 2716 1190 2781 vicinitate
1206 2721 1270 2780 ter·

133 2842 248 2887 rarum
273 2840 331 2886 seu
354 2821 591 2905 possessionum
609 2819 757 2906 Wosyan
782 2843 845 2907 que
861 2828 910 2888 est
926 2823 1112 2889 eorumdem
1128 2823 1270 2889 filiorum

133 2930 320 3014 Benconoii,
329 2933 409 2995 item
424 2929 579 2995 Humrulr
595 2953 657 3014 qus
675 2937 723 2995 est
739 2932 889 3014 magistri
905 2930 1086 3016 Myobaelis
1102 2929 1162 2997 filii
1178 2931 1269 2996 Mar·

132 3041 198 3105 tini
208 3044 241 3105 et
256 3047 344 3105 terre
358 3039 453 3104 Petri
462 3037 575 3103 fratris
586 3036 692 3124 Gyolr‚
702 3060 741 3104 ac
751 3038 856 3104 Zakal
874 3060 937 3123 que
955 3045 1003 3104 est
1020 3041 1169 3105 similiter
1184 3041 1268 3124 ipso-

132 3170 209 3213 rum
225 3145 366 3213 filiorum
385 3146 569 3230 Bencennfi,
587 3152 620 3212 et
644 3146 745 3212 Koda
771 3169 833 3232 que
859 3154 909 3213 est
928 3149 1070 3214 eiusdem
1093 3148 1186 3213 Petri
1201 3149 1265 3214 fra-

132 3257 199 3322 tris
217 3253 323 3339 Gyolc
341 3256 541 3339 existentem,
557 3254 718 3321 dederunt
733 3256 944 3322 tradiderunt
961 3263 994 3322 et
1010 3257 1218 3341 assignarunt
1233 3257 1268 3321 in

131 3366 241 3432 nostri
266 3365 433 3449 presencia
458 3363 583 3449 prefate
609 3365 736 3431 domine
760 3388 820 3450 pro
845 3367 923 3450 ipsis
948 3366 1024 3432 dote
1042 3371 1074 3432 et
1089 3365 1186 3431 robus
1201 3367 1267 3432 suis

130 3474 397 3560 parafernalibus
422 3481 579 3560 perpetuo
607 3476 704 3560 pleno
732 3476 802 3540 iure
818 3526 825 3540 .
841 3526 858 3559 .,
875 3476 917 3542 ad
943 3477 1033 3542 ouius
1050 3477 1266 3542 statuoionem

130 3604 209 3650 cum
233 3603 292 3647 nos
317 3581 360 3646 ad
384 3582 578 3647 instanciam
605 3587 638 3647 et
656 3583 851 3667 peticionem
866 3583 1071 3669 prefatorum
1087 3583 1214 3650 domine
1234 3589 1267 3650 et

129 3689 268 3758 Nicolai
284 3687 344 3754 filii
354 3685 432 3754 Aba
442 3690 528 3755 viros
548 3689 705 3756 discretos
721 3697 754 3756 ot
763 3691 914 3758 honestos
931 3693 1127 3776 magistrum
1143 3693 1268 3757 scilicet

129 3797 320 3864 Martinam
345 3799 468 3863 socium
495 3803 529 3863 ot
546 3797 680 3863 fratrem
691 3803 840 3865 nostrum
857 3799 892 3864 in
908 3796 1042 3865 Christo
1059 3799 1267 3864 karissimum

131 3906 272 3974 ecclesie
299 3910 410 3971 nostre
445 3907 637 3972 canonicum
665 3913 698 3973 et
723 3909 872 3974 comitem
907 3906 1136 3974 Sebastianum
1161 3906 1266 3972 filium

129 4010 203 4098 6.(
204 4063 329 4080 ......
331 4011 344 4099 )
362 4009 533 4079 officialem
543 4020 690 4079 nostrum
701 4014 741 4080 de
756 4015 892 4080 Feultot
906 4016 976 4080 iure
992 4013 1145 4080 suadente
1161 4015 1264 4080 misis-

128 4144 252 4208 somus,
261 4121 359 4188 iidem
369 4121 412 4188 ad
426 4143 486 4188 nos
495 4124 615 4188 reversi
631 4125 699 4188 vive
709 4124 797 4190 vocis
814 4123 958 4207 orologio
970 4120 1052 4208 (igy)
1064 4121 1267 4188 concorditer

130 4233 330 4314 retulerunt,
342 4231 428 4315 quod
437 4233 500 4315 ipsi
510 4232 543 4296 in
563 4230 724 4297 dominica
734 4232 883 4316 proxima
893 4237 971 4297 ante
986 4230 1266 4297 festumnatirita-

127 4341 174 4408 tis
186 4341 293 4406 sancti
302 4339 328 4406 J
329 4339 465 4406 ohannis
475 4339 626 4424 Baptista
641 4341 803 4406 infaciem
818 4340 964 4426 predicte
975 4345 1061 4406 terre
1071 4341 1263 4406 accedentes

130 4449 322 4516 convocatis
347 4448 540 4532 propinquis
565 4455 599 4513 ot
623 4450 770 4534 cognatis
785 4450 1006 4534 predictorum
1021 4447 1164 4515 filiorum
1180 4447 1266 4515 Ben-

131 4557 241 4622 cencii
257 4563 289 4622 et
304 4557 418 4623 vioinis
450 4578 488 4623 ao
515 4559 744 4624 commetaneis
768 4558 912 4625 eiusdem
927 4563 1024 4642 terre,
1041 4579 1114 4624 cum
1131 4557 1266 4624 eandem

125 4665 196 4754 ipsi
221 4663 350 4732 domine
366 4665 461 4733 modo
478 4687 536 4750 per
552 4669 660 4734 omnia
675 4669 832 4754 premisso
857 4666 1123 4755 permittentibus
1139 4674 1172 4734 et
1191 4688 1265 4733 oon·
