3132 5470
352 489 415 549 346
714 502 901 549 surounoru
918 487 1134 548 6111111111.

351 665 512 749 quondam
539 665 632 732 Petri
647 665 706 730 filii
722 664 819 730 Pauli
837 662 876 728 de
892 662 1007 731 Veteri
1023 662 1120 728 Buda
1135 661 1177 729 ab
1203 685 1269 729 una
1293 669 1382 748 parte
1396 665 1460 730 item

351 773 495 840 Michael
525 773 611 840 filius
643 772 774 840 Ohekce
799 773 839 838 de
865 772 976 838 eadem
1007 775 1135 838 astante
1152 772 1214 838 sibi
1231 773 1359 838 domina
1374 773 1459 841 Sebee

351 906 450 948 uxore
466 905 526 948 sua
542 883 583 948 ab
600 884 706 948 altera
722 903 832 948 coram
848 882 942 947 nobis
958 931 965 946 .
984 932 990 945 .
1009 882 1179 947 constituti
1210 903 1271 966 per
1287 871 1406 948 eosdem
1420 907 1460 948 re

351 993 453 1057 latum
471 1043 477 1056 .
495 1043 502 1058 .
519 993 630 1058 extitit
647 1044 653 1058 .
671 1043 677 1057 .
695 999 731 1057 ut
747 994 782 1057 in
798 993 1058 1076 vineis'ipsorum
1074 991 1141 1055 tale
1161 979 1382 1058 concambium
1391 994 1460 1057 inter

352 1122 385 1165 se
401 1099 553 1164 fecissent
570 1151 576 1164 .
594 1151 600 1164 .
617 1099 704 1183 quod
730 1099 878 1184 predicta
903 1089 1036 1164 domina
1061 1095 1226 1182 Mangych
1243 1101 1367 1164 vineam
1383 1109 1458 1166 suani

352 1259 358 1273 .
375 1227 438 1272 ,611
449 1229 605 1273 consensu
621 1208 790 1273 Francisci
807 1213 841 1272 et
856 1201 988 1272 Nicolai
1003 1205 1145 1272 filiorum
1155 1229 1286 1272 suorum
1299 1229 1336 1274 ao
1350 1207 1457 1274 161161-

353 1317 403 1380 nis
420 1317 528 1400 sponsi
546 1315 688 1381 eiusdem
720 1317 754 1380 in
769 1315 936 1381 territorio
961 1315 1107 1380 Budensi
1132 1315 1288 1382 Elenmal
1314 1325 1419 1384 vocato
1432 1321 1458 1384 in

352 1425 575 1491 vicinitatibus
591 1426 758 1490 vinearum
774 1422 929 1490 Albrehti
946 1424 1025 1490 dicti
1050 1425 1160 1507 magni
1186 1430 1220 1490 et
1243 1410 1398 1492 Demetrii
1413 1425 1459 1491 filii

352 1533 501 1618 Wylmos
526 1535 644 1600 civium
669 1535 708 1600 de
725 1539 832 1600 castro
849 1527 1255 1599 Budensiaoviridisoreti
1271 1535 1360 1602 Petri
1376 1558 1461 1620 qnon-

351 1643 426 1708 dam
443 1641 556 1708 deceni
572 1645 651 1710 sooii
669 1651 701 1708 et
718 1643 927 1709 concanonici
944 1643 1046 1707 nostri
1064 1641 1255 1707 existentem
1272 1665 1344 1708 cum
1359 1693 1365 1708 .
1381 1644 1460 1708 ,1616

351 1752 524 1817 torcularis
541 1752 593 1816 via
610 1757 643 1816 et
670 1751 742 1816 aliis
774 1751 958 1815 attinenciis
989 1749 1132 1815 eiusdem
1157 1751 1345 1816 tradidisset
1360 1802 1366 1815 .
1382 1802 1388 1816 .
1402 1773 1461 1836 pre-

352 1860 439 1925 dicto
456 1859 612 1925 Michaeli
628 1858 695 1924 filio
712 1857 842 1926 Ohekee
859 1865 891 1924 et
908 1859 1036 1924 domine
1053 1848 1157 1924 Sebee
1173 1850 1317 1925 conserti
1334 1859 1458 1925 eiusdem

352 2017 382 2033 ..
398 1968 555 2052 perpetuo
572 2018 579 2034 .
595 2019 601 2033 .
618 1965 894 2052 possidendam..
912 1989 929 2032 e
946 1988 1105 2033 converso
1131 1987 1205 2035 vero
1232 1969 1319 2034 idem
1334 1969 1459 2034 Michael

353 2083 386 2142 et
410 2078 541 2142 domina
570 2077 671 2146 Sebee
698 2099 829 2144 consors
854 2099 913 2144 sue
938 2078 971 2142 in
996 2076 1244 2144 concambium.
1261 2127 1269 2142 .
1286 2078 1459 2143 dictevinee

352 2186 471 2252 eisdem
486 2186 607 2251 tradite
631 2187 756 2251 11116611
771 2181 916 2270 ipsorum
931 2186 965 2250 iu
981 2185 1147 2250 territorio
1178 2184 1358 2250 Feneumal
1373 2187 1458 2249 nomi·

353 2299 435 2360 neto
461 2295 494 2358 in
520 2294 685 2359 vicinitate
710 2295 802 2358 vinee
820 2291 932 2359 ¹[Zente
958 2289 998 2360 de
1023 2291 1138 2361 Veteri
1153 2291 1250 2358 Buda
1267 2299 1300 2358 et
1315 2292 1460 2359 Dominici

351 2403 524 2487 presbiteri
557 2403 635 2468 socii
666 2407 699 2467 et
725 2404 936 2468 concanonici
967 2402 1072 2467 nostri
1097 2423 1136 2466 ac
1161 2399 1187 2465 J
1188 2401 1326 2467 ohannis
1343 2401 1414 2467 dicti
1428 2401 1458 2466 de

352 2510 468 2576 Katha
484 2509 595 2576 fratris
611 2511 660 2576 sui
676 2531 801 2576 necnon
833 2509 975 2577 Fabiani
989 2507 1049 2574 filii
1076 2507 1170 2574 Bcud
1194 2509 1344 2576 habitam
1359 2562 1365 2576 .
1381 2563 1387 2576 .
1402 2522 1458 2575 cun

352 2621 422 2684 loeo
440 2619 565 2684 scilicet
581 2619 754 2684 torcularis
780 2619 832 2683 via
851 2623 884 2683 et
910 2618 982 2683 aliis
1008 2617 1214 2700 pertinenciis
1240 2618 1326 2684 dicte
1343 2610 1423 2684 vinee
1436 2669 1459 2681 ..

359 2729 547 2794 dedissent.
565 2779 571 2793 .
589 2728 750 2812 sepedicto
785 2727 914 2794 domine
938 2727 1104 2811 Mangych
1121 2779 1128 2793 .
1145 2779 1151 2792 .
1168 2729 1238 2792 iure
1263 2730 1458 2813 personali..

352 2835 578 2921 possidendam
595 2887 601 2902 .
618 2887 625 2901 .
642 2841 674 2901 et
699 2839 776 2919 quia
791 2837 885 2900 vinea
902 2836 987 2902 dicte
1019 2836 1147 2901 domine
1163 2833 1328 2922 Mangyeh
1354 2840 1384 2902 in
1399 2859 1458 2902 con·

353 2945 514 3010 cambium
532 2945 803 3011 traditamaioris
820 2945 920 3029 precii
937 2939 1128 3009 sauvalonis
1159 2936 1290 3029 reperta
1319 2947 1457 3010 extitisset
1541 2949 1542 2952 ’

352 3054 515 3138 predictus
531 3053 676 3118 Michael
693 3060 726 3118 et
743 3054 873 3118 domina
900 3051 1002 3118 Sebee
1020 3073 1150 3118 consors
1166 3053 1310 3120 eiusdem
1326 3054 1403 3119 dicte
1417 3051 1460 3114 do·

353 3165 438 3228 mine
455 3162 621 3247 Mangych
638 3162 936 3246 superaddidissent
953 3161 1065 3226 decem
1081 3181 1208 3227 marcas
1225 3185 1401 3246 grossorum
1419 3161 1461 3224 de·
1540 3227 1541 3236 χ

352 3272 516 3336 uariorum
533 3321 539 3335 .
557 3321 564 3336 .
581 3271 673 3334 nulla
698 3271 828 3356 penitus
846 3269 1073 3335 iurisdiccione
1106 3271 1251 3353 quelibet
1276 3274 1412 3356 parcium
1432 3269 1459 3332 iu
1540 3263 1541 3296 r

352 3403 410 3445 sua
425 3382 518 3445 vinea
533 3379 628 3444 modo
645 3380 802 3462 premisso
819 3380 853 3443 in
870 3373 1096 3444 concambium
1113 3373 1238 3445 tradita
1256 3402 1316 3465 pro
1333 3402 1364 3445 se
1379 3399 1460 3442 reser-

351 3487 455 3553 vando
472 3539 478 3553 .
497 3539 503 3553 .
520 3487 645 3552 Datum
661 3509 718 3570 per
735 3509 850 3552 mainus
866 3489 1016 3570 magistri
1033 3485 1183 3552 Ladislai
1201 3487 1333 3553 lectoris
1349 3485 1460 3551 ecclesie

350 3601 468 3678 nostre,
484 3597 517 3661 in
533 3597 616 3661 sesto
632 3596 728 3660 beate
744 3595 878 3680 Agathe
896 3595 1037 3679 virginis,
1056 3617 1143 3661 anno
1161 3595 1284 3662 domini
1309 3595 1363 3660 M⁰
1375 3590 1463 3660 000⁰
1539 3629 1540 3636 1

351 3703 444 3769 XX⁰
459 3709 581 3787 octavo,
592 3705 747 3788 magistro
760 3703 859 3769 Petro
871 3708 1012 3786 cantore,
1029 3703 1054 3769 J
1055 3703 1156 3768 acobo
1169 3705 1313 3786 custode,
1329 3701 1460 3768 Paeonios

310 3841 315 3850 ·
351 3815 453 3878 Petro
472 3813 635 3896 quondam
667 3812 796 3896 decano,
827 3811 928 3877 Petro
955 3810 1087 3896 Syknln,
1115 3810 1298 3895 Dominico‚
1322 3809 1456 3876 Johanne

351 3921 547 4006 presbiteris,
564 3920 590 3986 J
592 3922 719 3986 ohanne
736 3927 769 3986 et
785 3921 888 3984 altero
905 3918 930 3984 J
932 3920 1068 4002 ohanne,
1087 3917 1271 3984 Laurencio
1289 3918 1394 3998 Crisia,
1408 3913 1457 3978 Ja·
1538 3913 1539 3926 ¹

349 4032 432 4097 cobo
450 4031 613 4114 magistris
631 4031 813 4113 ceterisque
829 4029 994 4096 canonicis
1010 4029 1130 4112 iugiter
1162 4027 1223 4092 deo
1240 4024 1459 4094 famulantibus.
1474 4025 1478 4034 '

352 4249 360 4258 W
372 4225 392 4268 -⁵
453 4193 519 4243 Albi
533 4195 602 4243 i'e'tli'rl
617 4195 909 4257 cyr·ographu1nmat,s
931 4193 1017 4255 fdggd
1032 4191 1180 4255 pecsette13
1207 4185 1455 4258 6161161136616111.

363 4289 383 4334 t⁴
398 4273 663 4340 11111611.6111.’Μ611.
676 4283 709 4332 V.
724 4283 793 4332 Buri.
805 4286 884 4333 2112.
896 4281 963 4346 dipl.
978 4282 1049 4332 lter:
1065 4284 1142 4332 2486.
1156 4282 1253 4332 Kozli:
1268 4282 1364 4332 Vincze
1374 4278 1460 4329 usbon
1537 4259 1538 4314 i

846 4534 997 4542 ——--·---
