3112 5466
537 463 632 524 1327.
647 479 719 524 Μ.
736 462 787 522 28.
1166 465 1228 525 271

100 638 212 724 nendo,
240 639 328 724 qnod
344 638 510 724 predictus
533 637 730 722 Lampertus
755 659 827 704 cum
855 636 930 703 filiis
961 639 1028 704 suis
1060 639 1232 704 antedictis

98 751 329 832 possessionem
345 769 438 814 suam
453 747 612 832 Eldvelge
627 753 775 813 vocatam
799 749 834 813 in
851 749 1008 814 comitatu
1019 745 1230 814 Gumuriensi

98 857 130 922 in
145 860 347 943 possessione
362 857 609 940 Hangunuulge
625 856 771 922 habitam
788 879 808 920 a
824 858 932 941 spacio
944 857 1053 922 desem
1073 879 1231 924 annorum

100 969 326 1049 potencialiter
353 965 570 1032 detinuissent
595 971 628 1030 et
652 966 686 1030 in
702 965 765 1030 hoc
780 965 842 1030 sibi
862 965 998 1049 singulis
1023 967 1116 1030 annis
1142 966 1231 1031 dam·

96 1096 170 1141 num
198 1077 233 1141 in
258 1075 469 1161 percepcione
485 1073 673 1140 utilitatum
699 1072 843 1138 eiusdem
873 1074 1084 1158 possessionis
1115 1073 1226 1140 decem

95 1204 278 1248 marcarum
294 1184 488 1266 intulissent,
504 1181 668 1266 predictus
693 1181 890 1266 Lampertus
905 1203 965 1266 pro
981 1203 1014 1247 se
1031 1187 1065 1246 et
1080 1204 1139 1266 pro
1155 1204 1226 1266 pre·

97 1291 190 1357 dictis
205 1290 282 1358 filiis
298 1291 364 1358 suis
380 1299 418 1357 ut
433 1291 637 1376 premittitur
652 1290 813 1373 legittime
836 1289 973 1356 astando
990 1289 1158 1376 respondit
1174 1313 1227 1356 ex·

97 1399 241 1485 adverso,
259 1400 348 1485 quod
363 1400 545 1485 predictam
560 1399 795 1483 possessionem
805 1399 943 1484 predicti
958 1397 1071 1484 Egidii
1086 1422 1107 1465 a
1122 1401 1230 1485 spacio

95 1506 202 1572 decem
219 1529 378 1574 annorum
394 1507 621 1592 potencialiter
636 1527 701 1572 non
725 1507 921 1591 percepisset
944 1527 1005 1574 nec
1030 1508 1063 1572 in
1087 1507 1149 1574 hoc
1165 1509 1226 1574 sibi

98 1615 252 1682 damnum
283 1617 393 1683 decem
419 1635 603 1682 marcarum
634 1616 771 1699 singulis
805 1615 899 1680 annis
929 1615 1094 1680 intulisset
1125 1638 1230 1702 neque

102 1723 213 1789 eadem
229 1726 388 1809 possessio
404 1731 489 1790 esset
505 1723 593 1807 apud
609 1745 683 1790 eum
699 1729 732 1789 et
747 1722 832 1790 filios
860 1745 935 1789 suos
960 1731 1164 1810 memoratos,
1180 1747 1228 1790 re-

97 1832 227 1915 signans
244 1833 379 1898 candem
395 1833 628 1916 possessionem
644 1831 731 1897 idem
748 1831 945 1916 Lampertus
962 1853 1001 1896 ex
1017 1839 1110 1916 parte
1126 1835 1176 1898 sui
1193 1840 1225 1898 et

98 1937 234 2004 filiorum
253 1962 384 2006 suorum
399 1939 620 2024 predictorum
639 1941 759 2024 Egidio
785 1945 964 2006 memorato
989 1941 1228 2024 possidendam.

97 2046 221 2112 Datum
238 2048 273 2112 in
288 2047 417 2131 Wysul,
433 2047 467 2112 in
484 2049 606 2114 octavis
623 2047 882 2132 Epiphaniarum
899 2047 1030 2133 domini,
1046 2071 1132 2115 anno
1148 2052 1230 2116 eius-

95 2155 165 2220 dem
181 2154 238 2220 Μο
254 2153 356 2223 0000
371 2154 463 2220 XX⁰
479 2157 626 2239 septimo.

200 2319 355 2384 Hdtlapjdn
368 2321 460 2383 pecse't
471 2320 646 2384 nyomaiva13
667 2305 795 2386 eredetije
808 2337 825 2370 a
836 2323 869 2370 N.
883 2321 1076 2384 Munernnbau,
1091 2338 1107 2372 a
1129 2323 1229 2390 Kallay

95 2423 129 2459 cs.
142 2410 282 2459 ltartban.
294 2410 392 2459 Kozli:
407 2409 530 2475 Taganyi
544 2409 577 2460 K.

582 2591 740 2600 ———

621 2810 696 2872 250.

95 2971 189 3035 1327.
208 2970 386 3056 Aoipaoae,
395 2974 470 3056 jan.
487 2923 538 3035 2d.
566 2971 677 3036 XXII.
703 2971 810 3037 Jonos
831 2977 923 3058 pcipe
939 2997 960 3037 o
976 2976 1225 3060 rnaryit-szipeti

272 3079 451 3164 apdozdkot
466 3081 538 3164 rc'9i
553 3079 838 3166 kiodltso'qoilcdoa
855 3083 1045 3166 streperb'siti.

198 3239 369 3305 Johannes
400 3239 569 3323 episcopus
601 3260 712 3304 servus
743 3261 908 3306 servorum
939 3242 1000 3326 dei,
1032 3243 1159 3309 dilectis
1190 3243 1223 3307 in

94 3342 223 3410 Christo
240 3344 370 3410 filiabus
386 3347 539 3430 priorisse
556 3351 589 3411 et
605 3349 774 3422 conventui
790 3351 978 3415 monasterii
995 3356 1106 3416 sancte
1116 3351 1224 3416 Ma1ie

92 3453 129 3516 de
139 3453 256 3519 Insula
271 3452 418 3518 Danubii
433 3474 492 3538 per
507 3455 694 3537 priorissam
710 3457 797 3522 soliti
813 3456 988 3540 gubernari
1012 3459 1135 3524 ordinis
1150 3481 1222 3526 san·

93 3561 133 3625 cti
150 3559 333 3646 Augustini
350 3561 525 3626 secundum
542 3563 693 3629 instituta
710 3570 742 3628 et
759 3565 818 3630 sub
835 3587 913 3632 cura
936 3566 1059 3633 ordinis
1085 3566 1224 3634 fratrum

92 3669 334 3752 predicatorum
348 3671 529 3736 viventibus
546 3670 753 3755 quibuslicet
769 3674 889 3740 habere
905 3675 1075 3760 proprium
1090 3677 1124 3740 in
1140 3697 1225 3742 oom-

91 3779 177 3842 muni
194 3800 235 3842 ex
251 3778 380 3844 indulto
398 3779 483 3844 sedis
499 3782 676 3864 apostolice
692 3784 826 3866 speciali
853 3783 1105 3868 Vesprimiensis
1121 3783 1225 3849 dioce-

91 3886 132 3950 sis
148 3887 289 3952 salutem
306 3893 339 3951 et
354 3889 566 3970 apostolicam
583 3888 853 3958 benediccionem.
870 3893 962 3960 Solet
978 3915 1121 3960 annuere
1133 3894 1225 3959 sedes

94 3995 274 4078 apostolica
298 3995 360 4078 piis
377 3997 460 4060 votis
477 4003 510 4061 et
525 3997 671 4064 honestis
695 4001 877 4085 petencium
902 4001 1053 4086 precibus
1083 4001 1225 4068 favorem

90 4100 276 4170 benivolum
300 4104 469 4187 impertiri,
495 4112 668 4190 eapropter
694 4109 813 4175 dilecte
828 4111 862 4176 in
879 4109 1011 4178 Christo
1028 4111 1094 4176 filie
1110 4112 1226 4178 restris

93 4211 184 4276 iustis
201 4211 480 4295 postulacionibus
497 4219 592 4296 grato
610 4225 837 4283 concurrentes
855 4240 988 4285 assensu
1004 4242 1114 4286 omnes
1130 4220 1226 4286 liber-

89 4323 173 4384 tates
190 4325 224 4384 et
238 4320 465 4386 immunitates
482 4342 503 4385 a
518 4322 800 4406 predecessoribus
815 4329 935 4394 nostris
945 4331 1087 4394 romanis
1098 4327 1226 4412 pontifi-

92 4425 180 4492 cibus
190 4428 258 4492 sive
267 4449 326 4512 per
336 4429 505 4513 privilegia
516 4431 581 4496 sive
592 4432 674 4498 alias
684 4433 911 4518 indulgentias
921 4437 1011 4502 vobis
1025 4443 1057 4501 et
1066 4444 1226 4502 monaste-

92 4537 138 4600 rio
155 4542 265 4602 restro
282 4557 450 4603 concessas
466 4559 526 4602 nec
549 4561 614 4605 non
630 4541 799 4608 libertates
816 4550 848 4608 et
865 4547 1087 4630 exempciones
1104 4547 1226 4612 secula·

93 4645 174 4710 rium
191 4645 401 4710 exaccionum
417 4667 437 4710 a
453 4646 585 4729 regibus
603 4655 636 4713 et
652 4650 816 4732 princibus
833 4673 871 4718 ac
894 4653 966 4718 aliis
984 4651 1107 4720 Christi
1124 4653 1227 4719 fideli·
