3130 5470
324 481 390 544 440
682 491 872 542 ssroononr
889 481 1107 541 onulnrntu.

324 661 488 728 Pilisiensi
506 664 633 729 exactos
649 657 719 726 fore
736 655 923 738 affirmarat,
936 659 1108 744 andaonis
1123 660 1161 722 ia
1177 659 1262 724 dioto
1274 659 1432 745 priuitepio

326 773 490 838 Jobannis
507 773 667 860 quondam
694 769 845 856 palatini
864 791 972 832 onnus
988 791 1043 832 aus
1059 770 1281 834 emanet-cicuitu
1298 791 1354 834 ravon
1369 793 1431 833 cou-

324 879 485 945 tinebatur
500 890 528 944 et
544 903 582 944 oc
598 903 633 944 ao
650 881 758 963 ipsam
774 877 985 962 priuilegium
995 877 1209 962 adpremissa
1225 875 1311 940 nobis
1321 877 1433 960 strepui

327 985 501 1052 baronibus
527 985 817 1074 insufficiensfore
842 983 1018 1064 uidebatur,
1046 987 1077 1046 et
1101 1003 1162 1066 pro
1189 1003 1225 1048 eo
1250 987 1353 1046 utrum
1366 981 1433 1046 dicti

326 1090 507 1157 chibriones
523 1092 588 1156 vini
614 1090 653 1154 de
678 1090 778 1154 vincis
793 1088 827 1153 in
840 1088 986 1173 predicta
1001 1091 1200 1174 possessione
1216 1089 1324 1154 Boron
1337 1093 1434 1153 vocata

326 1197 547 1266 adiacentibus
572 1221 632 1284 pro
650 1197 762 1264 eodem
779 1197 908 1264 domiuo
926 1198 1042 1262 abbate
1059 1203 1091 1262 et
1106 1219 1164 1263 suo
1189 1197 1372 1262 monasterio
1385 1197 1434 1260 Pi-

325 1305 446 1372 lisiensi
464 1309 566 1373 exacti
582 1307 706 1372 fuerint
721 1307 772 1370 vel
787 1327 828 1370 ne
843 1306 937 1370 nobis
953 1327 1018 1370 uon
1035 1305 1184 1388 aliqualis
1200 1306 1314 1370 veritas
1328 1311 1436 1369 consta·

324 1413 404 1480 bat.
421 1464 428 1479 .
444 1415 585 1500 capitulo
603 1414 732 1480 ecclesie
747 1413 907 1478 Budensis
923 1413 1136 1478 amicabiliter
1152 1414 1323 1479 scribentes
1338 1433 1436 1477 eorum

329 1524 506 1590 amiciciam
531 1523 764 1609 postulavimus
780 1543 817 1588 ec
833 1522 929 1588 modo
946 1529 986 1588 ut
1000 1523 1163 1588 hominem
1180 1543 1290 1588 eorum
1306 1573 1312 1587 .
1328 1573 1333 1587 .
1348 1528 1439 1585 trans

330 1632 462 1696 mittant
478 1652 541 1714 quo
566 1638 715 1717 presente
730 1630 930 1697 Laurencius
947 1631 1052 1696 dictus
1068 1630 1209 1696 Zakalus
1225 1630 1275 1694 vel
1300 1629 1439 1694 Matheus

328 1737 433 1804 dictus
449 1737 685 1806 Farkasuerew
703 1789 709 1804 .
726 1789 733 1808 .
750 1737 846 1803 homo
878 1739 995 1822 regalis
1011 1739 1141 1822 pietatis
1156 1739 1236 1802 feria
1252 1743 1361 1822 quarta
1375 1757 1439 1820 pre

327 1844 415 1910 xima
430 1849 506 1910 ante
531 1846 646 1911 festum
677 1846 764 1911 beati
794 1845 964 1910 Michaelis
995 1846 1180 1929 archangeli
1204 1845 1246 1910 ad
1261 1845 1366 1910 faciem
1379 1863 1442 1927 pre·

328 1954 447 2037 scripte
464 1954 670 2037 possessionis
679 1953 793 2019 Boron
803 1959 913 2018 vocate
929 1954 963 2018 in
979 1973 1043 2037 qua
1059 1955 1148 2018 vinee
1163 1951 1441 2037 iobagiouumdicti

329 2061 476 2144 magistri
491 2061 588 2126 Pauli
604 2062 799 2144 carpentarii
829 2061 936 2126 forent
952 2063 1069 2127 situata
1086 2112 1093 2128 .
1110 2113 1116 2126 .
1133 2061 1297 2126 accederet
1320 2067 1351 2124 et
1372 2061 1441 2124 avi·

328 2169 407 2234 cinis
425 2219 431 2236 .
448 2219 455 2234 .
472 2168 512 2234 de
528 2189 565 2234 eo
581 2175 693 2234 utrum
720 2169 759 2234 de
775 2170 875 2234 vineis
891 2170 925 2234 in
942 2169 1027 2235 dicta
1050 2171 1250 2254 possessione
1274 2168 1379 2234 Boron
1393 2189 1442 2233 uo

327 2277 451 2342 minata
467 2277 677 2342 existentibus
693 2278 875 2343 chibriones
890 2278 956 2342 viui
986 2299 1047 2362 pro
1064 2277 1175 2343 eodem
1191 2277 1321 2343 domino
1337 2276 1442 2342 abbate

328 2389 360 2450 et
375 2386 569 2451 monasterio
586 2384 727 2450 eiusdem
743 2385 906 2450 Pilisiensi
924 2387 1025 2450 exacti
1041 2385 1162 2451 fuerint
1176 2407 1279 2470 usque
1293 2385 1383 2451 modo
1392 2403 1445 2451 nec

326 2515 374 2578 ns,
391 2495 487 2559 sciret
512 2499 545 2559 et
577 2495 762 2578 inquireret
786 2495 1003 2560 omnimodam
1026 2496 1195 2561 veritatem
1221 2503 1253 2560 et
1283 2495 1443 2562 secuudum

327 2602 415 2687 quod
430 2604 547 2667 veritas
564 2603 682 2668 eisdem
698 2609 860 2668 constaret
876 2625 934 2687 per
951 2603 1078 2668 eosdem
1095 2603 1134 2669 de
1150 2605 1311 2688 premissis
1327 2603 1443 2669 adach

326 2711 438 2776 batum
453 2710 638 2794 proximum
653 2717 727 2796 post
738 2710 856 2776 festum
871 2712 959 2777 beati
974 2711 1145 2778 Michaelis
1155 2713 1338 2796 archangeli
1352 2711 1445 2777 fideli·

326 2823 378 2882 ter
392 2818 607 2884 rescriberent
622 2819 710 2900 regie
725 2820 893 2903 maiestati,
911 2826 942 2883 et
958 2841 1030 2886 cum
1040 2839 1099 2885 nos
1110 2823 1144 2884 in
1159 2821 1304 2904 predicto
1320 2819 1443 2884 sabbato

326 2930 401 3010 post
415 2923 532 2990 festum
547 2923 634 2990 beati
648 2925 818 2991 Michaelis
834 2927 1020 3010 archangeli
1036 2947 1145 2992 causas
1162 2924 1378 3011 quorumlibet
1388 2925 1446 2989 liti·

327 3035 476 3118 gancium
492 3053 630 3100 unacum
646 3033 822 3100 baronibus
847 3040 880 3098 et
895 3035 1058 3101 nobilibus
1073 3037 1167 3120 regui
1182 3037 1216 3100 in
1232 3040 1351 3101 statera
1367 3033 1447 3118 equi·

327 3144 405 3208 tatis
435 3144 520 3208 iusto
552 3142 796 3208 deliberacionis
826 3143 1045 3208 moderamine
1075 3165 1280 3228 pensaremus
1310 3141 1447 3227 prefatus

327 3249 483 3316 Nicolaus
523 3253 742 3335 carpentarius
781 3272 842 3335 pro
889 3252 1001 3318 eodem
1040 3255 1196 3336 magistro
1238 3251 1344 3318 Paulo
1384 3272 1447 3316 car·

326 3359 475 3443 pentario
507 3359 629 3425 domiui
660 3361 745 3444 regis
776 3409 783 3425 .
814 3409 821 3425 .
852 3361 922 3444 ipso
963 3361 1094 3426 domiuo
1124 3359 1230 3425 Heem
1269 3359 1384 3425 abbate
1400 3357 1449 3422 Pi·

327 3467 447 3532 lisiensi
478 3517 485 3533 .
517 3517 524 3533 .
555 3471 679 3533 astante
720 3468 762 3532 ad
803 3475 946 3533 nostram
977 3468 1130 3534 accedens
1168 3468 1365 3553 presenciam
1404 3467 1450 3530 lit-

327 3581 413 3641 teras
429 3575 580 3660 prelibati
597 3575 730 3660 capituli
746 3575 906 3642 Budensis
922 3577 1015 3642 uobis
1032 3576 1263 3642 demonstravit
1272 3577 1305 3640 in
1316 3595 1448 3659 quarum

327 3684 494 3750 tenoribus
510 3684 647 3750 vidimus
663 3686 820 3750 coutinen'
851 3693 889 3750 ut
904 3707 976 3750 cum
1004 3683 1090 3750 idem
1116 3685 1292 3770 capitulum
1307 3683 1451 3750 Budense

328 3813 465 3858 unacum
480 3791 626 3877 predicto
647 3792 781 3883 Matheo
813 3792 898 3858 dicto
930 3793 1157 3860 Farkasvverev
1187 3793 1315 3859 homine
1340 3789 1451 3875 regalis

328 3901 458 3986 pietatis
473 3900 610 3966 Petrum
626 3899 780 3965 decanum
798 3903 1046 3968 concanonicum
1073 3923 1184 3968 eornm
1200 3924 1261 3986 pro
1276 3901 1452 3966 testimonio

329 4009 519 4074 destinasset
533 4009 619 4074 idem
644 4009 740 4074 homo
765 4011 854 4092 regie
879 4011 1055 4076 maiestatis
1081 4017 1112 4075 et
1143 4011 1362 4075 testimonium
1380 4007 1453 4074 dicti

329 4118 462 4202 capituli
478 4117 638 4182 Budcnsis
655 4117 784 4182 demum
801 4167 808 4183 .
826 4168 832 4183 .
848 4117 1019 4184 redeuntes
1030 4120 1140 4184 taliter
1150 4119 1335 4183 retulissent
1350 4125 1390 4182 ut
1401 4117 1454 4201 ipsi

328 4277 335 4292 .
351 4275 357 4290 .
375 4226 417 4291 ad
433 4224 546 4290 faciem
562 4225 706 4310 predicte
721 4227 928 4310 possessionis
939 4226 1051 4292 Boron
1069 4233 1180 4292 vocate
1197 4226 1376 4292 accedendo
1389 4247 1454 4311 pre·

327 4333 470 4400 sentibus
486 4333 571 4398 dicto
588 4333 717 4400 domiuo
734 4334 850 4399 abbate
868 4333 1030 4399 Pilisiensi
1049 4342 1080 4399 et
1095 4334 1232 4401 Nicolao
1248 4343 1455 4419 procuratore

328 4443 430 4526 ipsius
446 4443 595 4524 magistri
610 4441 707 4506 Pauli
733 4462 752 4506 a
778 4443 1101 4526 comprovincialibus
1128 4449 1160 4508 et
1183 4443 1344 4509 vicinis..
1361 4445 1455 4509 talem

328 4571 425 4634 super
440 4549 603 4632 premissis
619 4551 783 4616 scivissent
793 4553 960 4616 veritatem
972 4551 1060 4634 quod
1071 4551 1140 4617 ullo
1155 4573 1301 4636 unquam
1316 4557 1456 4637 tempore

331 4655 370 4720 de
386 4657 486 4721 vineis
501 4657 536 4720 iu
553 4655 638 4721 dicta
653 4659 850 4741 possessione
865 4657 978 4724 Boron
994 4663 1107 4724 vocata
1122 4659 1241 4725 habitis
1258 4659 1399 4726 fuissent
1414 4681 1456 4725 es·
