3152 5472
313 451 377 528 578
664 450 1084 526 lnroouonronnlurrln.

308 640 409 726 mech,
425 639 569 708 Kacbun
595 663 667 710 cum
684 640 892 730 pertinenciis
915 638 958 707 ati
975 639 1112 706 eusdem.
1145 637 1268 704 Datum
1284 632 1389 718 Bude,
1405 631 1444 701 in

311 749 393 815 festo
415 749 663 816 Purificaoiouis
679 751 813 834 virginis
837 751 986 834 gloriose,
1012 771 1097 816 nnuc
1123 747 1244 814 domini
1264 745 1445 811 Millesimo

310 855 411 925 0000
428 857 559 923 XXX⁰
575 860 724 926 secunde.

417 1021 570 1088 Hetlspje'm
583 1023 675 1086 pecsbt
688 1023 867 1089 nyomoiva13
887 1021 1018 1087 eredetije
1040 1037 1073 1071 az
1094 1035 1162 1072 orez.
1181 1020 1238 1070 ltetr
1263 1019 1362 1068 kincst.
1378 1019 1450 1068 oszt.

311 1112 345 1163 N.
358 1112 392 1160 R.
406 1112 440 1162 Α.
456 1116 533 1165 1535.
548 1118 590 1164 47.
605 1114 671 1178 dipl.
686 1117 716 1165 lt.
733 1119 810 1165 2701.
830 1114 910 1163 szli
922 1129 927 1163 :
941 1112 1022 1177 Negy
1035 1111 1138 1176 Gyula.

798 1310 958 1322 .----

845 1493 920 1555 490.

316 1653 412 1720 1332.
436 1655 601 1741 Viseprctd,
609 1653 696 1743 febr.
712 1655 743 1720 5.
776 1653 803 1718 I.
833 1654 960 1739 Ka'rolp
985 1653 1098 1738 kirrilp
1114 1653 1187 1717 elec
1203 1648 1326 1715 Sontini
1341 1649 1455 1716 Ja'nos

305 1762 358 1845 flu
390 1761 519 1843 Lc'szlo',
551 1762 769 1849 rtcppbc'tpja't
798 1761 909 1827 Pe'tert
942 1761 1151 1826 birtolcainalc
1183 1756 1457 1844 clidepenr'lesttiil

784 1869 980 1936 tilalmczza.

425 2031 495 2100 Nos
504 2031 650 2100 Karolus
662 2082 686 2099 ..
702 2053 797 2098 rex..
814 2029 929 2097 demus
939 2051 997 2116 pro
1004 2029 1167 2113 memoris,
1178 2027 1267 2114 quod
1276 2026 1457 2094 Ladislous

320 2137 408 2206 filius
424 2139 450 2207 J
451 2141 587 2208 ohannis
607 2141 665 2206 filii
681 2139 818 2224 Georgii
842 2139 882 2206 de
907 2138 1019 2207 Sowar
1042 2139 1077 2202 in
1102 2139 1208 2204 nostri
1233 2137 1458 2222 presencia..

317 2268 376 2331 per
402 2248 533 2314 modum
557 2249 804 2334 protestscionis
825 2247 995 2333 prohibuit
1020 2245 1157 2312 Petrum
1181 2244 1287 2312 filium
1316 2243 1460 2326 Georgii

319 2353 454 2420 fratrem
486 2378 579 2422 suum
605 2355 826 2422 avendicione
847 2356 1122 2440 impignoraoione
1149 2359 1182 2419 et
1197 2351 1461 2439 'quomodolibet

319 2461 518 2528 aliouecione
549 2465 774 2530 universarum
803 2463 1040 2549 possessionum
1074 2461 1216 2528 ubilibet
1241 2461 1460 2526 existencium

319 2571 454 2636 cuilibet
470 2593 527 2637 sen
543 2572 744 2656 quibuslibet
759 2579 969 2657 preterquam
984 2571 1048 2637 sibi
1062 2571 1214 2638 faciende
1231 2577 1264 2635 et
1290 2568 1460 2653 quoslibet

320 2678 401 2744 alios
427 2679 539 2762 quovis
565 2681 672 2746 colore
688 2681 730 2746 ab
746 2681 988 2747 intromissione
1004 2699 1039 2746 se
1067 2680 1101 2744 in
1132 2675 1280 2759 easdem;
1296 2678 1340 2741 in
1365 2677 1460 2743 cuins

322 2784 553 2868 prohibicionis
569 2787 790 2854 testimonium
805 2795 971 2872 presentes
988 2789 1117 2854 anobis
1134 2786 1197 2852 sibi
1214 2786 1285 2851 dari
1310 2786 1461 2870 postulu-

321 2893 375 2978 vit,
408 2914 488 2976 quas
519 2917 578 2962 nos
609 2895 672 2962 sibi
692 2897 907 2963 concessimus
935 2897 1098 2964 communi
1128 2896 1259 2962 iusticia
1290 2894 1462 2960 suadente.

320 2999 446 3066 Datum
462 3003 496 3066 in
513 3001 705 3089 Wysegrsd,
720 3006 755 3068 in
770 3003 853 3071 festo
869 3005 967 3070 beate
982 3003 1118 3087 Agathe
1134 3003 1269 3088 virginis
1290 3009 1324 3066 et
1351 3003 1463 3068 murti·

325 3111 379 3193 rie,
396 3131 481 3176 anno
502 3111 624 3178 domini
641 3111 695 3178 Μ0
712 3111 814 3180 0000
831 3111 963 3180 XXX⁰
978 3113 1130 3180 secundo,

432 3273 695 3340 fletlapjenpecset
708 3277 884 3344 nyomaiva13
910 3276 1041 3342 credetije
1066 3277 1129 3328 au.
1151 3275 1349 3338 Muzeumbau,
1372 3290 1390 3324 a
1415 3271 1465 3323 Sb-

324 3361 385 3412 utri
399 3361 468 3414 Sobs
480 3377 517 3414 cs.
531 3365 605 3416 lbon.

814 3547 958 3560 ..a-*-

325 3735 519 3828 1332.febr.
536 3741 566 3809 9.
592 3741 640 3808 liz
666 3747 737 3830 egri
761 3745 920 3833 lodptclan
947 3748 1021 3813 elec
1051 3745 1124 3814 Boe
1155 3746 1265 3814 Ja'nos
1282 3749 1315 3812 e's
1331 3749 1466 3812 lestce're

324 3845 446 3912 Miletos
462 3872 484 3912 c
500 3847 641 3915 Szkcros
673 3855 705 3918 e‘s
738 3853 860 3937 Visnpo'
890 3863 973 3919 nevit
1000 3853 1122 3920 Gbmb'r
1153 3857 1342 3943 odrmeyyei
1361 3854 1467 3939 saluit

424 3955 690 4041 meptelepite'sc'rc
705 3961 1094 4048 oonatkozrifblttlelelcet
1109 3963 1367 4050 nrepctllapilp'dl.

435 4110 505 4178 Nos
531 4115 709 4200 capitulum
734 4119 867 4186 ecclesie
893 4117 1070 4204 Agriensis
1087 4123 1204 4189 damus
1220 4145 1281 4208 pro
1301 4124 1470 4207 memoris,

326 4215 412 4297 quod
429 4239 534 4286 comes
550 4221 576 4287 J
576 4222 720 4291 ohannes
737 4225 843 4294 dictus
858 4227 934 4295 Bok
950 4228 1039 4296 filius
1056 4229 1191 4298 Nicolai
1211 4254 1253 4298 ex
1277 4253 1343 4298 una
1357 4237 1469 4318 parte,

328 4327 360 4388 et
375 4321 531 4392 Nicolcus
548 4327 633 4397 filius
650 4333 792 4400 eiusdem
807 4335 939 4403 Nicolai
950 4340 1076 4406 scilicet
1087 4339 1191 4405 frater
1201 4340 1281 4406 dicti
1302 4340 1327 4406 J
1327 4339 1469 4406 ohannis

327 4432 472 4497 uterinus
504 4436 546 4502 ab
571 4439 676 4507 altera
692 4443 817 4510 nobiles
835 4444 876 4510 de
892 4444 1013 4514 Scarus
1028 4449 1063 4514 in
1079 4449 1186 4514 nostri
1205 4426 1379 4533 presencie¹
1394 4469 1471 4531 per·-

329 4539 483 4652 spualiter
499 4547 667 4613 constituti
683 4549 843 4636 dixerunt,
860 4554 948 4637 quod
969 4578 1044 4622 curn
1070 4557 1138 4640 ipsi
1158 4557 1319 4640 quasdam
1342 4576 1471 4637 posses-

328 4659 431 4708 mones
461 4648 605 4732 ipsorum
637 4678 820 4724 communes
845 4667 879 4725 et
904 4661 1121 4731 hereditarios
1162 4664 1316 4730 videlicet
1345 4661 1471 4730 dictam
