3154 5474
343 465 409 531 492
698 483 886 531 durconem
902 471 1118 530 cantuaria.

343 643 450 710 medio
466 646 568 730 ipsius
585 665 668 728 sque
686 643 828 709 declinat
853 667 886 711 se
908 653 1023 714 contra
1039 665 1170 713 cursum
1195 648 1297 732 ipsius
1321 669 1399 732 aque
1419 645 1454 712 ed

344 753 466 819 iactum
481 755 576 820 unius
602 753 721 838 sagitte
739 759 772 819 et
787 755 876 821 venit
892 755 936 821 ad
952 757 1101 823 arborem
1125 757 1236 824 salicis
1261 777 1404 840 magnam
1425 756 1452 820 in

344 862 450 929 medio
467 863 568 948 ipsius
579 883 663 946 aque
674 863 866 930 existentem
881 885 941 950 pro
958 871 1046 931 meta
1061 866 1223 950 signatam
1235 865 1274 931 de
1290 869 1453 950 quatrans-

344 973 371 1036 it
395 973 499 1055 ipsam
525 993 643 1055 aquam
659 991 770 1038 versus
787 972 986 1039 occidentem
1003 979 1036 1039 et
1052 973 1166 1039 incidit
1183 975 1217 1038 in
1233 972 1391 1058 quandam
1413 993 1455 1036 se·

344 1079 459 1144 mitam
474 1081 507 1145 in
525 1101 589 1163 qua
605 1101 664 1164 per
680 1085 784 1145 terras
800 1079 940 1145 arabiles
970 1081 1060 1147 vadit
1075 1081 1118 1148 ad
1143 1081 1306 1166 quandam
1321 1101 1455 1163 magnam

346 1188 459 1256 silvam
476 1193 509 1253 et
523 1189 617 1253 iuxta
632 1187 768 1254 eandem
784 1188 897 1254 silvam
915 1190 1001 1254 circa
1016 1190 1121 1274 ipsam
1136 1192 1284 1255 semitam
1309 1195 1357 1255 est
1371 1189 1456 1256 arbor

349 1297 448 1362 silicis
489 1296 595 1362 thnlfa
612 1295 700 1362 dicta
716 1298 814 1362 terris
828 1318 888 1382 pro
904 1303 992 1364 meta
1008 1299 1173 1364 cumulata
1196 1299 1244 1364 ibi
1268 1298 1455 1380 terminatur,

346 1409 379 1472 et
396 1405 455 1470 illa
470 1426 546 1489 pars
562 1425 625 1488 que
641 1410 691 1472 est
706 1405 748 1471 ab
764 1407 888 1472 oriente
904 1412 937 1471 et
953 1407 1106 1490 aquilone
1123 1429 1196 1473 cum
1212 1407 1359 1474 omnihus
1373 1407 1456 1471 terris

335 1513 524 1594 ‚arabilibus
540 1513 574 1578 in
590 1514 776 1598 porcionem
793 1515 918 1580 comitis
934 1514 1032 1580 Pauli
1049 1523 1082 1582 et
1106 1513 1238 1581 Nicolai
1254 1514 1315 1580 filii
1340 1515 1387 1580 sui
1402 1514 1457 1580 alia

344 1642 419 1685 vero
435 1641 583 1706 parsque
600 1625 649 1686 est
664 1621 828 1688 ameridie
840 1627 872 1687 et
882 1623 924 1688 ab
940 1623 1108 1688 occidente
1124 1623 1272 1689 similiter
1289 1623 1457 1712 cumomni

345 1727 405 1793 bus
436 1729 533 1795 terris
567 1728 746 1795 arabilibus
762 1730 802 1795 ab
819 1736 958 1814 utraque
974 1735 1069 1815 parte
1100 1731 1201 1816 ipsius
1226 1752 1310 1814 aque
1326 1731 1455 1796 cessisset

344 1837 378 1902 in
394 1839 580 1921 porcionem
606 1836 747 1904 filiorum
779 1837 805 1902 J
806 1839 941 1904 ohannis
971 1838 1200 1922 predictorum,
1226 1839 1341 1904 deinde
1366 1859 1457 1904 acces

344 1945 460 2010 sissent
475 1967 574 2030 super
589 1951 711 2011 terram
726 1967 782 2012 seu
792 1947 1024 2030 possessionem
1040 1946 1140 2012 Mark
1156 1953 1304 2013 vocatam
1320 1954 1352 2012 et
1367 1948 1456 2030 ipsam

345 2053 455 2118 villam
470 2053 505 2118 in
520 2053 722 2137 longitudine
738 2053 922 2120 divisissent
937 2055 979 2120 ad
1007 2056 1088 2121 duas
1112 2059 1223 2140 partes
1249 2056 1378 2139 equales
1393 2075 1457 2138 qua·

345 2183 417 2227 rum
433 2183 591 2246 unapars
607 2182 671 2246 que
687 2166 737 2227 est
754 2162 794 2228 ab
811 2162 979 2228 occidente
996 2183 1069 2228 cum
1086 2165 1180 2230 terris
1197 2163 1373 2230 arabilibus
1382 2162 1457 2227 eilris

345 2270 462 2335 tenetis
487 2269 673 2335 nemoribus
691 2275 723 2334 et
741 2270 813 2334 aliis
830 2271 1030 2336 utilitatibus
1057 2271 1205 2338 cessisset
1232 2271 1358 2337 comitis
1372 2269 1457 2336 Pauli
1548 2339 1549 2348 ἒ

322 2459 324 2464 ¹
346 2382 379 2442 et
393 2375 453 2442 filii
469 2379 517 2442 sui
533 2378 598 2442 alia
613 2398 688 2443 vero
704 2399 780 2461 pars
795 2399 858 2462 que
868 2383 918 2442 eet
927 2377 969 2443 ab
984 2379 1107 2444 oriente
1117 2379 1266 2444 similiter
1283 2401 1355 2446 oum
1370 2379 1457 2442 omni·

345 2487 406 2551 bus
437 2485 637 2551 utilitatibus
669 2486 825 2570 predictis
840 2484 983 2552 filiorum
1003 2487 1168 2553 Johannis
1184 2489 1334 2555 cessisset
1348 2489 1381 2553 in
1395 2507 1457 2571 por·

346 2595 470 2660 cionem
487 2594 714 2680 predictorum,
732 2595 824 2661 cuius
842 2595 973 2678 quidem
983 2595 1155 2662 ,divisionis
1172 2597 1276 2681 prima
1292 2601 1376 2662 meta
1391 2595 1457 2660 inei·

346 2704 396 2789 pit
413 2705 500 2770 circa
531 2725 657 2770 ramum
675 2724 759 2787 aque
774 2701 931 2768 Karasou
947 2702 1140 2787 Karesoaga
1156 2703 1278 2770 dictum
1297 2725 1317 2770 a
1332 2707 1456 2788 septem·
1547 2713 1548 2764 ἕ

346 2813 452 2878 trione
468 2819 501 2878 et
516 2812 562 2878 ihi
579 2817 627 2878 est
642 2815 730 2876 meta
746 2815 862 2892 terrea,
878 2809 997 2876 abhinc
1013 2809 1160 2894 procedit
1186 2831 1297 2876 versus
1306 2808 1458 2875 meridiem

347 2943 404 3006 per
418 2920 560 2986 medium
574 2921 676 3004 ipsius
692 2919 768 2986 ville
786 2923 819 2984 et
829 2918 975 2984 exeundo
985 2917 1025 2982 de
1035 2919 1107 3002 ipsa
1122 2917 1201 2984 villa
1216 2919 1304 2983 venit
1319 2918 1360 2985 ad
1371 2935 1457 2982 unum

348 3050 496 3114 campum
513 3027 695 3094 Zehmezsu
711 3026 833 3092 dictum
857 3026 902 3092 ibi
920 3031 969 3092 est
985 3032 1072 3092 meta
1097 3031 1213 3110 terrea,
1240 3025 1359 3092 abhinc
1374 3023 1458 3090 decli·

347 3143 405 3202 nat
420 3157 531 3203 versus
547 3137 705 3202 orientem
723 3141 756 3200 et
772 3135 862 3200 vadit
877 3155 935 3219 per
951 3141 1056 3200 terras
1080 3136 1218 3202 arabiles
1234 3133 1418 3200 divertendo
1431 3151 1458 3194 se

346 3245 412 3312 huo
427 3251 460 3311 et
475 3245 554 3311 illuc
569 3245 603 3310 in
619 3266 736 3330 magno
753 3244 860 3328 spacio
878 3249 911 3309 et
925 3243 1014 3308 venit
1039 3241 1081 3308 ad
1097 3243 1183 3309 latus
1208 3241 1377 3308 cuiusdam
1391 3240 1457 3305 silve
1546 3307 1547 3314 p

347 3359 381 3420 et
396 3355 429 3419 in
445 3354 549 3420 latere
565 3355 666 3438 ipsius
682 3354 762 3421 silve
779 3353 864 3418 circa
881 3351 1045 3437 quandam
1061 3352 1146 3417 riam
1164 3373 1203 3417 ex
1219 3357 1360 3437 utraque
1375 3353 1456 3436 parte
1546 3365 1547 3436 ᾗ

348 3463 382 3527 in
399 3463 537 3528 surculis
552 3462 689 3530 duarum
706 3463 859 3528 arborum
892 3459 998 3526 thulla
1019 3458 1181 3525 dictarum
1207 3467 1284 3526 sunt
1309 3460 1372 3526 due
1387 3463 1459 3524 mete

349 3571 443 3636 terris
460 3570 631 3654 cumulate,
647 3569 767 3636 abhinc
782 3571 815 3634 in
832 3567 946 3636 eadem
961 3571 1014 3634 via
1031 3587 1091 3650 per
1106 3566 1221 3633 silvam
1237 3567 1344 3634 eundo
1359 3568 1391 3632 in
1405 3585 1459 3632 ma·

347 3701 410 3764 gno
428 3680 536 3763 spacio
552 3678 586 3744 in
601 3677 770 3744 arboribus
787 3699 880 3745 cruce
891 3678 1027 3762 signatis
1037 3677 1125 3743 venit
1135 3675 1178 3741 ad
1194 3674 1357 3760 quendam
1366 3675 1460 3740 laeum

347 3786 498 3872 szyze
513 3791 664 3853 vocatum
680 3790 712 3850 et
727 3785 773 3850 ibi
791 3787 876 3850 circa
891 3787 1002 3870 ipsum
1026 3785 1134 3851 lacum
1152 3789 1227 3849 sunt
1243 3781 1307 3848 due
1332 3787 1413 3846 mete
1433 3779 1459 3842 in
1545 3789 1546 3840 l

349 3897 486 3962 surculis
502 3894 641 3960 duarum
658 3893 811 3959 arborum
845 3891 953 3958 thulfa
970 3892 1131 3958 dictarum
1147 3891 1244 3956 terris
1260 3890 1419 3955 cumulate
1432 3889 1458 3948 et
1545 3963 1546 3980 ἶ

347 4005 392 4071 ibi
409 4004 610 4086 terminatur,
626 4023 782 4084 unapars
799 4001 909 4066 comiti
925 4001 1031 4066 Paulo
1048 4006 1082 4065 et
1095 3997 1162 4064 filio
1179 4019 1237 4064 suo
1264 3998 1329 4064 alia
1342 4017 1416 4082 pars
1427 3991 1457 4058 fi·

348 4115 402 4179 liis
417 4113 443 4182 J
444 4113 579 4180 ohannis
596 4111 769 4177 antedictis
784 4115 822 4176 ut
837 4111 1039 4199 premittitur
1065 4110 1212 4176 cessisset
1236 4108 1270 4172 in
1295 4105 1460 4192 porciones,

348 4230 422 4309 post
437 4224 497 4290 hec
512 4223 721 4290 accessissent
737 4245 834 4309 super
849 4223 964 4289 faciem
975 4227 1062 4288 terre
1073 4241 1131 4285 seu
1146 4217 1354 4304 possessionis
1364 4235 1461 4281 eorum
1544 4305 1545 4316 ἵ

348 4333 474 4400 Razlon
490 4336 605 4399 vocate
623 4353 720 4415 quam
736 4331 886 4398 similiter
901 4331 934 4396 in
952 4330 1033 4396 duas
1049 4332 1159 4414 partes
1175 4327 1210 4392 in
1225 4323 1399 4390 latitudine
1413 4339 1461 4405 per
1544 4361 1545 4410 3

348 4441 489 4508 medium
521 4439 705 4504 divisissent
730 4441 821 4506 cuius
853 4437 1009 4503 medietas
1040 4437 1081 4502 ab
1098 4435 1222 4500 oriente
1238 4433 1272 4496 in
1288 4432 1462 4517 porcionem

350 4551 477 4616 comitis
493 4547 592 4614 Pauli
618 4551 651 4614 et
667 4545 727 4614 filii
742 4549 792 4614 sui
808 4548 874 4614 alia
889 4567 966 4612 vero
983 4565 1059 4631 pars
1073 4543 1117 4610 ab
1144 4539 1313 4608 occidente
1329 4537 1463 4605 cessisset

353 4659 387 4726 in
402 4659 588 4746 porcionem
605 4655 745 4724 filiorum
762 4655 786 4722 J
789 4657 925 4723 ohannis
942 4656 1160 4742 predictorum
1178 4701 1185 4716 .
1201 4701 1208 4716 .
1225 4652 1317 4717 cuius
1347 4645 1463 4733 quidem
