3172 5462
566 463 658 523 1324.
675 479 743 523 run.
762 466 812 524 22.

651 750 724 814 135.

121 912 214 976 1324.
217 913 286 998 jad.
300 917 351 976 22.
363 914 391 977 I.
404 913 529 998 Kctrolp
539 913 649 997 bircilq
662 937 683 976 α
693 912 859 994 De‘rresfle
869 912 976 976 ιῙάιιυι
987 913 1092 976 orosa-i
1101 911 1252 976 birtolrdo

107 1019 328 1102 feldllr'tcmdo'
343 1021 442 1086 bidom
459 1045 496 1085 oz
522 1021 637 1084 utusok
653 1021 736 1084 dltrrl
750 1021 909 1102 flzeteadb'
934 1023 1010 1083 odor
1037 1019 1252 1104 orerrrrpise'qe‘t

559 1131 810 1213 orepbatrirozza.
830 1140 838 1160 ⁵

222 1287 371 1353 Karolus
389 1338 395 1354 .
411 1337 418 1353 .
435 1309 493 1353 rex
510 1338 517 1353 .
534 1337 541 1353 .
557 1289 778 1354 universorum
809 1289 928 1353 noticie
945 1338 951 1352 .
969 1337 976 1352 .
999 1288 1146 1353 volumus
1178 1311 1249 1374 per-

113 1396 231 1478 venire,
249 1396 427 1479 quodcum
443 1398 597 1480 magister
622 1397 646 1462 J
648 1396 790 1462 ohannes
806 1396 891 1462 filius
917 1395 1057 1461 Dionisii
1081 1398 1250 1480 petivisset

113 1526 133 1568 a
159 1513 274 1570 nostre
300 1507 469 1571 maiestate
495 1511 532 1570 ut
557 1526 652 1590 super
668 1557 675 1570 .
691 1554 698 1571 .
715 1505 847 1570 fluvium
873 1503 1100 1592 (Thopolnulr)
1117 1512 1248 1589 pontem

113 1611 218 1678 iacere
237 1664 244 1678 .
262 1664 269 1678 .
285 1621 506 1698 perpetuoque
522 1637 619 1697 super
634 1615 703 1697 ipso
714 1620 813 1698 ponte
824 1614 984 1678 tributum
994 1615 1121 1696 exigere
1138 1615 1198 1680 sibi
1215 1623 1248 1680 et

112 1723 177 1786 suis
205 1721 383 1788 heredibus
408 1745 467 1805 pro
483 1722 633 1788 fidelibus
649 1724 714 1788 suis
740 1723 881 1788 serviciis
898 1722 1072 1788 concedere
1098 1723 1246 1806 dignare-

111 1851 193 1911 mur,
214 1852 274 1894 nos
290 1835 400 1894 autem
416 1829 539 1895 dietum
556 1829 715 1895 tributum
732 1851 771 1894 ex
790 1836 880 1895 certe
891 1831 1029 1895 sciencia
1048 1830 1152 1895 eidem
1168 1831 1246 1896 dare

112 1943 144 2002 et
160 1937 310 2002 conferre
326 1959 383 2002 seu
402 1938 576 2003 concedere
594 1938 759 2021 cupientes
782 1936 932 2002 fidelibus
957 1937 1075 2002 nostris
1101 1937 1245 2020 capitulo

111 2043 278 2128 Agriensi
303 2052 341 2111 ut
364 2045 504 2129 Egidius
529 2045 614 2111 filius
639 2046 765 2132 Mykws
790 2047 841 2110 vel
867 2045 1037 2110 Johanues
1062 2042 1149 2110 filius
1176 2045 1244 2110 eius

111 2154 217 2219 altero
243 2153 377 2220 absente
403 2155 499 2220 homo
534 2160 644 2220 noster
669 2155 728 2220 sub
759 2156 903 2237 ipsorum
934 2153 1120 2218 testimonio
1146 2153 1244 2218 sciret

110 2261 235 2326 rideret
252 2267 285 2326 et
300 2263 478 2345 inquireret
504 2263 531 2327 si
548 2284 644 2345 snper
661 2262 747 2328 dicto
764 2261 860 2326 fluvio
876 2262 909 2324 in
926 2261 1124 2344 possessione
1142 2261 1243 2344 ipsius

109 2369 271 2435 Johannis
287 2369 454 2436 antedicta
479 2377 613 2455 propter
628 2393 760 2454 gravem
776 2370 951 2434 transitum
967 2391 1047 2452 pons
1063 2367 1134 2432 fieri
1150 2389 1242 2450 opor·

110 2483 177 2542 teat
205 2499 262 2542 nec
280 2500 329 2562 ne,
355 2479 533 2561 veritatem,
559 2478 714 2562 nobisque
739 2475 963 2558 rescriberent,
978 2475 1098 2540 litteris
1123 2475 1242 2540 nostris

108 2584 305 2651 dedissemus
336 2587 369 2650 in
400 2585 572 2669 mandatis,
597 2585 730 2651 tandem
754 2567 840 2650 idem
866 2585 1045 2668 capitulum
1068 2583 1161 2649 nobis
1192 2605 1240 2648 re-

107 2695 305 2776 scripserunt
329 2693 363 2757 in
388 2693 449 2759 hec
488 2694 598 2758 verbe:
630 2692 835 2778 (kbvetkezik
860 2715 897 2757 az
923 2691 992 2774 egri
1017 2690 1241 2774 kaptalannak

110 2804 203 2865 1324.
225 2801 286 2884 jul.
316 2802 403 2885 l·jen
435 2801 503 2866 kelt
530 2801 688 2885 jelentese
720 2822 734 2865 s
765 2799 873 2865 abban
903 2799 931 2864 I.
963 2797 1091 2882 Karoly
1121 2798 1239 2883 kirtly-

107 2907 170 2972 nak
211 2911 307 2974 1324.
339 2910 445 2994 majus
486 2909 610 2974 17-diki
648 2909 888 2993 megkeresese3
926 2908 947 2971 l.
979 2906 1130 2990 fonnebb,
1166 2912 1238 2973 122.

106 3039 145 3082 sn.
171 3016 217 3102 a.)
243 3017 313 3083 Nos
338 3019 448 3102 itaque
474 3040 531 3102 per
556 3018 740 3084 huiusmodi
763 3018 960 3083 relacionem
991 3017 1070 3082 dicti
1102 3017 1238 3101 capituli

105 3122 275 3208 Agriensis
292 3147 389 3209 super
406 3147 451 3208 e0,
468 3127 555 3210 quod
572 3147 667 3209 super
685 3127 772 3192 dicto
797 3125 895 3193 fluvio
911 3126 944 3189 in
960 3125 1089 3210 prefata
1114 3145 1238 3207 posses·

106 3235 191 3299 sione
221 3235 322 3318 ipsius
347 3235 497 3317 magistri
523 3233 687 3300 Johannis
711 3256 792 3318 pons
817 3232 888 3298 fieri
907 3253 966 3316 pro
992 3233 1236 3298 transeuntibus

105 3343 144 3406 sit
161 3343 362 3408 necessarius
379 3349 412 3406 et
428 3363 486 3425 pro
503 3343 627 3408 tributo
654 3348 842 3426 oportunus,
860 3342 1035 3406 certissime
1060 3338 1236 3424 informati,

105 3450 135 3512 in
151 3451 329 3533 aliqualem
345 3452 679 3533 recompensacionem
696 3449 866 3534 grandium
890 3455 923 3513 et
949 3453 1156 3530 acceptorum
1172 3471 1236 3514 ser-

105 3559 257 3624 viciorum
274 3559 354 3624 dicti
370 3559 518 3641 magistri
538 3559 701 3624 Johannis
725 3559 814 3642 longi
840 3558 994 3640 temporis
1018 3555 1185 3624 laboribus
1200 3562 1234 3626 in

105 3667 226 3731 eunctis
242 3668 361 3732 nostris
377 3671 410 3730 et
426 3667 517 3751 regni
532 3667 635 3731 nostri
652 3667 793 3748 negociis
819 3671 852 3730 et
877 3664 1147 3751 expedicionibus,
1164 3689 1233 3751 spe·

104 3775 228 3840 cialiter
243 3777 276 3840 iu
293 3774 446 3841 conflictu
471 3796 566 3858 quem
583 3781 659 3840 ante
678 3773 807 3858 Kossay
823 3770 908 3859 (igy)
929 3779 1044 3839 contra
1059 3775 1232 3842 Matheum

105 3881 202 3947 filium
218 3882 312 3948 Petri
338 3881 378 3947 de
402 3881 569 3948 Trichinio
596 3877 679 3968 (igy)
705 3881 878 3964 capitalem
903 3887 1052 3946 nostrum
1071 3883 1233 3950 infidelem

104 3987 281 4070 habuimus,
298 4011 446 4074 supreme
471 3989 638 4055 fidelitatis
663 3989 772 4055 studio
798 4009 871 4054 cum
896 3989 945 4053 sui
970 3991 1130 4073 sanguinis
1156 3991 1233 4057 effu-

104 4098 187 4163 sione
203 4099 296 4164 nobis
312 4121 371 4183 per
387 4120 461 4164 eum
477 4099 703 4182 impensorum,
729 4097 832 4162 eidem
857 4097 1012 4180 magistro
1038 4098 1063 4164 J
1064 4099 1184 4166 ohanni
1200 4108 1234 4166 et

105 4207 165 4271 suis
180 4206 355 4273 heredibus
375 4207 414 4272 de
431 4208 564 4272 consilio
579 4207 780 4291 prelatorum
798 4211 831 4269 et
846 4205 1005 4270 baronum
1021 4209 1113 4290 regni
1129 4211 1232 4275 nostri

105 4316 314 4380 concessimus
339 4317 425 4380 utin
441 4315 529 4381 dicta
545 4335 603 4379 sua
619 4313 816 4398 possessione
841 4334 938 4396 super
954 4314 1022 4396 ipso
1039 4313 1136 4380 fluvio
1152 4338 1230 4400 pon-

104 4429 165 4484 tem
180 4443 240 4504 pro
264 4423 510 4488 transeuntibus
538 4428 650 4506 aptum
675 4442 801 4487 servare
827 4427 859 4486 et
884 4421 1043 4487 tributum
1071 4431 1228 4507 perpetuo

103 4531 225 4613 exigere
241 4531 302 4596 tali
318 4531 421 4613 mode,
437 4537 474 4596 ut
484 4531 523 4596 de
533 4532 680 4615 quolibet
696 4552 793 4594 curru
809 4530 931 4596 salibus
948 4537 1082 4597 onerato
1099 4532 1162 4598 duo
1179 4557 1228 4600 sa·

100 4637 151 4724 les,
166 4638 246 4705 item
261 4638 301 4704 de
317 4638 463 4727 qualibet
480 4639 605 4708 tenella
620 4640 686 4706 vini
696 4645 762 4710 tres
778 4637 911 4720 denarii,
936 4639 1014 4704 item
1032 4638 1072 4708 de
1089 4641 1225 4733 singulis
