3112 5466
563 473 797 534 1325.uus.tt
1180 479 1240 536 197

121 649 256 730 legitime
273 655 472 731 expectante.
483 651 608 715 Datum
624 655 743 734 quarto
753 651 804 715 die
821 649 948 714 termini
960 654 1132 734 prenotati.
1143 649 1241 718 Anno

121 757 234 822 domini
249 757 304 822 Μο
320 756 420 824 0000
436 761 585 825 vicesimo
603 761 725 844 quinto.

220 903 352 954 Zeirlatein
362 903 454 968 penset
463 906 640 970 nyomeival;
655 905 785 969 eredetije
798 905 992 971 Kesztlrelyeu‚
1016 923 1030 956 a
1042 921 1083 971 gr.
1106 906 1241 957 Festetics

119 995 231 1046 selben.
247 997 348 1060 Ignoto
358 995 474 1046 Miscell.
490 1001 531 1046 29.

640 1341 712 1402 176.

119 1501 205 1563 1325.
230 1501 368 1586 Vr'zsolp,
376 1503 443 1585 jun
454 1503 483 1564 9.
500 1501 607 1586 Folop
618 1504 723 1566 rutilos·
734 1503 881 1566 Rusckui
898 1501 1052 1584 Izee'pnelc
1069 1497 1238 1582 Corruit-ilfi

120 1607 231 1672 Treueris
248 1609 343 1672 ellenr'
358 1609 633 1694 leretuloorperclreu
665 1635 685 1674 a
710 1611 867 1697 pnrraszlo'
892 1609 1053 1674 releuaret·
1078 1609 1237 1692 kilrcllpu-

441 1721 555 1781 trisctra
575 1721 771 1803 toleti-tropat
790 1729 843 1782 tilz
858 1719 903 1782 lei.

214 1857 286 1923 Nos
310 1857 483 1944 Philippus
510 1861 675 1943 palatinus
708 1861 806 1925 iudex
833 1881 1040 1925 comanorum
1066 1837 1174 1923 comes
1198 1859 1237 1922 de

113 1967 230 2051 Seepus
256 1975 290 2033 et
315 1969 354 2033 tle
379 1968 513 2054 Wywar
547 1970 661 2034 dumus
688 1992 746 2054 pro
772 1970 936 2052 memoria,
963 1967 1050 2052 quod
1075 1967 1175 2050 Iseph
1196 1966 1235 2030 ele

112 2075 221 2142 Ruslra
243 2080 461 2162 personaliter
485 2085 596 2144 aeterne
622 2083 736 2143 contra
761 2077 922 2144 Thomam
946 2077 1049 2142 filium
1082 2074 1237 2140 Oormreli

112 2187 321 2267 personaliter
345 2193 508 2252 astantem
524 2189 558 2252 in
574 2185 679 2271 figura
695 2187 805 2252 iudicii
822 2189 856 2251 in
876 2187 997 2252 octavis
1023 2185 1236 2250 Pentecosten

112 2316 214 2358 eoram
232 2294 326 2359 nobis
342 2296 410 2377 egit
425 2295 644 2379 proponenda,
661 2295 748 2379 quod
765 2296 879 2378 quinta
895 2293 978 2360 seria
994 2295 1141 2378 proxima
1161 2299 1236 2375 post

112 2401 222 2466 testum
233 2401 446 2468 Pentecostes
468 2405 558 2467 cuius
570 2403 695 2468 decima
718 2403 867 2486 preteriit
877 2402 1038 2467 revolncio
1050 2402 1135 2466 idern
1151 2403 1236 2467 Tho-

111 2531 175 2574 mas
185 2511 272 2575 filius
284 2509 438 2576 Cerrardi
449 2534 546 2595 super
557 2511 687 2576 domum
698 2533 789 2577 suam
799 2513 832 2576 in
842 2513 1041 2595 possessione
1053 2534 1111 2576 sua
1121 2509 1236 2575 Ruslra

111 2621 300 2684 existentem
318 2621 544 2704 potencialiter
560 2622 697 2686 venisset
713 2627 854 2705 quatuor
871 2641 970 2704 equos
984 2643 1058 2684 suos
1070 2625 1102 2686 et
1111 2621 1144 2684 in
1156 2621 1237 2684 cista

111 2751 165 2792 sua
180 2728 244 2794 hoc
255 2733 304 2793 est
319 2729 352 2792 in
369 2730 487 2794 scrinio
505 2751 556 2794 res
573 2751 648 2794 suas
666 2731 904 2814 quinquaginta
920 2750 1101 2794 marcarum
1127 2729 1235 2794 ualon-

111 2843 155 2901 tes
170 2837 355 2920 recepisset,
372 2859 388 2901 e
406 2859 558 2902 corruerso
575 2836 717 2903 Thomas
732 2839 899 2922 predictus
915 2860 948 2903 se
965 2859 1029 2902 non
1045 2838 1160 2902 secisse
1176 2837 1235 2900 hec

109 2945 211 3008 omnia
228 2943 418 3027 denegarit3
435 2966 494 3010 nos
508 2947 621 3029 itaque
636 2945 757 3012 auditis
782 2948 928 3030 parcium
954 2945 1232 3030 proposicionibus

109 3053 287 3118 iudicantes
302 3053 501 3118 (lecrevimus
527 3053 614 3136 quod
630 3053 716 3118 idem
732 3055 831 3137 Iseph
857 3077 948 3118 suam
975 3055 1137 3118 accionem
1164 3047 1235 3136 pre·

110 3161 226 3226 dietam
243 3163 276 3226 in
292 3163 413 3226 octavis
430 3161 518 3226 beati
534 3160 558 3224 J
560 3162 697 3226 ohannis
708 3162 858 3245 Baptiste
870 3163 1017 3244 sequenti
1029 3161 1113 3248 (igp)
1125 3183 1234 3226 coram

109 3270 198 3334 nobis
214 3269 250 3333 in
266 3267 362 3334 Visul
378 3267 515 3334 testibus
533 3276 654 3352 quanto
671 3271 853 3335 evidencius
871 3252 993 3354 poterit
1018 3275 1132 3334 eontra
1149 3269 1235 3334 Tho-

108 3399 190 3442 mam
206 3376 371 3462 prelatum
396 3377 600 3461 approbabit,
626 3385 703 3443 ante
727 3377 977 3462 produceionem
1002 3399 1076 3442 vero
1102 3379 1234 3442 testium

107 3485 190 3550 idem
206 3487 306 3570 Iseph
323 3509 356 3552 se
373 3487 524 3572 expedire
541 3493 672 3552 tenetur
688 3510 784 3572 super
800 3488 919 3553 iudicio
933 3489 1031 3552 trium
1042 3508 1234 3552 marcarum.

109 3594 229 3660 Datum
246 3595 279 3659 in
303 3595 408 3679 Visul,
433 3601 548 3661 octavo
574 3595 625 3660 die
651 3597 779 3662 termini
805 3595 978 3680 prenotati,
1003 3617 1087 3660 anno
1113 3595 1235 3660 domini

107 3702 159 3766 M⁰
174 3701 278 3770 0000
292 3701 385 3768 XX⁰
401 3704 525 3788 quint-0.

212 3866 344 3917 Ztrletr'm
366 3867 458 3931 pecset
479 3867 657 3932 nyornaivel;
681 3867 811 3932 credetije
835 3883 866 3916 az
891 3867 1027 3917 01·sz.ltar
1046 3866 1144 3916 lrincst.
1168 3869 1234 3916 oszt.

107 3956 136 4004 N.
150 3957 182 4006 R.
197 3957 230 4005 Α.
247 3959 307 4007 861.
329 3962 351 4006 7.
365 3957 432 4021 dipl.
443 3957 515 4007 lter:
531 3961 608 4007 2301.
622 3955 719 4006 Kozrr:
740 3957 820 4022 Nagy
834 3957 933 4020 Gyula.
