3130 5470
515 475 610 543 1330.
637 495 739 545 mauu.
760 475 809 542 18.
1148 475 1212 542 tii

89 655 252 742 quondam
268 659 383 726 iudicis
416 659 456 724 de
472 664 580 725 castro
596 657 742 723 Budensi
760 659 802 724 ab
819 679 892 742 una,
912 678 1017 723 comes
1034 654 1221 741 Stephanus

90 768 191 831 trater
207 767 402 834 Oolomanui
418 767 496 832 civis
512 764 745 849 Strigoniensis
769 772 864 850 parte
890 787 930 830 ex
945 758 1052 830 altera
1067 765 1102 829 in
1118 767 1221 830 nostri

88 879 256 959 presencia
271 876 487 962 personaliter
503 876 673 941 constituti
689 875 775 940 idem
801 876 957 959 magister
984 873 1171 958 Stephanus
1188 925 1195 939 .
1212 925 1218 939 .

91 983 256 1050 confessus
273 991 345 1050 est.
362 1035 369 1050 .
387 983 475 1068 quod
492 984 567 1067 quia
583 982 730 1067 prefatus
746 979 854 1048 come's
871 981 1056 1067 Stephanus
1068 1003 1107 1046 ex
1123 988 1216 1065 parte

93 1094 209 1159 nobilis
227 1101 261 1158 et
276 1094 410 1159 honeste
436 1093 565 1159 domine
592 1090 689 1156 Anna
714 1098 828 1158 uocate
853 1091 919 1156 filie
948 1091 1074 1156 comitis
1090 1088 1221 1155 Nicolai

90 1200 147 1265 filii
163 1199 289 1266 Rubini
306 1203 383 1266 civis
399 1199 631 1284 Strigoniensis
658 1202 815 1266 consortis
832 1222 888 1265 sue
913 1201 947 1263 in
963 1199 1050 1266 linea
1065 1199 1218 1280 proximi-

92 1311 169 1374 tatis
186 1309 251 1374 sibi
268 1311 408 1375 attineat
424 1309 495 1374 ideo
521 1310 685 1392 quoddam
703 1331 797 1375 suum
813 1307 976 1392 palacium
1001 1308 1078 1372 olim
1095 1306 1219 1388 Zenye-

91 1417 247 1502 palataya
272 1423 422 1484 vocatum
447 1418 481 1483 in
506 1419 638 1484 civitate
664 1416 880 1500 Strigoniensi
903 1417 937 1481 in
953 1416 1024 1481 loco
1041 1415 1103 1481 fori
1118 1435 1220 1500 prope

90 1525 284 1591 Danubium
300 1526 333 1590 in
349 1526 515 1591 vicinitate
532 1524 701 1592 domorum
716 1525 810 1590 Petri
835 1521 996 1590 camificis
1013 1522 1091 1588 dicti
1112 1522 1217 1588 Whur

91 1639 223 1718 aparte
240 1633 499 1718 septemtrionali
516 1639 549 1698 et
572 1631 706 1718 Nykkyl
721 1631 782 1698 filii
797 1632 963 1716 Ludueyg
979 1654 999 1698 a
1015 1637 1110 1716 parte
1125 1632 1219 1696 meri-

91 1742 216 1807 dionali
233 1743 423 1807 existentem
441 1747 474 1806 et
490 1741 693 1808 adiacentem
709 1741 927 1806 mediantibus
952 1740 1073 1804 litteris
1088 1739 1218 1823 privile-

94 1850 238 1934 gialibus
252 1850 453 1916 honorabilis
478 1851 614 1934 capituli
631 1850 863 1934 Strigoniensis
889 1855 921 1914 et
945 1849 1064 1914 nostris
1089 1847 1132 1912 ad
1147 1869 1219 1931 pre,-

96 1959 200 2024 latum
217 1960 365 2026 comitem
390 1957 579 2026 Walterum
594 1965 722 2044 patrem
739 1981 832 2024 suum
848 1965 881 2024 et
896 1957 939 2023 ad
962 1959 1069 2041 ipsum
1096 1956 1135 2021 de
1151 1957 1221 2021 iure

93 2075 125 2130 et
141 2067 287 2150 legitime
303 2067 491 2132 devolutum
521 2071 622 2150 prout
653 2067 687 2132 iu
718 2067 795 2149 ipsis
821 2065 1079 2150 privilegialibus
1104 2065 1224 2130 litteris

91 2174 185 2240 nobis
201 2196 260 2258 per
277 2175 413 2240 eundem
429 2176 619 2258 magistrum
638 2171 840 2256 Stephanum
865 2172 1018 2238 exhibitis
1035 2174 1163 2258 plenius
1179 2175 1223 2238 vi·

95 2282 203 2347 dimus
221 2285 389 2364 contineri,
405 2284 440 2348 in
457 2283 585 2366 siguum
595 2283 749 2366 specialis
765 2281 954 2346 dileccionis
970 2281 1056 2346 dicte
1072 2281 1225 2365 proximi·

93 2391 173 2454 tatis
190 2390 390 2456 vendidisset
400 2389 528 2474 prelato
546 2391 654 2455 comiti
671 2388 838 2472 Stephano
864 2387 958 2454 fratri
985 2386 1177 2454 Oolomanni
1192 2395 1225 2452 et

91 2519 152 2580 pro
185 2499 426 2581 quinquaginta
458 2499 575 2563 marcis
606 2497 735 2581 argenti
766 2497 1017 2562 mercimonialis
1042 2544 1073 2562 ..
1100 2501 1132 2560 et
1164 2517 1223 2581 per

90 2607 198 2688 ipsum
216 2606 368 2672 comitem
385 2603 587 2690 Stephanum
604 2606 669 2671 suis
696 2589 891 2670 heredibus.
908 2655 915 2668 .
931 2605 1002 2668 iure
1018 2611 1176 2690 perpetuo
1192 2653 1199 2669 .
1217 2629 1224 2668 ·.

90 2711 325 2796 possidendum
342 2763 349 2776 .
365 2713 592 2796 privilegium
617 2733 692 2777 vero
709 2711 790 2776 dicti
806 2711 943 2795 capituli
969 2716 1002 2776 et
1025 2719 1174 2778 nostrum
1190 2711 1224 2775 in

83 2841 208 2904 ⁴manus
227 2819 369 2884 eiusdem
386 2821 513 2886 comitis
531 2817 690 2905 Stephani
706 2821 741 2884 in
756 2819 859 2884 nostri
884 2821 1053 2904 presencia
1068 2822 1102 2885 in
1117 2820 1224 2905 specie

91 2930 213 2994 statuit
229 2935 262 2993 et
278 2928 456 3011 assignavit
473 2929 627 2994 maiorem
643 2927 686 2993 ad
703 2928 864 2993 cautelam
881 2927 978 2994 huius
994 2927 1074 2994 facti
1102 2929 1224 3012 obliga-

88 3038 137 3101 uit
153 3056 189 3101 se
215 3036 303 3120 quod
319 3037 345 3101 si
372 3036 499 3118 aliquas
524 3037 653 3102 litteras
678 3058 775 3121 super
799 3037 887 3102 facto
913 3036 993 3102 dicti
1018 3037 1149 3120 pallacii
1175 3037 1226 3102 sui
1285 3071 1290 3081 .

89 3142 181 3226 apud
207 3165 241 3208 se
266 3143 474 3209 intrandam
499 3149 680 3210 reservaret
705 3145 819 3228 quovis
846 3145 954 3210 colore
982 3150 1014 3209 et
1029 3145 1058 3210 si
1073 3165 1225 3227 processu

90 3259 280 3336 temporum
297 3250 384 3334 quod
401 3250 487 3316 absit
504 3251 537 3314 in
555 3250 659 3316 lucem
674 3271 732 3335 per
758 3251 898 3316 eundem
922 3272 977 3316 seu
993 3273 1053 3336 per
1068 3253 1150 3317 alios
1173 3273 1226 3316 ex-

91 3359 287 3424 hiberentur
303 3379 410 3424 cassas
428 3359 555 3424 easdem
572 3359 705 3443 reliquit
721 3381 790 3424 esse
816 3365 849 3424 et
865 3360 980 3426 inanes
1004 3363 1135 3445 penitus
1151 3361 1225 3425 viri-

87 3467 150 3533 bus
168 3465 334 3532 firmitatis
351 3467 520 3550 carituras,
536 3468 669 3551 insuper
685 3467 770 3532 idem
787 3468 944 3550 magister
959 3467 1144 3553 Stephanus
1154 3473 1223 3533 tarn

88 3598 148 3660 per
167 3597 203 3640 se
221 3596 318 3658 quam
334 3596 393 3659 per
410 3597 483 3640 suos
509 3573 648 3641 firmiter
673 3575 846 3640 assumsit.
864 3625 871 3641 .
888 3575 1050 3660 profatum
1076 3577 1226 3641 comitem

88 3667 301 3768 Stephanum
317 3681 453 3748 fratrem
470 3681 661 3749 Solomanni
678 3691 710 3748 et
726 3705 801 3750 suos
817 3684 952 3750 heredes
968 3685 1002 3749 in
1012 3683 1160 3768 predicto
1169 3705 1226 3767 pa·

90 3793 182 3858 lucio
198 3789 333 3876 pacifice
350 3797 459 3856 tenere
476 3799 509 3858 et
526 3813 718 3859 conservare
735 3843 742 3857 .
759 3792 907 3858 ‚Datum
938 3793 972 3857 in
989 3791 1149 3858 dominica
1164 3789 1227 3856 Le·

86 3909 160 3966 tare
179 3899 375 3984 Jerusalem,
392 3923 477 3966 anno
494 3901 617 3967 domini
632 3901 685 3966 hi⁰
702 3899 803 3968 0000
818 3901 956 3967 XXX0.

203 4063 368 4114 Teredezett
393 4065 478 4129 fuggtt
492 4063 626 4128 peosdttel
650 4064 1028 4129 asontoyrographumma13
1052 4061 1181 4127 eredetijo
1194 4075 1226 4111 az

86 4170 157 4208 orsa.
182 4157 241 4206 ltar
265 4154 365 4206 kinost.
389 4159 455 4204 oszt.
478 4156 511 4204 N.
525 4157 557 4204 R.
570 4156 603 4206 A.
618 4161 677 4208 406.
693 4160 735 4206 41.
750 4155 818 4219 dipl.
832 4155 903 4205 lter:
919 4160 997 4207 2594.
1011 4154 1108 4204 szli:
1123 4153 1226 4204 Vincze

85 4249 193 4298 (labor.

583 4443 741 4454 *nn—nnn·—
