3240 5460
644 469 738 532 1322.
755 487 830 534 asic.
853 472 901 533 17.
1297 479 1339 541 43

206 645 366 728 antefficti
381 650 526 733 legitime
543 649 735 732 expectante
747 643 829 736 (igy)
847 669 956 716 coram
971 650 1072 720 uobis.
1082 651 1207 721 Datum
1224 656 1339 741 quinto

207 769 261 835 die
288 765 525 853 quindenarum
549 758 779 847 predictarum,
803 780 889 825 anno
914 758 1036 827 domini
1059 761 1114 830 Μ0
1131 760 1232 832 0000
1247 762 1340 832 XX⁰

206 877 357 944 secundo.

315 1003 407 1055 Βότω
418 998 561 1051 ηὲᾶοῃιεὶι
582 997 792 1048 Debreozenben
816 998 894 1046 1522.
908 1011 971 1062 sug.
997 997 1077 1049 ltutn
1091 999 1150 1050 kalt
1161 1001 1340 1054 litletlevelt·

206 1097 263 1158 bol,
286 1091 415 1156 melynck
429 1087 558 1154 eredetije
571 1101 603 1137 az
616 1101 685 1136 orsa.
699 1086 755 1136 ltdr
766 1086 866 1138 kincst.
881 1091 947 1138 oszt.
967 1087 1001 1139 N.
1016 1088 1049 1138 R.
1060 1088 1093 1138 A.
1110 1093 1187 1141 1534.
1207 1094 1250 1141 42.
1272 1091 1340 1157 dipl,

205 1186 237 1236 lt.
250 1187 329 1235 2115.
339 1183 373 1232 V.
384 1183 408 1231 ὁ.
421 1179 537 1230 ffintebb
559 1181 601 1228 24.
615 1191 651 1227 sz.
662 1191 686 1226 a.
699 1175 740 1226 Aa
751 1175 859 1228 oklerdl
871 1177 1011 1243 annyiban
1023 1177 1144 1244 erdelres,
1157 1181 1232 1245 hogy
1245 1191 1263 1234 a
1277 1181 1341 1232 »tri-

206 1279 260 1327 bus
281 1274 350 1326 foris
381 1266 681 1335 provincialibusedtle
712 1269 938 1331 proclamaltatts
959 1268 1155 1322 elrendslestre
1176 1272 1260 1338 egyik
1281 1271 1340 1322 else

208 1367 307 1417 aristot
319 1359 502 1428 szolgtltatja.
515 1357 596 1410 Kozli
607 1373 613 1408 :
626 1357 652 1408 N
653 1370 706 1423 sgy
721 1357 820 1423 Gyula.

694 1501 855 1512 --—u—-

748 1628 799 1693 34.

210 1803 306 1865 1322.
322 1819 394 1882 eug.
416 1797 466 1860 17.
492 1794 522 1860 A
541 1795 694 1880 persequi
716 1793 876 1879 kdptalaa
892 1793 964 1858 elect
984 1791 1104 1880 Cymbe
1129 1797 1250 1880 Ieteda,
1274 1798 1341 1862 Do-

207 1909 317 1973 mokos
334 1906 431 1970 athai
446 1902 689 1985 ruiclcraalofia,
705 1905 787 1987 hoqy
803 1901 1004 1984 Ietodufiait
1020 1901 1169 1990 Geryelyt
1185 1908 1217 1970 έε
1234 1906 1342 1970 Pe‘tert

210 2015 325 2101 almodo
341 2013 521 2100 meqdlete'ee
538 2014 628 2076 irciat
644 2009 808 2091 kibe'kitee,
824 2009 968 2074 Dobolch
991 2020 1073 2077 aevu
1089 2011 1268 2078 tiricastel
1283 2035 1341 2099 egy

588 2122 670 2185 adeat
686 2118 796 2203 redjolo
812 2120 957 2184 citratos.

317 2282 507 2369 Capitulum
533 2279 667 2348 ecclesie
682 2277 772 2345 beati
795 2275 889 2344 Petri
906 2278 945 2344 de
960 2277 1091 2365 Posaga
1107 2331 1114 2346 .
1131 2331 1138 2346 .
1154 2281 1197 2347 ad
1213 2283 1341 2348 univer·

207 2419 320 2464 sorum
336 2445 342 2459 .
360 2444 367 2458 .
383 2392 537 2458 noticiam
552 2394 665 2455 tenore
681 2388 882 2472 presencium
899 2387 1045 2454 volumus
1060 2390 1237 2474 pervenire,
1254 2390 1341 2474 quod

208 2503 373 2588 Gregorio
399 2506 433 2566 et
456 2498 558 2565 Petro
583 2496 659 2562 filiis
683 2495 816 2562 Nicolai
840 2493 899 2561 filii
925 2493 1077 2581 Gregorii
1103 2519 1162 2582 pro
1182 2519 1216 2563 se
1232 2504 1265 2564 et
1280 2520 1340 2583 pro

207 2614 317 2681 Paulo
339 2633 377 2678 ec
400 2610 512 2676 Pousa
536 2605 693 2672 fratribus
717 2607 861 2690 ipsorum
887 2605 928 2671 ab
952 2627 1018 2671 una
1042 2611 1145 2691 parte,
1170 2605 1211 2673 ab
1236 2607 1342 2674 altera

206 2745 286 2791 vero
301 2721 458 2804 magistro
483 2715 650 2801 Stephano
667 2714 753 2781 dicto
771 2711 895 2800 Cymbe
914 2711 981 2781 filio
997 2713 1160 2782 Dominioi
1177 2716 1341 2801 quondam

206 2830 350 2917 palatini
365 2829 399 2892 in
414 2826 518 2892 nostri
528 2824 695 2910 presencia
705 2823 920 2906 personaliter
930 2823 1124 2906 constitutis,
1139 2826 1342 2909 propositum

209 2940 322 3006 extitit
336 2959 394 3022 per
411 2934 562 3002 eosdem.
581 2937 640 2998 .ut
655 2931 753 2996 iidem
768 2929 828 2996 filii
853 2929 984 2997 Nicolai
1001 2929 1060 2996 filii
1077 2928 1229 3015 Gregorii
1245 2955 1341 3018 super

207 3053 315 3116 morte
331 3097 338 3112 .
355 3097 362 3112 .
378 3044 482 3130 patris
492 3043 635 3128 ipsorum
651 3063 710 3125 per
720 3040 877 3126 quosdam
894 3040 936 3106 ad
951 3040 1134 3126 predictum
1149 3042 1342 3126 magistrum

208 3155 414 3240 Stephanum
431 3151 554 3217 dictum
564 3147 689 3236 Gymba
704 3151 904 3233 pertinentes
919 3198 926 3214 .
944 3197 951 3213 .
968 3147 1130 3214 interiecti
1146 3171 1219 3215 eum
1229 3150 1342 3216 eodem

204 3265 365 3348 magistro
375 3259 542 3345 Stephano
559 3257 601 3324 ad
617 3307 624 3323 .
641 3307 647 3322 .
663 3258 752 3341 pacis
763 3255 968 3322 concordiam
979 3255 1190 3342 devenissent,
1206 3258 1240 3322 in
1255 3257 1343 3323 hunc

207 3372 342 3439 modum
358 3369 517 3452 videlicet,
529 3366 616 3452 quod
631 3365 717 3431 idem
727 3366 882 3449 magister
892 3363 1079 3450 Stephanus
1095 3365 1200 3432 dictus
1218 3363 1342 3452 Gymba

207 3477 445 3566 prenominatis
469 3474 545 3541 filiis
561 3472 692 3540 Nicolai
716 3472 777 3538 filii
802 3469 956 3556 Gregorii
976 3474 1010 3537 in
1035 3473 1341 3542 satisfaccionem..

208 3586 376 3675 quandam
401 3591 524 3650 terram
549 3602 638 3648 suem
656 3603 712 3648 seu
728 3581 961 3666 possessionem
979 3586 1147 3666 exceptam
1164 3583 1204 3648 de
1219 3605 1341 3668 posses-

205 3700 300 3764 sione
325 3717 384 3762 sua
407 3693 559 3762 Dobolch
578 3697 693 3759 vocata
718 3691 812 3757 metis
837 3695 870 3757 et
894 3691 1040 3756 terminis
1064 3691 1279 3777 infrascriptis
1296 3695 1341 3760 di-

205 3807 363 3872 stinctam
379 3809 412 3869 et
427 3807 620 3887 separatam,
630 3802 709 3866 item
718 3823 820 3866 unum
835 3805 987 3886 stagnum
1003 3823 1097 3866 suum
1113 3823 1169 3867 seu
1185 3803 1341 3885 piscinam

205 3914 249 3980 de
266 3910 418 3979 Dobolch
433 3911 610 3995 vulgariter
626 3906 761 3995 Gragya
775 3914 924 3976 vocatam
939 3911 972 3974 in
989 3931 1076 3994 aqua
1092 3907 1261 3976 Oherneoh
1276 3912 1341 3978 exi·

204 4025 349 4089 stentem
364 4041 505 4086 unacum
521 4019 647 4086 duobus
671 4018 815 4084 introitis
839 4039 923 4103 aque
938 4017 1117 4104 vulgariter
1137 4015 1193 4084 folr
1219 4021 1341 4086 vocatis

205 4128 478 4214 Gwnkopanicha
494 4133 527 4194 et
542 4127 663 4196 Sanina
678 4126 828 4192 videlicet
852 4128 1049 4210 nuncupatis
1065 4126 1227 4193 dedisset.
1245 4177 1252 4193 .
1267 4129 1339 4194 iure

202 4243 365 4324 perpetuo
381 4287 389 4303 .
406 4287 413 4302 .
429 4236 577 4320 obligans
596 4257 629 4302 se
640 4235 849 4302 nihilominus
865 4233 1011 4319 prefatus
1029 4237 1185 4320 magister
1201 4233 1339 4320 Stepha-

202 4369 270 4412 nus
293 4345 401 4411 dictus
426 4341 550 4430 Gymba
574 4349 607 4409 et
631 4365 705 4410 suos
730 4365 928 4410 successores
943 4393 950 4409 .
967 4393 974 4409 .
990 4346 1232 4428 prenominatos
1257 4343 1341 4412 filios

201 4455 338 4522 Nicolai
355 4504 362 4518 .
379 4504 386 4518 .
403 4451 576 4537 expedire.
593 4501 600 4518 .
616 4453 673 4537 qui
689 4453 716 4518 si
732 4451 883 4536 expedire
901 4474 966 4520 non
982 4459 1113 4538 possent
1130 4458 1249 4520 extunc
1264 4477 1339 4521 con-

201 4571 262 4630 tra
285 4561 430 4648 prefatos
463 4560 547 4628 filios
572 4559 703 4628 Nicolai
719 4561 808 4626 ultra
832 4561 991 4646 integrale
1010 4561 1220 4629 houdeidium
1236 4564 1340 4646 patris

200 4671 393 4740 eorumdem
418 4673 627 4756 prenotatum
651 4670 686 4738 iu
702 4669 943 4756 quinquaginta
967 4671 1086 4738 marcis
1102 4670 1171 4755 ipso
1187 4667 1275 4738 iacto
1291 4691 1340 4738 re·
