3130 5470
267 393 331 454 392
619 402 808 454 surouuoru
824 391 1041 452 ouuluxrts.

265 591 337 635 rum
355 573 387 634 et
403 570 476 636 alus
487 568 614 634 iniuriis
625 589 664 634 ac
674 567 858 653 specialiter
875 589 973 652 super
984 569 1087 634 morto
1098 589 1155 635 seu
1166 569 1397 635 interemcione

264 678 426 744 dictorum
436 674 927 762 PoteudswalusssLaurencii
939 675 978 742 de
990 673 1107 743 Ahton
1128 681 1161 743 ot
1179 676 1347 745 Dominioi
1359 678 1397 744 de

264 786 431 870 Zalazegh
448 787 659 852 serviencium
675 786 775 869 ipsius
790 785 938 868 magistri
955 785 1065 851 Dessu
1080 786 1159 851 licet
1175 791 1325 870 temporo
1341 809 1394 852 sus

265 895 507 979 composicionis
527 893 775 978 acquisicionom
796 894 909 958 mortis
920 899 952 958 et
971 894 1138 959 occisionis
1152 895 1219 960 iam
1235 893 1396 961 dictorum

267 1003 479 1070 seruiencium
510 1023 641 1069 suorum
657 1000 743 1067 idem
758 1003 914 1086 magister
929 1002 1040 1068 Deseu
1065 1004 1196 1068 omnino
1223 1005 1398 1071 excluserit

266 1119 375 1180 tamen
391 1110 616 1178 amicabilibus
633 1110 921 1195 composicionibus
938 1117 970 1176 st
980 1111 1228 1179 induccionibus
1238 1113 1397 1180 baronum

266 1229 300 1287 et
315 1220 407 1305 regni
423 1220 581 1286 nobilium
605 1219 895 1286 intervenientibus
921 1220 961 1285 de
977 1225 1089 1286 nostro
1114 1220 1287 1288 iudiciario
1304 1223 1396 1288 bens·

269 1331 391 1416 placito
407 1331 441 1396 in
457 1331 559 1396 talem
575 1332 664 1416 pacis
680 1335 713 1395 et
728 1330 899 1397 concordie
915 1332 1069 1398 unionem
1084 1352 1118 1397 se
1135 1331 1291 1398 dixerunt
1307 1331 1396 1398 deve·

267 1441 352 1507 nisse
369 1490 376 1504 .
392 1489 399 1504 .
416 1445 454 1504 ut
468 1438 634 1524 predictus
660 1437 807 1506 Mathias
822 1437 908 1505 filius
924 1436 1060 1504 Andros
1086 1461 1227 1506 unacum
1255 1441 1394 1506 discreto

268 1549 337 1614 viro
352 1549 509 1631 magistro
526 1545 694 1631 Stephane
718 1549 885 1632 preposito
902 1547 1036 1614 ecclesis
1051 1545 1281 1614 Waradiensis
1297 1549 1396 1616 fratrs

268 1677 326 1724 sue
342 1657 470 1722 uterino
502 1655 667 1740 quandam
683 1656 918 1740 possessionem
935 1653 1073 1740 Mykola
1088 1661 1236 1722 vocatam
1253 1658 1288 1722 in
1305 1658 1396 1724 comi·

270 1770 343 1831 tatu
358 1763 544 1830 Biboriensi
562 1764 753 1830 existentem
784 1765 1070 1850 impignoracionis
1086 1765 1182 1832 titulo
1199 1765 1396 1832 evidentissi-

266 1895 391 1940 morum
407 1873 695 1938 instrumentorum
720 1873 837 1938 robore
863 1895 883 1939 a
909 1871 1029 1939 Gwreu
1054 1872 1122 1939 filio
1146 1873 1315 1940 Johannis
1338 1873 1396 1940 sibi

269 1984 455 2050 devolutam
485 1986 523 2047 ut
548 1982 701 2048 dicebant
726 1983 760 2047 in
785 1982 935 2066 prodicta
958 1983 1095 2068 pecunie
1120 1985 1309 2067 quantitate
1340 2005 1396 2050 nec

268 2091 385 2157 maiori
401 2111 460 2157 nec
475 2091 592 2158 minori
607 2091 641 2156 in
658 2113 724 2176 qua
739 2090 868 2156 eosdem
893 2089 1057 2156 Mathiam
1083 2089 1187 2156 filium
1212 2087 1349 2156 Andros
1366 2099 1396 2158 et

269 2201 434 2267 dominum
460 2198 664 2285 Stephanum
688 2201 889 2285 prepositum
913 2197 1050 2264 fratrem
1074 2221 1167 2264 suum
1191 2199 1326 2266 racione
1351 2201 1396 2286 pi·

272 2309 382 2395 gnoris
397 2311 448 2374 vel
464 2310 575 2394 aliqua
591 2309 657 2375 alia
673 2309 827 2374 cauciene
843 2309 984 2373 attinere
1000 2307 1201 2392 dignoscitur
1211 2309 1280 2374 iam
1296 2311 1394 2375 nomi-

266 2423 345 2496 nato
361 2419 518 2503 magistro
542 2417 652 2484 Deseu
669 2439 777 2484 coram
793 2415 933 2501 Symone
948 2417 1079 2483 homins
1100 2417 1223 2482 domini
1253 2419 1341 2502 rogis
1364 2423 1395 2483 et

267 2527 450 2606 testimonio
467 2527 603 2611 capituli
619 2527 754 2592 ecclesie
770 2525 997 2596 Waradiensis
1007 2527 1076 2591 sino
1091 2525 1243 2591 illaeiene
1259 2527 1394 2592 alieuius

268 2636 500 2702 destruccionis
525 2640 558 2700 et
583 2635 705 2720 absquo
730 2635 868 2718 aliquali
893 2633 1117 2719 impedimenti
1141 2633 1337 2702 intermedio
1359 2635 1391 2700 in

185 2737 190 2747 ’
268 2743 390 2810 octavis
405 2741 495 2808 beati
511 2740 648 2827 Georgii
663 2743 807 2808 martiris
823 2763 909 2808 nunc
919 2744 1065 2810 venturis
1081 2747 1226 2810 statuere
1236 2765 1390 2810 assumse-

269 2857 356 2933 runt,
388 2851 448 2917 tali
472 2851 601 2917 vinculo
627 2851 833 2935 obligaminis
848 2851 1022 2918 interiecto
1039 2851 1127 2936 quod
1151 2853 1178 2918 si
1202 2853 1309 2938 ipsam
1324 2875 1394 2937 pos·

266 2959 492 3026 sessionariam
507 2961 721 3028 statucienem
746 2981 783 3026 oo
798 2962 869 3026 iure
886 2983 950 3046 quo
967 2961 1009 3027 ad
1024 2962 1111 3045 ipsos
1126 2960 1222 3028 modo
1239 2964 1393 3045 premisso

265 3069 429 3154 portinere
455 3067 656 3152 dignoscitur
680 3071 915 3136 contumaciter
945 3069 1053 3134 facere
1077 3091 1143 3136 non
1168 3075 1323 3137 curarent
1344 3071 1394 3136 rel

264 3199 328 3244 non
345 3183 477 3262 possent
491 3181 610 3242 extunc
640 3177 780 3244 secundo
806 3178 858 3244 die
889 3185 1077 3244 octavarum
1101 3176 1313 3246 Ascensionis
1339 3180 1395 3246 do-

266 3285 345 3350 mini
362 3283 443 3352 duas
459 3285 677 3370 possessiones
693 3285 813 3352 similes
824 3293 857 3351 et
873 3287 1003 3371 equales
1018 3287 1179 3354 utilitates
1194 3286 1352 3354 habentes
1360 3289 1394 3354 in

266 3415 381 3459 manus
398 3391 541 3458 eiusdem
556 3393 705 3476 magistri
720 3393 832 3462 Doseu
848 3397 934 3462 omni
944 3396 1114 3460 occasione
1128 3397 1312 3482 postposito
1323 3418 1391 3482 pro-

268 3499 414 3566 sentibus
429 3501 507 3584 ipsis
522 3499 652 3566 homins
668 3501 791 3567 domini
807 3503 892 3585 regis
909 3509 942 3568 et
958 3503 1143 3568 testimonio
1160 3503 1241 3570 dicti
1257 3504 1392 3589 capituli

266 3608 493 3675 Waradiensis
509 3613 546 3674 nt
562 3613 677 3695 sponte
693 3631 727 3675 se
744 3610 934 3696 obligarunt
957 3613 1036 3678 dare
1052 3617 1086 3678 et
1101 3613 1268 3697 assignare
1284 3634 1394 3699 perpe-

268 3725 324 3784 tuo
349 3717 554 3801 tenebuntur,
580 3719 732 3785 universa
756 3725 867 3785 autem
891 3721 1110 3787 instrumenta
1124 3721 1169 3786 iu
1193 3720 1283 3788 facto
1308 3723 1393 3789 dicte

267 3827 480 3912 possessionis
504 3825 641 3912 Mylrola
667 3826 814 3894 confecta
838 3829 873 3893 in
897 3831 1020 3894 octaris
1048 3827 1286 3897 Ponthoccstes
1312 3853 1394 3898 nunc

265 3935 410 4000 venturis
435 3935 539 4002 eidem
555 3937 712 4019 magistro
728 3936 839 4003 Dessu
854 3938 982 4022 penitus
1007 3943 1041 4002 et
1055 3939 1091 4003 in
1106 3944 1178 4004 tote
1194 3939 1274 4004 dare
1301 3946 1335 4005 et
1349 3961 1395 4006 as·

266 4046 394 4129 signare
409 4065 444 4110 so
461 4044 649 4128 obligarunt
664 4067 704 4111 ca
719 4047 908 4113 condicione
923 4052 962 4114 ut
976 4048 1004 4112 si
1020 4067 1086 4131 qua
1102 4047 1142 4113 de
1159 4047 1280 4113 eisdem
1297 4050 1396 4116 tacita

268 4152 448 4219 calliditate
462 4153 497 4218 in
521 4152 668 4220 fraudem
693 4155 794 4239 ipsius
818 4157 967 4241 magistri
992 4155 1104 4222 Deseu
1128 4163 1334 4223 reservarent
1349 4179 1394 4223 rs

269 4265 462 4346 servataque
479 4264 595 4328 contra
610 4262 716 4346 ipsum
732 4267 766 4329 et
782 4285 857 4329 euos
872 4263 1007 4330 horodes
1016 4265 1079 4348 ipsi
1095 4267 1128 4329 st
1144 4285 1256 4329 eorum
1273 4285 1394 4332 succes-

269 4389 356 4436 sores
372 4370 527 4454 temporis
542 4371 576 4436 in
593 4371 755 4438 curriculo
770 4373 804 4438 in
828 4371 886 4438 lite
901 4373 952 4438 rol
977 4378 1070 4438 extra
1095 4373 1188 4439 litem
1205 4373 1394 4441 exhiberent

268 4477 318 4540 vel
335 4476 479 4542 exhiberi
495 4477 647 4562 facerent,
665 4480 936 4548 calumniancium
952 4505 989 4548 eo
1005 4481 1093 4548 facto
1109 4483 1317 4567 perciperent
1325 4504 1394 4568 por·

269 4585 392 4652 cionem
410 4605 449 4653 ac
466 4593 621 4672 tanquam
638 4589 786 4673 impliciti
805 4590 1054 4657 carlumniatoros
1070 4590 1198 4657 ulcione
1214 4589 1327 4658 debita
1339 4613 1394 4678 pu·
