3152 5472
333 491 397 558 608
692 508 880 560 aurocroar
896 497 1114 560 onniurrrln.

333 671 464 740 easdam
483 674 601 740 nostris
615 673 720 741 literis
745 674 892 744 inseri..
925 674 1133 761 dignaremur
1159 725 1190 740 ..
1222 697 1353 761 quarum
1379 672 1443 741 lite-

333 802 443 849 rarum
479 787 572 850 tenor
598 781 675 849 talis
700 783 950 851 est:Johannes
970 784 1270 871 episcopusservus
1292 805 1445 851 serrorum

335 889 387 956 dei
414 941 446 958 ..
478 890 588 958 abbati
620 892 806 959 monasterii
839 893 936 960 beate
966 890 1075 958 Mario
1109 891 1149 958 da
1189 891 1299 958 Bokan
1323 891 1446 976 Vespri·

335 999 466 1066 miensis
485 997 622 1068 diocesis
637 1051 669 1068 ..
700 1002 868 1086 conquesti
899 1006 975 1069 sunt
990 999 1082 1068 nobis
1113 1001 1215 1070 abbas
1231 1007 1262 1068 et
1285 1009 1447 1070 conventus

336 1109 525 1176 monasterii
541 1109 580 1176 de
596 1131 688 1176 sacro
704 1116 813 1176 monto
828 1109 997 1176 Pannonio
1022 1111 1065 1177 ad
1089 1109 1270 1178 Romanam
1293 1111 1448 1178 ecclesiam

337 1217 427 1284 nullo
443 1215 549 1284 medio
574 1219 767 1302 pertinentis
801 1217 924 1285 ordinis
948 1219 1053 1284 sancti
1083 1217 1254 1286 Benedicti
1283 1219 1451 1286 daurieuais

336 1325 482 1410 diocesis,
499 1324 586 1410 quod
602 1329 710 1393 rector
727 1325 859 1393 ecclesie
875 1326 915 1393 do
931 1325 1059 1411 Segnsd
1069 1327 1449 1413 Vesprimiensisdiocesis

337 1453 435 1520 super
451 1431 644 1519 quibusdam
660 1433 792 1501 decimis
808 1439 842 1500 et
857 1433 954 1502 rebus
964 1435 1038 1500 aliis
1048 1434 1090 1502 ad
1101 1435 1225 1502 dictum
1234 1437 1450 1503 monasterium

338 1539 559 1627 spectantibus
586 1539 795 1607 ininriaretur
821 1541 955 1624 eisdem;
984 1541 1119 1627 ideoque
1143 1543 1327 1610 mandamus
1348 1551 1452 1628 quate

338 1673 399 1718 nus
415 1651 564 1738 partibus
584 1651 766 1718 convocatis
793 1651 907 1718 audias
922 1673 1050 1718 eausam
1067 1653 1325 1738 ctappellacione
1338 1659 1452 1720 remota

339 1760 448 1828 debito
465 1757 528 1826 fine
544 1759 684 1842 decidas,
699 1758 820 1826 faciens
836 1760 924 1845 quod
948 1759 1126 1826 decreveris
1151 1781 1210 1844 per
1230 1781 1385 1827 censuram
1409 1782 1452 1826 ec·

340 1869 552 1936 cleaiasticam
567 1867 704 1934 firmiter
720 1867 902 1952 observari;
920 1873 1018 1935 testes
1036 1874 1144 1934 sautem
1161 1869 1218 1952 qui
1233 1868 1347 1934 fuerint
1361 1869 1451 1936 nomi-

340 1977 409 2044 nati
425 1977 452 2042 ai
468 1999 501 2042 se
518 1975 626 2061 gracia
650 1976 723 2042 odio
750 1977 799 2042 vel
825 1977 943 2043 timore
969 1976 1190 2044 subtraxerint
1215 1999 1346 2044 censura
1366 1978 1451 2042 simili

340 2085 561 2171 appollaoione
592 2089 737 2152 cessante
783 2085 957 2170 compellas
988 2086 1118 2150 veritati
1150 2087 1363 2152 testimonium
1388 2108 1451 2172 per·

340 2192 460 2260 hibere.
491 2192 617 2260 Datum
654 2189 816 2260 Arinione
839 2192 995 2260 kalendas
1020 2193 1113 2278 Julii,
1137 2194 1342 2278 pontificatus
1364 2196 1452 2262 nostri

341 2321 424 2368 anno
449 2300 700 2384 quartodecimo.
732 2299 802 2367 Nos
829 2323 904 2368 uero
920 2352 952 2367 ..
982 2309 1176 2368 memoratas
1206 2303 1318 2370 literas
1347 2305 1450 2370 nostris

341 2409 445 2476 literis
465 2409 657 2476 inseruimus
674 2459 702 2476 ..
735 2415 767 2474 et
783 2409 915 2476 fecimus
930 2410 1037 2494 sigillo
1057 2412 1158 2478 nostri
1175 2413 1308 2495 capituli
1324 2463 1353 2479 ..
1379 2433 1451 2478 com·

342 2517 469 2583 muniri.
509 2516 633 2583 Datum
674 2521 785 2584 octavo
809 2517 966 2584 kalendas
996 2519 1089 2604 Julii,
1120 2542 1205 2588 anno
1237 2521 1451 2586 incarnacionis

342 2624 464 2690 domini
487 2623 541 2689 Μ0
557 2622 656 2690 000⁰
671 2622 801 2690 ΧΧΧο
825 2625 973 2709 secundo,
1005 2625 1134 2694 domino
1150 2625 1291 2694 Nicolao
1305 2627 1449 2713 preposito

343 2731 384 2799 de
399 2737 512 2800 sancto
528 2729 720 2816 Adalberto‚
745 2731 882 2802 Matheo
906 2734 1036 2819 lectore,
1055 2731 1198 2820 Georgio
1215 2743 1351 2820 cantore,
1366 2734 1451 2801 Petro

344 2841 476 2908 custode
497 2840 719 2908 existentibus.

450 3004 679 3068 Htrtyaszcleten
692 3004 779 3070 itiggb
794 3007 944 3071 pecsttte13
975 3007 1108 3072 eredetije
1121 3021 1138 3057 a
1152 3008 1350 3071 pannonhalmi
1361 3007 1453 3072 stepit-

344 3095 393 3163 srig
405 3095 542 3158 baraban,
556 3095 644 3159 Capsa
657 3097 699 3144 23.
712 3095 754 3146 lit.
768 3097 799 3146 Τ.
812 3097 910 3146 Kozli:
931 3095 1094 3149 Stachovioa
1106 3097 1216 3162 Remig.

829 3293 985 3305 ψ

876 3499 950 3561 519.

347 3659 442 3723 1332.
466 3656 635 3746 l'iaeproid,
642 3657 721 3744 jau.
739 3659 791 3723 29.
808 3656 836 3722 Ι.
852 3657 979 3745 cholp
995 3657 1107 3746 lairdlp
1124 3659 1295 3727 Kereaatair
1310 3665 1341 3726 e'a
1355 3655 1454 3725 Bedes-

336 3765 430 3850 fo'lde
445 3777 528 3832 aevo
544 3767 672 3832 Boraod
693 3770 878 3854 odrmepyci
899 3767 1081 3833 birtolcokot
1105 3769 1216 3856 Fooyi
1231 3769 1410 3834 Baldzsnalr
1431 3769 1456 3830 e's

628 3876 720 3959 Zuop
736 3877 911 3941 Jduosaalc
937 3875 1186 3962 odomdupozza.

452 4033 523 4101 Noa
538 4033 685 4102 Karolus
702 4085 710 4102 .
725 4084 732 4102 .
749 4057 806 4102 rex
831 4085 862 4102 ..
888 4035 1105 4122 significamus
1131 4087 1138 4104 .
1163 4087 1171 4104 .
1203 4037 1292 4122 quod
1322 4037 1456 4120 magister

346 4139 475 4209 Blaaius
490 4142 530 4210 de
545 4143 639 4230 Fony
655 4167 762 4212 comes
778 4142 927 4232 Bakon(
944 4197 951 4214 .
968 4197 975 4213 .
991 4195 998 4214 .
1015 4195 1022 4213 .
1038 4143 1053 4232 )
1071 4145 1234 4232 quandam
1244 4147 1457 4232 possessionem

346 4247 538 4316 Kereathur
569 4259 717 4322 uocatam
757 4255 792 4320 in
817 4255 974 4322 comitatu
999 4253 1212 4320 Borsudiensi
1238 4255 1422 4320 existentem
1435 4301 1459 4316 ..

347 4357 511 4439 quondam
525 4357 619 4427 Petri
635 4359 696 4428 filii
711 4361 864 4430 Farkasii
879 4363 919 4428 de
939 4361 1033 4430 Lada
1058 4366 1092 4427 et
1116 4366 1236 4429 terram
1263 4360 1460 4429 Bedesfeuldc

347 4464 546 4532 nominatam
563 4469 650 4536 circa
666 4470 800 4537 eandem
816 4471 1017 4538 adiacentem
1034 4521 1042 4537 .
1058 4519 1065 4537 .
1082 4470 1194 4536 sibiet
1218 4470 1244 4537 J
1245 4471 1364 4537 obanni
1388 4470 1459 4536 dicto

347 4567 443 4651 Zung
459 4571 554 4639 fratri
570 4597 628 4642 auo
645 4599 665 4644 a
683 4577 777 4646 nobis
793 4579 934 4647 conferri
950 4582 1107 4666 perpetuo
1123 4579 1319 4665 postulavit3
1335 4601 1391 4646 nos
1412 4579 1460 4644 ita-

349 4695 410 4758 que
427 4726 433 4741 .
450 4729 456 4744 .
474 4680 635 4762 prefatam
651 4689 886 4770 possessionem
901 4685 1096 4754 Kereathur
1121 4687 1323 4754 nominatam
1347 4693 1379 4752 et
1402 4705 1461 4751 ean·
