3154 5474
328 461 392 525 568
681 473 869 522 nnrouxosr
885 461 1101 520 exusseris.

328 641 515 725 porcionem
530 639 661 704 racione
687 643 889 722 patronatus,
928 637 1007 703 licet
1032 637 1234 703 sacerdotem
1252 637 1452 719 communiter

331 753 366 816 in
392 749 503 815 eadem
534 749 725 814 habuissent
750 753 783 812 et
807 746 975 830 haherent,
1010 751 1159 830 preterea
1193 741 1280 812 idem
1316 745 1445 812 Thomas

328 862 442 924 contra
456 857 661 923 Demetrium
677 854 878 921 sacerdotem
894 853 935 919 de
951 854 1063 920 eadem
1079 877 1139 940 pro
1155 877 1220 939 quo
1236 856 1324 921 idem
1339 855 1446 920 Petrus

327 965 414 1034 iilius
453 963 611 1050 Stephani
642 963 824 1048 comparuit
862 964 1032 1048 proposuit
1063 962 1227 1047 talimodo,
1260 963 1347 1048 quod
1375 962 1449 1028 idem

324 1075 474 1142 sacerdos
485 1080 617 1140 vocatus
627 1093 687 1158 pro
699 1071 904 1138 celebrandis
919 1073 1045 1157 nupciis
1056 1073 1089 1137 in
1099 1074 1301 1156 possessione
1317 1071 1449 1138 eiusdem

326 1181 458 1249 Nicolai
482 1183 603 1248 habitis
634 1181 788 1247 accedere
813 1181 980 1265 noluisset,
1011 1186 1146 1265 propter
1175 1181 1329 1247 iniuriam
1358 1180 1450 1246 eidem

325 1289 527 1356 inserendam
543 1289 655 1355 eodem
670 1285 771 1354 Petro
787 1308 848 1372 pro
865 1289 935 1372 ipso
953 1287 1121 1355 sacerdote
1137 1288 1360 1373 respondente,
1371 1287 1447 1371 quod

327 1402 411 1466 sicut
435 1402 481 1466 eis
506 1401 553 1466 ite
584 1405 617 1465 et
641 1398 867 1483 iobagionibus
900 1397 1033 1466 Nicolai
1059 1400 1167 1466 omnia
1191 1407 1290 1484 prout
1316 1399 1449 1465 sacerdos

325 1507 519 1594 parochialis
551 1507 825 1590 administrasset3
855 1528 913 1572 nos
939 1529 1013 1574 vero
1039 1530 1179 1574 unacum
1205 1508 1351 1573 discretis
1376 1507 1442 1572 siris

330 1617 370 1682 de
387 1617 530 1702 capitulo
548 1613 764 1700 Strigoniensi
780 1636 819 1681 ac
836 1615 999 1682 nobilibus
1015 1617 1092 1682 viris
1107 1616 1276 1682 nobiscum
1291 1617 1325 1680 in
1341 1614 1446 1682 iudicio

329 1725 547 1792 assidentibus
572 1724 811 1790 sentencialiter
841 1723 1048 1808 decrevimus,
1079 1723 1167 1808 quod
1197 1724 1448 1808 supercoquis

332 1835 521 1900 divisionem
546 1839 691 1918 tempore
715 1840 926 1918 protavorum
952 1833 1094 1900 eiusdem
1119 1833 1212 1899 Petri
1238 1855 1278 1900 ac
1303 1833 1447 1900 nobilium

328 1941 548 2027 predictorum
573 1963 639 2008 una
665 1963 737 2008 cum
769 1947 904 2027 protare
936 1941 1054 2027 prefati
1078 1940 1209 2008 Nicolai
1233 1941 1317 2008 dixit
1340 1942 1446 2007 factam

332 2051 475 2117 extitisse
491 2051 574 2116 etin
589 2051 743 2136 porcione
759 2052 793 2116 in
810 2051 964 2117 divisione
975 2052 1019 2118 eis
1031 2051 1157 2117 cedenti
1173 2052 1278 2136 ipsam
1295 2049 1444 2118 ecclesiam

329 2160 546 2227 construxisse
572 2179 636 2244 que
661 2181 749 2225 nunc
772 2167 829 2244 est,
854 2159 939 2226 idem
963 2161 1084 2226 Petrus
1109 2181 1148 2225 ac
1173 2159 1297 2226 nobiles
1322 2159 1445 2245 predicti

330 2289 427 2352 super
451 2269 523 2353 ipsa
549 2268 704 2334 divisione
730 2267 817 2334 facta
842 2267 982 2334 debeant
1002 2289 1060 2334 sua
1075 2268 1227 2334 exhibere
1242 2270 1445 2334 instrumenta

327 2379 360 2443 in
378 2377 499 2443 octaris
523 2375 612 2441 beati
636 2372 772 2441 Andree
797 2376 942 2459 apostoli
961 2397 1047 2442 nunc
1065 2379 1208 2441 venturis
1234 2397 1341 2442 coram
1356 2375 1444 2444 nobis

328 2493 360 2552 et
377 2486 452 2571 quia
468 2489 559 2551 actor
569 2485 730 2550 accionem
748 2507 840 2552 suam
855 2485 994 2570 probare
1011 2491 1124 2552 contre
1140 2486 1246 2570 ipsum
1256 2485 1444 2551 Demetrium

327 2594 528 2662 sacerdotem
545 2616 609 2660 non
626 2595 786 2678 assumsit,
808 2594 894 2660 idem
910 2594 1098 2660 Demetrius
1123 2594 1274 2661 sacerdos
1298 2593 1444 2678 prestabit

332 2703 445 2772 eodem
463 2702 516 2767 die
542 2707 780 2769 sacramentum
804 2723 953 2787 supereo
982 2703 1069 2786 quod
1085 2702 1127 2767 ad
1142 2703 1278 2786 nupcias
1295 2702 1444 2768 celebran-

330 2811 388 2877 das
415 2833 474 2896 per
499 2809 685 2894 iobagiones
717 2811 859 2877 eiusdem
890 2809 1020 2876 Nicolai
1052 2816 1183 2876 vocatus
1214 2831 1375 2894 nunquam
1401 2811 1442 2873 ire

327 2923 509 2984 recusasset
524 2917 580 2983 sed
597 2939 724 3003 semper
739 2919 849 2985 ivisset
865 2919 998 3003 propria
1013 2918 1047 2982 in
1062 2939 1209 3002 persona,
1235 2925 1268 2984 et
1277 2917 1384 2983 eodem
1397 2915 1441 2980 die

327 3026 472 3112 prefatus
488 3026 609 3092 Petrus
625 3025 711 3092 filius
721 3025 881 3112 Stephani
897 3026 938 3092 de
955 3029 1080 3094 indicio
1098 3029 1208 3115 linquo
1219 3027 1254 3092 in
1270 3047 1332 3110 quo
1348 3047 1442 3092 coram

327 3136 419 3202 nobis
445 3135 601 3200 remansit
626 3135 718 3201 nohis
743 3136 895 3201 assumsit
920 3134 1108 3200 satisfacere
1134 3135 1193 3200 sub
1218 3157 1303 3219 pena
1319 3133 1402 3220 dupli
1416 3133 1439 3196 si

328 3243 504 3309 terminum
528 3243 709 3327 preteriret.
744 3241 870 3309 Datum
896 3241 1064 3327 Strigonii,
1090 3243 1226 3328 septimo
1252 3239 1442 3308 dictamini

326 3352 499 3434 prenotati,
515 3371 599 3418 anno
616 3351 737 3417 domini
752 3349 806 3416 Μ0
823 3349 923 3419 0000
938 3350 1072 3418 XXX⁰
1087 3353 1201 3437 primo.

432 3513 564 3564 Zerlaten
590 3511 740 3565 hosszdkas
765 3513 915 3582 peccettel;
945 3516 1075 3581 eredetije
1101 3530 1219 3580 megvan
1243 3531 1275 3566 az
1301 3529 1368 3566 orsz.
1391 3513 1438 3564 ltir

325 3604 423 3656 hincct.
434 3607 501 3655 oszt.
514 3605 548 3656 N.
559 3603 593 3656 R.
606 3603 639 3654 Δ.
654 3609 696 3656 35.
711 3609 753 3656 69.
765 3605 833 3669 dipl.
846 3607 901 3656 lter
912 3622 917 3655 :
930 3610 1007 3656 2690.
1022 3606 1120 3656 szli:
1135 3605 1243 3656 Koraos
1256 3605 1289 3654 N.

813 3803 967 3813 ---—--

853 3986 927 4050 479.

326 4149 421 4211 1331.
451 4149 563 4228 Kdlld,
589 4160 648 4213 oct.
676 4151 726 4213 19.
753 4147 899 4215 Szatolcs
925 4155 1093 4234 erirmeppo
1118 4152 1291 4236 clispcicjo
1317 4145 1440 4234 Lenppcl

531 4258 652 4324 Jdoosr
669 4259 817 4344 discrepes
832 4259 956 4346 itquea
972 4261 1083 4324 essere
1099 4261 1238 4326 kdteleai.

429 4415 500 4484 Nos
524 4419 679 4504 magister
705 4419 814 4486 Berch
837 4419 1011 4486 vicecomes
1037 4419 1077 4486 de
1097 4418 1232 4487 Zoboch
1247 4444 1286 4487 ac
1312 4425 1439 4506 quatuor

323 4525 444 4591 iudices
470 4528 626 4593 nobilium
654 4527 693 4592 de
719 4528 829 4594 eodem
859 4529 973 4594 damus
1002 4549 1064 4614 pro
1095 4531 1260 4613 memoria,
1278 4529 1362 4614 quod
1384 4549 1445 4592 me»

322 4633 423 4719 gister
449 4633 619 4703 Johannes
646 4635 769 4724 Lengel
795 4637 900 4704 dictus
933 4637 1028 4704 debet
1059 4637 1174 4704 sabato
1204 4640 1351 4724 proximo
1375 4639 1438 4722 post
