3112 5466
329 412 400 476 202
679 425 866 470 ,insonnem
883 412 1099 469 orzrriurrln.

328 588 414 653 sacto
432 585 645 668 quorumdam
661 585 919 652 molendinorum
935 606 1066 651 suorum
1083 608 1181 670 super
1197 587 1294 652 fluvio
1314 587 1440 671 linqua

327 695 538 760 existencium
573 694 697 758 diucius
732 701 803 759 orta
836 700 868 758 et
899 695 1055 759 ventilata
1081 717 1190 761 coram
1225 695 1318 761 nobis
1342 694 1440 759 suisset

327 805 463 868 materia
479 803 658 885 quescionis
674 824 770 886 super
787 825 824 868 eo
847 802 933 886 quod
949 803 1034 868 idem
1050 803 1152 869 frater
1168 802 1440 886 Dominicusprior

326 918 359 977 et
376 918 549 976 conventus
565 933 642 975 suus
662 911 822 994 quendam
841 913 947 977 locum
965 918 998 977 et
1012 912 1148 978 fundum
1174 912 1346 978 molendini
1368 911 1440 974 iufra

325 1019 544 1084 molendinum
577 1042 673 1104 super
699 1019 810 1084 eodem
836 1000 932 1085 fluvio
958 1021 1104 1106 Ranywa
1129 1021 1357 1087 edificaverunt
1379 1039 1439 1102 pro·

325 1137 398 1212 pter
415 1126 532 1213 (quod)
550 1130 642 1211 aquis
666 1129 953 1194 intumescentibus
979 1130 1164 1194 molendino
1181 1128 1324 1193 eiusdem
1339 1126 1439 1212 prioris

326 1237 364 1301 de
382 1238 464 1302 cella
480 1239 583 1302 sancti
604 1236 713 1319 Egidii
725 1237 877 1303 damnum
896 1244 929 1301 et
948 1237 1160 1321 preiudicium
1177 1259 1217 1302 ex
1233 1237 1437 1302 retardacione

325 1345 413 1410 fluvii
429 1347 592 1429 prenotati
621 1343 792 1408 ridebatur
812 1347 968 1429 generari,
995 1367 1034 1410 ex
1058 1346 1193 1412 adverso
1219 1346 1329 1411 eodem
1353 1344 1438 1408 fratre

325 1454 496 1520 Dominico
514 1454 711 1518 contrarium
728 1453 909 1536 allegante3
926 1454 1058 1520 tandem
1069 1456 1178 1519 eedem
1194 1460 1305 1538 partes
1320 1455 1438 1519 arbitrio

325 1563 497 1647 proborum
525 1563 666 1626 virorum
698 1562 889 1627 secularium
917 1564 1039 1628 scilicet
1065 1571 1098 1628 et
1123 1564 1322 1647 regularium
1345 1570 1438 1644 partes

326 1692 400 1736 suas
416 1669 695 1753 interponencium
712 1690 749 1732 ex
768 1675 878 1735 nostra
902 1672 1110 1754 permissione
1135 1652 1169 1735 in
1195 1672 1296 1736 talem
1319 1671 1399 1753 pacis
1413 1678 1438 1734 et

325 1778 494 1844 concordie
511 1778 647 1842 formam
665 1798 774 1841 coram
790 1778 883 1842 nobis
899 1800 932 1842 se
961 1779 1125 1844 devenisse
1151 1779 1352 1845 concorditer
1367 1787 1440 1843 retu·

326 1887 444 1968 lerunt,
468 1886 554 1970 quod
571 1887 656 1951 dicte
672 1893 782 1970 partes
798 1886 879 1952 (lues
895 1888 980 1952 viros
996 1888 1129 1953 idoneos
1151 1895 1184 1954 et
1199 1891 1234 1952 in
1250 1894 1321 1953 arte
1336 1888 1439 1952 molen-

326 1996 453 2060 dinaria
477 1996 598 2078 peritos
624 2002 656 2059 et
688 2001 838 2080 expertos
862 1995 905 2060 ad
930 1996 1103 2061 videndum
1129 2004 1162 2062 et
1188 1995 1439 2063 considerandum

325 2105 423 2168 situm
439 2107 471 2167 et
487 2109 610 2167 motum
627 2103 677 2166 vel
694 2104 795 2168 eciam
813 2125 941 2167 cursum
958 2104 1216 2170 molendinorum
1235 2104 1440 2188 predictorum

324 2212 366 2276 ad
383 2228 538 2294 expensas
562 2210 699 2295 predicti
724 2211 835 2275 fratris
860 2210 1023 2277 Dorninici
1049 2213 1165 2296 prioris
1190 2212 1349 2278 adducere
1365 2219 1439 2276 tene·

323 2319 443 2384 bantur
459 2325 556 2402 prout
571 2320 604 2382 in
620 2319 739 2383 litteris
756 2319 874 2383 nostris
889 2320 1051 2402 prioribus
1077 2320 1192 2384 exinde
1219 2320 1370 2385 consectis
1384 2318 1440 2382 cla·

324 2428 391 2491 rius
409 2426 626 2508 declarantur,
653 2426 782 2510 quodsi
802 2426 935 2491 inferius
960 2428 1180 2492 molendinum
1200 2435 1236 2492 ut
1262 2428 1437 2512 plerumque

327 2536 408 2601 solet
434 2535 592 2619 superiori
617 2535 747 2598 insitus
773 2535 941 2598 vicinitate
967 2535 1146 2618 preiudicet
1172 2535 1222 2600 vel
1249 2535 1394 2598 damnum
1408 2533 1435 2595 in

325 2645 390 2708 situ
406 2643 525 2707 inferre
542 2642 730 2706 dinoscatur
756 2648 874 2706 extunc
895 2643 979 2707 idern
1006 2642 1139 2708 inferius
1166 2642 1379 2708 molendinum
1395 2640 1438 2703 de-

324 2754 378 2817 bet
394 2752 539 2835 parcium
555 2750 721 2815 laboribus
737 2756 846 2833 preter
862 2772 1018 2834 expensas
1043 2751 1085 2815 ad
1111 2757 1237 2815 tantam
1263 2750 1438 2815 distansiaur

326 2862 512 2943 elongatum
530 2857 710 2924 reedificari
727 2859 814 2942 quod
830 2861 986 2942 superiori
1003 2861 1036 2924 in
1053 2859 1114 2925 boc
1131 2860 1257 2924 nullum
1273 2867 1309 2923 ut
1326 2858 1438 2942 premit-

324 2971 405 3034 titur
436 2968 588 3032 danmum
619 2968 669 3031 rel
697 2967 900 3052 dispendium
926 2977 1116 3051 generetur3
1148 2970 1285 3052 ipsoque
1316 2966 1438 3032 termino

324 3079 416 3141 iuxta
434 3083 576 3141 nostram
593 3077 795 3141 iudiciariam
812 3079 1008 3141 sentenciam
1035 3076 1155 3141 eisdem
1171 3076 1249 3141 dato
1267 3083 1299 3140 et
1315 3098 1369 3159 per
1383 3097 1438 3139 eos·

325 3187 396 3251 dem
428 3192 571 3251 assumto
596 3191 706 3270 partes
732 3208 805 3249 cum
836 3186 914 3269 ipsis
939 3187 1101 3270 magistris
1128 3186 1382 3251 molendinorum
1404 3183 1437 3246 ad

324 3297 421 3359 situm
438 3317 493 3359 seu
509 3301 650 3359 meatum
675 3295 818 3378 ipsorum
845 3294 1102 3359 molendinorum
1128 3295 1346 3375 accessissent,
1365 3289 1438 3375 quod

325 3404 454 3486 quidem
470 3410 644 3487 utrumque
661 3402 880 3468 molendinum
897 3403 1030 3468 inferius
1047 3404 1172 3468 scilicet
1187 3403 1397 3467 molendinum
1411 3405 1436 3462 et

324 3513 471 3594 superius
498 3513 530 3575 in
556 3512 641 3576 bono
658 3518 747 3576 statu
773 3517 806 3576 et
830 3511 965 3594 pacifico
990 3513 1083 3577 iuxta
1109 3508 1436 3577 conscienciamadeo

324 3621 369 3684 eis
386 3620 496 3684 datam
522 3620 728 3702 reliquissent
745 3626 778 3683 et
794 3621 1037 3684 constituissent
1062 3621 1110 3685 ita
1126 3626 1163 3684 ut
1180 3620 1308 3684 nullum
1332 3617 1436 3682 molen-

323 3729 434 3792 dinum
450 3727 631 3812 preiudicet
646 3728 740 3791 alteri
766 3728 799 3791 in
816 3749 912 3792 cursu
938 3750 996 3794 suo
1013 3752 1068 3792 seu
1085 3729 1119 3792 iu
1135 3729 1300 3793 meacione
1316 3723 1434 3809 aliquali

324 3837 427 3901 sedin
445 3858 528 3920 equo
544 3836 714 3901 libramine
731 3858 878 3919 equaque
895 3837 1009 3902 lancea
1028 3838 1155 3903 iusticie
1172 3843 1205 3901 et
1222 3837 1332 3901 debita
1348 3839 1435 3898 matu-

323 3945 422 4009 ritate
447 3951 620 4028 pensantes
648 3945 814 4010 olausuras
842 3968 897 4010 seu
922 3967 1024 4029 aquas
1049 3947 1083 4009 in
1108 3951 1217 4010 meatu
1242 3951 1435 4023 utrorumque

324 4053 583 4117 molendinorum
607 4049 705 4136 prout
721 4059 830 4136 partes
846 4060 981 4137 propter
997 4053 1117 4119 bonum
1133 4054 1222 4136 pacis
1238 4053 1300 4118 hoc
1315 4051 1392 4115 idern
1407 4053 1435 4110 nt

324 4159 547 4243 supradictum
563 4167 612 4224 est
628 4158 763 4224 firmiter
794 4183 827 4225 se
852 4160 1025 4244 obligando
1051 4166 1274 4226 assumserunt-
1298 4161 1435 4243 perpetuo

324 4269 584 4349 conservandum,
600 4270 662 4335 hoc
677 4270 885 4335 nihilominus
911 4270 1038 4335 adiecto
1055 4277 1088 4335 et
1103 4292 1161 4355 per
1187 4270 1316 4334 eosdem
1331 4286 1434 4333 assum-

325 4383 380 4458 pto
397 4376 484 4458 quod
500 4378 525 4441 si
543 4401 609 4461 qua
624 4380 769 4462 parcium
789 4402 827 4443 ex
852 4379 914 4443 hac
940 4380 1174 4463 composicione
1199 4378 1234 4441 in
1259 4383 1328 4442 toto
1351 4375 1395 4438 rel
1409 4373 1434 4434 in

325 4491 416 4565 parte
434 4485 571 4550 resiliret
586 4487 636 4550 vel
653 4488 754 4551 eciam
771 4487 994 4552 fraudulenter
1020 4488 1131 4570 quovis
1157 4492 1302 4569 ternpore
1328 4485 1434 4549 clausu·

325 4614 393 4656 rain
410 4594 457 4656 sui
475 4594 648 4660 molendini
666 4598 806 4662 elevaret
831 4599 863 4661 in
890 4597 1103 4682 preiudicium
1123 4596 1258 4662 alterius
1274 4586 1435 4660 molendini
