3240 5460
340 477 382 539 22
690 485 882 535 1111001011.
894 473 1112 532 ouulurrls.

292 696 295 700 -
338 657 372 720 et
387 675 445 737 pro
455 651 702 718 Lenknsfratre
718 673 775 716 suo
791 649 920 716 uterino
946 668 1055 714 coram
1071 647 1164 714 nobis
1180 647 1377 714 constitutus
1386 645 1471 712 dixit

338 761 558 846 protestando,
578 758 665 844 quod
686 759 834 824 dominus
849 763 960 824 noster
975 755 1122 821 Karolus
1139 754 1191 820 dei
1207 757 1318 839 gracia
1333 755 1471 821 illustris

339 890 397 934 rex
412 867 585 950 Hungarie
611 866 768 950 quasdam
784 872 851 931 tres
866 864 1082 948 possessiones
1105 864 1249 948 ipsorum
1265 861 1380 929 Ordou
1403 863 1472 929 Ra·

339 978 399 1043 kaz
416 983 450 1043 et
473 975 565 1062 Nyry
581 981 715 1041 uocatas
741 975 775 1040 in
796 975 953 1041 comitatu
972 973 1011 1039 de
1037 971 1189 1056 Wgacha
1205 974 1379 1038 existentes
1405 993 1471 1038 non

340 1106 451 1151 eorum
468 1083 572 1168 culpis
589 1081 792 1167 exigentibus
808 1087 1001 1166 occupasset
1020 1087 1053 1148 et
1067 1082 1244 1166 recepisset
1261 1086 1294 1146 et
1308 1081 1372 1166 ipsi
1387 1101 1471 1146 mor·

339 1200 406 1259 tem
422 1215 479 1259 seu
503 1193 605 1257 eciam
631 1191 856 1276 captivitatem
880 1190 1091 1256 formidantes
1118 1211 1175 1256 seu
1200 1194 1383 1256 evertentes
1408 1211 1469 1274 per

342 1300 623 1387 ipsumdominum
639 1321 750 1383 regem
766 1297 847 1382 fieri,
864 1298 946 1364 nihil
961 1319 1020 1382 per
1036 1298 1145 1364 omnia
1161 1297 1384 1363 contradicere
1399 1318 1471 1382 pre·

337 1409 526 1475 sumsissent
550 1407 613 1472 nisi
636 1409 755 1472 timore
778 1407 946 1491 perterriti
972 1405 1076 1471 eidem
1101 1407 1245 1490 recipere
1261 1411 1295 1471 et
1310 1425 1471 1489 occupare

338 1517 568 1601 permisissent.
593 1514 720 1581 Datum
745 1520 838 1582 sexta
862 1514 944 1580 feria
967 1516 1115 1599 proxima
1140 1519 1216 1580 ante
1230 1512 1350 1580 festum
1366 1514 1472 1580 sancti

340 1623 366 1690 J
368 1624 505 1690 ohannis
520 1623 681 1708 Baptista,
707 1644 793 1688 anno
819 1622 939 1688 domini
964 1619 1019 1687 Μ0
1035 1619 1136 1690 000ο
1153 1620 1469 1688 vicesimosecundo.

447 1767 578 1818 Zarlattn
598 1765 861 1832 pecsttttredtkksl,
886 1767 1017 1832 eredetije
1039 1768 1101 1818 aN.
1124 1767 1318 1829 Muzeumban,
1339 1766 1472 1830 aKdllay

340 1873 377 1910 cs.
390 1861 476 1909 ltbsn.
485 1857 585 1910 Kezli:
606 1857 732 1923 Tagtnyi
744 1857 779 1909 K.

880 2151 932 2212 21.

343 2275 438 2339 1322.
446 2275 524 2359 jars.
541 2275 592 2339 24.
611 2275 638 2340 I.
655 2275 782 2362 Kdroly
797 2277 909 2361 kirtly
925 2275 1067 2340 Ferenclz
1074 2275 1194 2358 fislack
1217 2273 1337 2338 Tameia
1354 2275 1473 2360 saepest

342 2383 569 2468 vdrrrapyaak,
587 2383 711 2448 szcldlci
736 2384 838 2449 Sdros
854 2385 1037 2469 odrmcppei
1061 2385 1229 2448 lirrosa-a
1244 2384 1375 2448 minden
1392 2407 1474 2446 szcr-

590 2493 658 2556 dcc
674 2493 791 2557 azabad
807 2493 971 2557 betiva'sdr
988 2495 1106 2556 tortdst
1122 2491 1227 2576 espect.

446 2613 592 2681 Karolus
608 2666 615 2681 .
632 2666 639 2682 .
655 2638 713 2682 rex
730 2667 761 2682 ..
787 2617 830 2681 ad
854 2617 1099 2682 universorum.
1116 2665 1123 2682 .
1148 2615 1302 2680 noticiam
1324 2613 1473 2680 volumus

339 2724 516 2808 pervenire,
544 2725 631 2807 quod
658 2726 815 2808 magister
840 2725 982 2790 Thomas
1007 2722 1093 2790 filius
1109 2721 1258 2788 Ferench
1275 2721 1473 2788 castellanus

341 2832 381 2897 de
397 2829 519 2914 Scepus
535 2831 672 2898 dilectus
689 2839 723 2898 et
746 2832 852 2899 fidelis
876 2839 986 2899 noster
1002 2854 1058 2898 sue
1082 2830 1251 2898 fidelitatis
1267 2831 1402 2897 servicia
1416 2852 1474 2896 uo-

341 2945 408 3005 stre
424 2939 589 3004 maicstati
604 2942 750 3024 impensa
773 2964 955 3026 proponens
981 2947 1015 3007 et
1030 2941 1199 3007 declarans
1224 2962 1244 3004 a
1260 2939 1353 3005 nobis
1368 2939 1473 3004 humi·

340 3047 417 3111 liter
432 3047 619 3131 postulavit,
635 3053 672 3113 ut
688 3049 721 3112 iu
746 3049 824 3114 villa
850 3071 907 3116 sua
933 3049 1061 3114 Zolouk
1076 3055 1192 3114 vocata
1206 3049 1241 3113 111
1258 3048 1416 3114 comitatu
1432 3045 1474 3112 de

342 3153 444 3221 Serus
463 3156 615 3221 existenti
638 3157 744 3224 forum
761 3159 898 3224 liberum
914 3158 996 3224 feria
1015 3165 1133 3243 quarta
1153 3156 1383 3224 celebrandum
1398 3177 1474 3221 con-

343 3263 547 3344 cederemus3
571 3285 630 3330 nos
654 3267 777 3350 igitur.
797 3317 804 3332 .
820 3269 854 3332 in
878 3267 1027 3352 predicta
1042 3268 1121 3333 villa
1140 3287 1198 3332 sna
1214 3265 1342 3332 Zoloulr
1357 3271 1475 3331 vocata

341 3371 449 3438 forum
464 3373 603 3439 liberum
618 3373 700 3441 feria
724 3381 843 3460 quarta
867 3377 1001 3460 singulis
1021 3376 1209 3460 septimanis
1225 3375 1350 3458 absque
1366 3373 1475 3458 preiu·
1606 3423 1607 3428 1

343 3481 426 3546 dicio
442 3483 521 3546 iuris
537 3483 633 3548 alieni
649 3485 878 3551 celebrandum
895 3487 1108 3551 concessimus
1124 3490 1157 3550 et
1167 3485 1316 3551 duximus
1332 3501 1475 3548 annuen-

343 3589 436 3670 dum;
452 3591 598 3656 volumus
613 3593 714 3676 igitur
728 3599 766 3659 ut
781 3595 922 3660 universi
937 3601 1134 3660 mercatores
1156 3599 1189 3659 et
1205 3593 1261 3658 alii
1276 3591 1416 3677 quilibet
1431 3591 1476 3658 sd

342 3699 525 3782 predictum
548 3699 653 3766 forum
679 3723 752 3767 cum
777 3723 887 3768 eorum
903 3703 1064 3769 mercibus
1083 3702 1238 3768 accedere
1253 3703 1397 3768 volentes
1414 3700 1478 3766 sub

342 3812 456 3872 nostra
470 3807 561 3892 regia
576 3810 780 3892 proteccione
797 3815 830 3875 et
845 3811 1005 3875 tutamine
1020 3809 1200 3894 procedant
1215 3811 1312 3875 salvis
1327 3809 1425 3874 rebus
1444 3817 1481 3876 et
1605 3801 1606 3808 ¹

342 3917 496 4000 personis,
507 3919 540 3981 et
555 3915 617 3981 hec
631 3917 778 3984 volumus
794 3940 853 4002 per
868 3918 940 3984 fora
949 3919 1078 4003 publice
1088 3919 1284 4002 proclamari
1300 3967 1307 3983 .
1324 3967 1331 3983 .
1346 3917 1479 3984 Datum

342 4043 402 4108 per
416 4045 533 4090 manus
558 4023 691 4090 discreti
715 4027 776 4092 viri
800 4027 947 4111 magistri
972 4026 1121 4092 Ladislai
1138 4025 1323 4110 Tytuleusis
1340 4025 1481 4091 ecclesie

343 4134 509 4216 prepositi,
523 4129 679 4198 Albensis
696 4134 802 4218 electi,
819 4135 893 4200 aule
908 4139 1018 4201 nostre
1042 4135 1298 4200 vicecancellarii
1315 4134 1426 4199 dilecti
1443 4139 1482 4200 et
1604 4209 1605 4216 ἵ

343 4237 450 4306 fidelis
474 4243 587 4324 nostri,
612 4263 697 4308 anno
732 4243 854 4309 domini
878 4243 1055 4310 Millesimo
1082 4241 1183 4310 0000
1207 4241 1300 4308 XX⁰
1324 4241 1480 4328 secundo,

345 4353 460 4415 octavo
476 4349 633 4416 kalendas
648 4348 674 4415 J
675 4351 742 4434 ulii,
758 4353 850 4436 regni
865 4357 975 4418 autem
999 4353 1101 4418 nostri
1117 4373 1201 4418 anno
1221 4352 1371 4419 similitor
1386 4352 1480 4435 vige-

347 4457 427 4522 simo
445 4457 592 4524 secundo.

457 4565 619 4632 »Philippus
633 4568 782 4636 (Drugeth)
789 4569 921 4634 magister
933 4569 1140 4622 tavernicorum
1150 4569 1261 4622 domine
1273 4570 1370 4636 regine
1382 4583 1481 4623 comes

347 4655 381 4707 de
394 4655 495 4722 flcepus
508 4657 582 4708 etde
594 4659 714 4722 wyvsrc
731 4660 866 4710 1322·ben
881 4659 1011 4711 »sabbato
1033 4660 1159 4726 proximo
1183 4664 1248 4726 post
1260 4664 1372 4713 octavas
1384 4665 1480 4717 annoti
