3132 5470
545 475 639 538 1328.
657 493 744 537 snsr.
762 481 813 539 29.
1198 487 1262 552 375

122 670 163 714 ac
179 650 255 716 eliis
271 653 428 737 protectis
445 654 570 720 iuribus
587 655 723 740 capituli
754 653 1005 740 vesprimiensis
1031 683 1095 747 que
1111 663 1262 734 videlicet

123 759 265 826 ecclesia
279 761 441 828 mediante
457 761 603 828 efficacia
618 763 908 830 instrumentorum
924 787 1036 834 eorum
1051 770 1085 835 in
1101 772 1173 856 ipsa
1187 789 1261 859 pos-

123 867 267 932 sessione
282 869 379 952 primi
396 874 429 934 et
444 869 701 955 principialiores
717 869 786 936 fore
813 875 846 937 et
869 871 968 940 fuisse
992 884 1170 946 noscuntur
1185 881 1258 948 aliis

124 977 227 1058 siqui
252 977 297 1042 ibi
324 978 457 1061 aliquod
481 979 531 1044 ius
557 1000 592 1044 se
616 978 737 1044 habere
763 988 961 1064 cognoscunt
976 987 1080 1069 possit
1097 986 1258 1072 superflue

124 1105 296 1150 remanere
315 1108 375 1170 pro
391 1086 519 1170 eisdem,
544 1109 603 1152 nos
628 1087 902 1154 certitudinaliter
925 1091 1092 1158 informati
1117 1115 1259 1164 unacum

124 1193 219 1276 regni
235 1194 339 1258 nostri
354 1194 491 1277 prelatis
508 1201 541 1259 et
566 1193 740 1260 baronibus
766 1195 869 1278 ipsam
896 1202 1002 1264 totam
1026 1203 1257 1283 possessionem

125 1301 296 1368 Zarberen
313 1300 407 1366 dictis
423 1301 615 1367 dominabus
640 1301 818 1367 seeundum
843 1325 954 1370 earum
980 1307 1053 1373 iura
1077 1315 1111 1374 et
1126 1311 1260 1394 capituli

124 1409 260 1474 ecclesie
275 1407 526 1492 Vesprimiensis
542 1409 692 1474 similiter
707 1409 799 1474 iuxta
824 1411 1018 1495 qualitatem
1044 1421 1077 1480 et
1093 1419 1258 1500 quantita·

125 1522 192 1581 tem
224 1516 344 1582 iurium
370 1517 513 1601 ipsorum
539 1518 713 1601 unicuique
739 1517 924 1584 earumdem
950 1522 1159 1591 ecclesiarum
1183 1549 1258 1594 suas

123 1625 295 1708 porciones
311 1625 403 1690 iuxta
419 1631 563 1691 nostram
583 1630 616 1690 et
631 1626 790 1692 baronum
814 1632 1011 1718 nostrorum
1025 1632 1256 1702 discussionem

125 1733 204 1817 quin
220 1734 333 1817 pocius
350 1734 539 1800 divisionem
570 1734 721 1800 cedentes
737 1736 961 1820 perpetuando
978 1743 1012 1804 et
1037 1740 1269 1810 confirmando

126 1843 242 1926 partiri
260 1849 295 1906 et
311 1842 453 1933 dividere
468 1845 635 1910 valeamus
666 1850 700 1911 et
716 1847 819 1911 eciam
835 1845 875 1911 de
891 1845 954 1914 hoc
978 1847 1138 1916 discutere
1155 1854 1255 1936 possi-

125 1972 196 2014 mus
212 1951 240 2016 si
266 1950 345 2041 quid
370 1957 404 2016 et
429 1957 588 2036 quantum
613 1954 685 2019 aliis
709 1954 743 2018 in
770 1953 882 2020 eadem
906 1958 1107 2040 possessione
1132 1959 1259 2044 aliquas

124 2061 343 2143 proprietates
353 2081 410 2126 seu
425 2061 497 2126 iura
511 2083 544 2126 se
560 2061 680 2128 habere
690 2064 896 2146 sperantibus
906 2073 1073 2145 remaneat
1084 2065 1124 2132 de
1134 2067 1256 2153 eadem,

125 2173 158 2232 et
173 2167 305 2233 tandem
322 2169 436 2234 seriem
462 2171 605 2236 omnium
630 2172 858 2256 premissorum
885 2177 919 2238 et
942 2174 1046 2239 tocius
1070 2173 1149 2240 facti
1165 2176 1259 2241 iuxta

125 2279 340 2344 assessionem
371 2279 556 2345 eorumdem
581 2279 747 2346 hominum
773 2283 958 2348 nostrorum
983 2289 1017 2348 et
1042 2284 1141 2349 vestri
1167 2284 1258 2350 testi·

125 2387 225 2453 monii
241 2387 335 2453 nobis
351 2387 491 2454 fideliter
507 2395 539 2454 et
571 2391 715 2455 seriatim
731 2389 927 2460 rescribatis.
953 2389 1079 2458 Datum
1095 2392 1128 2456 in
1145 2391 1258 2460 Vissa·

126 2494 216 2576 grad,
232 2494 314 2560 feria
330 2491 444 2578 quinta
460 2497 608 2581 proxima
623 2503 698 2582 post
723 2503 853 2564 octavas
869 2497 945 2562 festi
970 2495 1167 2565 Natiuitatis
1192 2501 1253 2564 vir-

126 2602 210 2686 ginis
226 2603 373 2687 gloriose,
389 2625 475 2670 anno
491 2605 614 2670 domini
629 2603 683 2669 Μ0
699 2602 801 2672 0000
816 2603 909 2671 ΧΧο
924 2611 1047 2671 octavo.

233 2765 503 2820 Aszekessehe'rvairi
516 2769 706 2833 ksptalannak
732 2773 809 2820 1328.
835 2773 903 2834 sept.
928 2768 1013 2820 aeiki
1037 2767 1209 2834 sinautem
1235 2772 1256 2823 1.

124 2854 214 2904 alans.

614 3022 771 3030 n-———

657 3169 729 3229 335.

126 3330 221 3392 1328.
240 3340 316 3414 sept.
333 3332 386 3394 29.
405 3328 434 3394 A
452 3329 724 3416 sze'loesfebercdri
748 3329 909 3414 kdptalan
937 3332 964 3394 Ι.
984 3330 1111 3415 Κάνοίῃ
1127 3329 1255 3415 tirulp·

125 3438 188 3502 auk
202 3437 330 3520 fbntebb
346 3439 421 3502 334.
440 3462 481 3502 az.
499 3462 529 3502 a.
547 3439 650 3504 taxata
677 3438 843 3503 sendelete't
868 3441 1015 3518 dtirodo,
1040 3462 1062 3503 a
1078 3440 1252 3521 uesrprtm·

127 3546 232 3632 cdlpyi
247 3547 394 3630 cpdcza'lc
425 3546 632 3634 sadrbere'api
657 3547 786 3611 birtoka
812 3547 1078 3632 asenapisdpduek
1104 3546 1255 3632 saepsiss-

203 3655 375 3740 pa'lcisa'rc'l
400 3658 432 3719 ds
450 3679 471 3719 c
487 3655 729 3741 baldrici-ruisset
738 3655 1170 3743 jelente'se'tipyfolptctia:

230 3796 301 3863 Nos
317 3798 419 3880 igitur
435 3849 442 3862 .
458 3847 465 3862 .
481 3819 622 3864 unacum
638 3797 785 3882 predicto
795 3798 951 3882 magistro
968 3795 1106 3863 Nicolao
1122 3796 1256 3864 homine

125 3905 323 3972 celsitudinis
347 3911 454 3972 vestre
488 3907 662 3973 discretum
695 3907 800 3972 sirum
834 3907 1026 3991 magistrum
1051 3903 1254 3989 Stephanum

124 4016 245 4082 socium
271 4021 305 4080 et
330 4016 581 4082 concanonicum
606 4020 755 4082 nostrum
789 4014 832 4081 ad
864 4015 1023 4098 premissa
1049 4011 1253 4096 exsequenda

62 4145 68 4158 ·
124 4124 274 4190 duximus
290 4145 348 4208 pro
365 4125 550 4190 testimonio
561 4123 797 4206 destinandum,
817 4124 873 4207 qui
890 4121 1021 4206 quidem
1035 4122 1132 4188 homo
1148 4126 1255 4187 vestre

124 4233 355 4318 magnitudinis
371 4239 404 4298 et
419 4238 529 4298 noster
545 4232 589 4298 ad
603 4253 661 4298 nos
677 4231 883 4316 postmodum
901 4232 1029 4320 'reversi
1050 4229 1254 4298 concorditer

124 4345 156 4407 et
169 4342 245 4427 pari
259 4347 336 4408 voto
353 4341 445 4407 nobis
460 4341 650 4427 retulerunt,
661 4340 749 4427 quod
763 4340 846 4406 feria
862 4346 954 4406 sexta
968 4341 1117 4425 proxima
1131 4343 1207 4425 post
1223 4345 1257 4405 et

124 4449 262 4516 sabbato
279 4449 489 4534 subsequenti
503 4456 580 4515 ante
595 4449 714 4516 festum
723 4449 812 4515 beati
823 4441 997 4514 Michaelis
1013 4447 1202 4531 archangeli
1213 4447 1256 4512 ad

125 4559 238 4625 faeiem
256 4557 401 4642 predicte
414 4559 625 4644 possessionis
641 4557 808 4624 Zarberen
824 4556 1016 4624 accedentes
1033 4557 1214 4624 vicinorum
1224 4561 1257 4620 et

125 4671 418 4735 commetaneorum
435 4665 577 4733 eiusdem
586 4668 741 4752 legitimis
752 4666 1037 4733 convooecionibus
1046 4665 1141 4731 sactis
1151 4669 1255 4730 totam
