3112 5466
579 479 673 539 1326.
693 483 766 540 uta
786 481 835 540 11.
1205 479 1268 542 243

137 649 234 716 nobis
255 652 471 735 personaliter
496 654 665 719 constituti
680 661 941 739 proposuerunt.
961 705 967 720 .
985 655 1072 739 quod
1088 657 1122 720 in
1139 655 1269 739 quibus-

136 757 212 824 dam
221 759 476 844 possessionibus
481 762 624 845 ipsorum
635 783 697 844 que
703 763 792 846 prius
798 763 885 828 inter
894 764 981 847 ipsos
992 762 1095 828 divisa
1109 764 1270 830 extitisset

136 865 219 954 (igy)
244 870 310 935 tale
327 869 551 935 concambium
567 870 772 936 ordinassent
795 871 881 936 inter
896 871 983 955 ipsos
1000 871 1088 956 quod
1102 871 1188 936 idem
1203 895 1269 938 ma-

136 978 610 1063 gisterDominiousquandam
620 981 851 1064 possessionem
867 1002 958 1046 suam
974 980 1163 1046 Pasoahaza
1177 1001 1270 1046 voca·

136 1093 203 1152 tam
228 1089 263 1152 in
288 1089 444 1152 comitatu
461 1085 671 1154 Gumuriensi
696 1090 887 1154 existentem
913 1088 1077 1156 dedisset.
1094 1090 1179 1174 ,ipsi
1203 1111 1270 1154 ma·

137 1198 238 1280 gistro
264 1195 403 1262 Nicolao
427 1203 585 1281 perpetuo
610 1198 836 1282 possidendam
870 1199 902 1264 in
929 1199 1019 1263 cuius
1046 1198 1269 1264 concambium

137 1305 282 1389 prefatus
314 1305 466 1388 magister
498 1304 654 1371 Nicolaus
680 1307 865 1391 porcionem
896 1327 988 1372 suam
1012 1308 1045 1372 in
1071 1307 1270 1390 possessione

137 1412 276 1478 Wamus
301 1412 449 1478 habitam
468 1414 502 1478 in
520 1434 585 1496 qua
602 1415 728 1498 capella
744 1416 777 1479 in
792 1414 948 1480 honorem
973 1415 1068 1480 beate
1085 1414 1269 1480 Katherine

138 1521 270 1605 virginis
287 1527 336 1586 est
353 1519 490 1586 fundata
519 1520 661 1586 dedisset
677 1529 709 1587 et
727 1522 914 1587 tradidisset
925 1523 1080 1606 magistro
1098 1521 1270 1589 Dominieo

137 1635 326 1714 memorato,
358 1635 391 1694 et
421 1630 576 1712 magister
605 1630 780 1696 Ladislaus
814 1629 900 1696 filius
927 1631 1068 1696 eiusdem
1099 1629 1270 1696 Benedicti

138 1737 241 1802 irater
266 1738 408 1822 ipsorum
440 1738 516 1804 huic
546 1739 734 1804 concambio
759 1740 891 1822 plenum
916 1739 1048 1825 prebuit
1078 1761 1269 1805 consensum

138 1851 170 1909 et
189 1867 373 1926 assensum
398 1845 571 1911 voluerunt
596 1848 697 1912 eciam
714 1853 839 1933 partes
864 1848 951 1931 quod
977 1849 1053 1932 quia
1079 1870 1176 1934 super
1199 1849 1271 1931 ipsa

137 1955 340 2037 possessione
349 1953 487 2020 Wamus
497 1957 635 2020 materia
644 1957 754 2021 licium
764 1958 911 2040 vertitur,
927 1958 954 2022 si
970 1957 1012 2022 ab
1028 1959 1098 2042 ipso
1114 1957 1270 2038 magistro

137 2063 311 2128 Dominieo
331 2063 473 2128 alienare
490 2065 702 2148 contingeret,
723 2064 808 2129 idem
832 2067 987 2149 magister
1012 2063 1170 2130 Nicotaus
1193 2065 1270 2129 resi-

139 2193 239 2254 gnare
265 2171 369 2236 eidem
393 2177 524 2236 tenetur
548 2222 555 2237 .
580 2222 587 2238 .
612 2171 737 2238 Datum
763 2173 845 2238 feria
861 2173 1002 2238 secunda
1018 2175 1166 2258 proxima
1196 2177 1271 2256 post

137 2278 258 2344 festum
274 2279 363 2344 beati
389 2277 523 2363 Georgii
547 2281 700 2365 martiris,
724 2289 810 2346 anno
827 2282 949 2347 domini
973 2282 1028 2346 Μ0
1053 2279 1154 2348 0001
1178 2278 1271 2344 XX⁰

137 2395 240 2454 sextu.

247 2552 376 2602 narratas
390 2552 438 2602 ket
448 2553 539 2616 pecstt
552 2553 725 2616 nyomaival;
745 2552 873 2618 credetije
895 2567 927 2601 aa
941 2565 1009 2601 orsa.
1023 2549 1078 2600 aar
1088 2548 1187 2598 kinost.
1202 2553 1269 2602 osat,

139 2643 171 2693 N.
184 2643 219 2692 R.
232 2643 267 2693 A.
283 2645 360 2692 1535.
376 2647 416 2691 15.
431 2642 497 2706 dipl.
511 2642 582 2692 liar:
603 2647 682 2692 2357.
702 2643 801 2694 Kozli:
820 2643 923 2692 Vineae
935 2641 1036 2692 Grtlror.

627 2841 784 2850 ---——-

671 3041 745 3103 224.

142 3206 237 3268 1326.
255 3206 333 3288 rau'j.
352 3195 401 3267 11.
433 3202 687 3288 Auopyvdradi
713 3213 842 3268 conversi
868 3202 939 3266 elect
964 3225 1002 3265 aaz
1027 3175 1116 3264 risos
1141 3207 1272 3261 uernae!-

140 3313 245 3396 se'phr'il
260 3313 337 3376 vcrlri
353 3313 536 3396 Etteasflur'
551 3313 649 3378 Gtres
666 3324 743 3378 aerii
762 3312 943 3376 birtolsukat
969 3309 1076 3372 Bihar
1091 3306 1272 3390 udrurepyt-

354 3421 409 3484 hec
426 3422 536 3484 Mikrh
553 3421 718 3484 slavonici
734 3420 863 3484 hinnulo
880 3417 1060 3482 eierat-trit.

248 3633 256 3647 .
282 3631 289 3646 .
314 3579 461 3646 Jacobus
485 3583 666 3666 prepositus
692 3587 725 3646 et
750 3585 925 3646 conventus
955 3576 1142 3643 monasterii
1168 3573 1271 3639 sancti

139 3687 300 3776 Stephani
335 3691 597 3775 prothomartiris
631 3689 670 3754 de
695 3689 915 3773 promontorio
939 3685 1148 3751 Waradiensi
1174 3734 1205 3748 ..
1231 3682 1273 3748 ad

137 3802 364 3866 universorum
389 3800 543 3865 noticiam
560 3850 567 3864 .
584 3849 591 3864 .
607 3799 754 3864 volumus
777 3797 953 3882 pervenire,
978 3793 1066 3880 quod
1082 3792 1273 3860 accedentes

139 3911 181 3975 ad
198 3915 345 3974 nostram
361 3909 562 3993 presenciam
577 3907 639 3972 viri
655 3905 778 3972 nobiles
803 3905 951 3988 magistri
968 3901 1152 3988 Stephanus
1178 3897 1273 3964 Alius

52 4079 54 4082 ,
138 4025 172 4084 et
188 4017 373 4101 Gregorius
388 4015 447 4082 filii
462 4015 577 4082 Elleus
594 4015 756 4100 quondam
775 4013 995 4099 vieewoyrode
1012 4011 1218 4078 Transilvani
1233 4011 1274 4074 de

138 4127 316 4194 Tur-nahor
342 4125 381 4192 de
407 4125 556 4210 partibus
572 4124 794 4190 Transilranis
819 4124 861 4188 ab
885 4143 952 4188 una
976 4127 1079 4206 parte,
1105 4142 1144 4185 ex
1169 4120 1274 4184 altera

137 4257 217 4302 vero
233 4232 259 4299 J
260 4235 379 4301 aeobus
394 4233 480 4300 filius
495 4231 636 4299 Adriani
661 4233 779 4300 nobilis
797 4232 837 4296 de
853 4229 948 4297 Ohan
964 4230 1105 4296 serviens
1122 4235 1155 4292 ct
1169 4228 1274 4311 legiti-

137 4365 211 4409 mus
243 4347 436 4426 procurator
467 4339 631 4424 magnifici
662 4341 724 4406 viri
755 4339 876 4405 domini
907 4337 1030 4422 Mykch
1060 4336 1138 4401 bani
1168 4335 1274 4400 tocius

139 4451 314 4520 Sclavenie
331 4472 401 4517 cum
419 4447 654 4516 sufficientibus
673 4449 793 4514 litteris
817 4447 1049 4534 procuratoriis
1073 4443 1275 4510 honorabilis

138 4563 278 4647 capituli
295 4561 427 4626 ecclesie
447 4558 679 4642 Zagrahiensis
705 4580 764 4642 pro
790 4557 902 4622 eodem
927 4556 1057 4622 domino
1083 4575 1151 4638 suo,
1176 4551 1273 4617 iidem

138 4671 290 4754 magistri
307 4668 494 4753 Stephanus
513 4663 608 4732 Alius
625 4673 658 4732 et
674 4665 853 4749 Gregorius
869 4665 928 4729 filii
945 4664 1060 4728 Elisus
1077 4662 1249 4726 dixerunt.
1267 4711 1274 4726 .

1108 4769 1168 4836 16*
