3112 5466
331 441 395 502 180
685 455 872 500 nuuruuour
889 441 1104 499 orrrnturriu.

328 617 457 682 demum
483 617 523 683 ad
549 638 607 682 nos
624 665 654 680 ..
681 617 800 680 reversi
835 615 928 680 nobis
953 664 961 680 .
986 663 994 680 .
1017 615 1209 697 retulerunt,
1238 614 1323 699 quod
1347 636 1437 680 comes

327 723 439 789 Kenez
449 724 531 790 seria
541 724 818 808 quartaproxima
834 727 908 807 post
924 722 1041 787 festum
1058 722 1153 788 beate
1169 719 1345 788 Scolastioe
1358 723 1439 806 virgi·

327 835 377 898 nis
393 834 539 918 proxime
554 833 714 918 preterita
728 833 834 916 ipsum
852 832 1000 897 comitem
1010 831 1173 897 Mathiam
1189 831 1439 897 liteadhuointer

327 964 381 1008 eos
404 941 566 1028 pendente
590 943 624 1007 in
651 965 710 1007 sua
736 942 934 1026 possessione
964 945 1078 1007 contra
1101 941 1241 1006 sormam
1265 943 1341 1008 iuris
1362 947 1438 1005 motu

325 1052 457 1135 proprio
483 1051 724 1135 inpignorasset
747 1055 887 1133 quatuor
902 1051 1000 1116 boves
1015 1049 1120 1115 eidem
1135 1049 1318 1134 recipiendo
1333 1055 1363 1114 et
1383 1055 1437 1115 tres

326 1160 500 1224 servientes
522 1157 664 1224 eiusdem
689 1157 833 1223 uestibus
851 1157 1017 1241 privando,
1043 1156 1235 1222 secundario
1259 1158 1293 1222 in
1317 1157 1437 1222 crastino

326 1267 468 1332 eiusdem
484 1267 548 1332 diei
565 1254 645 1332 duos
661 1288 761 1352 equos
779 1263 921 1331 eiusdem
931 1266 1016 1331 sicut
1031 1265 1122 1350 prius
1142 1265 1316 1349 recepisset
1329 1266 1438 1348 penitus

327 1381 419 1440 extra
434 1374 572 1440 formam
588 1377 666 1440 iuris
687 1381 720 1439 et
735 1375 864 1440 demum
875 1373 1004 1440 eosdem
1024 1371 1154 1459 quando
1164 1373 1267 1457 ipsius
1276 1373 1337 1438 fuit
1345 1374 1437 1439 volun·

326 1485 406 1550 tatis
431 1483 591 1550 iudicibus
618 1485 775 1550 nobilium
801 1484 977 1550 statuisset.
996 1482 1122 1548 Datum
1141 1482 1223 1546 feria
1248 1483 1357 1564 quinta
1377 1503 1438 1566 pro·

325 1591 413 1656 xima.
429 1597 506 1657 ante
530 1593 725 1658 dominicam
742 1589 838 1658 Oculi
854 1592 926 1674 mei,
942 1612 1028 1657 anno
1044 1590 1167 1656 domini
1181 1588 1237 1656 M⁰
1253 1588 1349 1658 000⁰
1362 1589 1439 1656 XXl

327 1701 449 1782 quinto

433 1861 503 1912 Zoro
518 1859 609 1924 pecsdt
621 1861 797 1925 nyomaive13
818 1860 948 1926 credetije
970 1877 1002 1910 az
1015 1876 1084 1912 orsz.
1098 1861 1154 1912 uu·
1167 1861 1266 1912 linost.
1281 1865 1346 1912 oszt.
1366 1860 1396 1911 N.
1409 1860 1437 1908 R.

327 1952 360 2002 A.
377 1957 454 2002 1671.
470 1957 511 2002 22.
526 1953 592 2016 dipl.
606 1951 636 2000 lt.
651 1955 728 2001 2289.
743 1951 840 2002 Kozli:
855 1953 959 2003 Vincze
973 1951 1073 2004 Gabor.

809 2131 969 2139 —-—

856 2351 927 2412 163.

326 2509 422 2575 1325.
440 2520 534 2574 niort
555 2511 603 2573 16.
622 2506 757 2594 Apc'csi
772 2511 932 2591 lrdptolua
951 2511 978 2574 I.
999 2511 1125 2596 Keirolp
1141 2512 1320 2596 bircilpnol·
1339 2535 1373 2573 uz
1390 2508 1440 2573 Osl

315 2619 383 2700 fini
397 2617 753 2702 re'szc‘u'ilfel-›aututoti,
781 2621 876 2684 1325.
893 2624 969 2704 joa.
991 2621 1092 2684 28-qu
1117 2621 1188 2700 talu,
1206 2620 1274 2684 tdbb
1297 2619 1391 2684 l'attu'
1414 2621 1441 2680 ds

362 2726 522 2812 Boruayu
539 2729 721 2812 crirrnopyei
737 2726 926 2790 bii-tololrru
946 2729 1123 2792 couutlcozo‘
1139 2729 1287 2793 obleuela't
1302 2729 1408 2812 a'tirp'o.

432 2888 616 2972 Stephanus
631 2890 815 2974 prepositus
827 2895 859 2955 et
869 2891 1048 2974 capitulum
1060 2891 1194 2956 ecclesie
1204 2889 1442 2976 Quinqueeecle

324 2997 438 3061 siensis
454 3047 461 3060 .
478 3047 485 3062 .
503 2997 544 3062 ad
560 2998 784 3062 uniuersorum
800 2999 955 3062 noticiam
981 2998 1098 3063 harum
1122 3000 1206 3064 serie
1222 3001 1363 3066 uolumus
1378 3018 1443 3081 per-

323 3106 440 3190 venire,
451 3105 539 3189 quod
555 3126 628 3170 oum
644 3107 799 3190 magister
815 3104 971 3171 Nicolaus
987 3105 1073 3171 filius
1093 3107 1221 3172 comitis
1238 3105 1295 3172 Osl
1311 3109 1374 3172 rice
1389 3124 1444 3169 sua

325 3219 358 3278 et
373 3215 441 3278 uice
467 3214 696 3296 magistrorum
722 3213 885 3279 Johannis
911 3220 943 3279 et
968 3215 1133 3280 Dominioi
1158 3214 1296 3280 fratrum
1320 3233 1443 3280 suorum

323 3320 487 3403 quoddam
522 3322 725 3404 privilegium
757 3322 951 3386 serenissimi
982 3321 1102 3387 domini
1141 3322 1261 3388 Karoli
1292 3323 1342 3387 dei
1377 3341 1445 3404 gra-

323 3429 374 3492 cia
389 3429 475 3511 regis
496 3428 667 3512 Hungarie
693 3451 791 3513 super
816 3428 1065 3495 confirmacione
1091 3431 1306 3513 quarumdam
1330 3449 1446 3513 posses-

322 3537 447 3602 sionum
485 3535 765 3620 infrascriptarum
797 3540 830 3603 in
873 3538 986 3604 eodem
1025 3539 1194 3622 priuilegio
1227 3545 1446 3605 contentarum

322 3666 430 3710 coram
448 3645 540 3710 nobis
557 3645 708 3710 exhibere
726 3653 758 3712 et
775 3653 921 3712 tenorem
938 3647 1006 3711 eius
1022 3653 1134 3712 nostro
1160 3648 1330 3732 privilegio
1352 3646 1447 3710 inseri

321 3757 354 3815 et
370 3752 448 3817 dare
474 3754 584 3818 comiti
601 3753 707 3818 Paulo
732 3753 800 3819 filio
825 3754 924 3818 Pauli
949 3752 1117 3837 Stephano
1141 3753 1209 3820 filio
1236 3753 1398 3821 Johannis
1415 3773 1450 3818 ac

320 3857 460 3924 Nicolao
486 3858 582 3925 fratri
610 3861 753 3928 eiusdem
769 3863 809 3926 de
825 3862 914 3946 Wyk
933 3863 1013 3926 item
1031 3861 1199 3946 Stephano
1216 3863 1285 3929 filio
1301 3861 1398 3927 Pauli
1414 3860 1451 3926 de

321 3965 433 4032 Ohuza
453 3967 671 4034 mediantibus
696 3970 800 4036 literis
817 3971 936 4034 nostris
953 3969 1158 4054 obligatoriis
1183 3973 1217 4036 in
1244 3972 1364 4038 octavis
1390 3970 1452 4034 diei

322 4073 420 4139 medii
431 4073 686 4158 Quadragesime
697 4079 911 4163 assumsisset,
922 4080 992 4162 ipso
1005 4079 1143 4145 termino
1155 4079 1343 4145 adveniente
1355 4078 1452 4143 iidem

321 4180 380 4246 filii
406 4184 532 4247 comitis
558 4181 616 4248 Osl
631 4185 813 4267 predictum
829 4187 1033 4270 privilegium
1055 4209 1113 4271 per
1129 4189 1287 4272 speciales
1301 4207 1453 4272 procura-

322 4295 408 4354 tores
434 4291 578 4373 ipsorum
609 4293 702 4358 uobis
727 4296 1026 4360 transmiserunt..
1047 4297 1136 4360 cuius
1168 4303 1263 4362 tenor
1288 4297 1364 4362 talis
1391 4301 1454 4360 est:

319 4397 465 4462 Karolus
482 4449 488 4463 .
505 4449 511 4463 .
528 4399 588 4465 stb.
605 4399 640 4487 (l.
660 4401 687 4467 Ι.
707 4402 772 4468 koc
792 4407 856 4468 144
872 4407 905 4469 es
924 4408 996 4469 595.
1013 4402 1048 4488 l.)
1066 4403 1106 4468 In
1124 4405 1214 4469 euius
1238 4407 1286 4470 rei
1310 4406 1455 4469 testimo

319 4506 409 4568 nium
434 4513 600 4589 presentes
626 4510 755 4576 litteras
792 4519 920 4577 nostras
952 4512 993 4576 ad
1025 4511 1202 4595 peticiones
1232 4511 1455 4596 predictorum

319 4613 476 4678 nobilium
501 4618 716 4684 concessimus
747 4621 844 4702 sigilli
881 4622 984 4686 nostri
1023 4622 1155 4686 maioris
1195 4622 1374 4688 munimine
1410 4644 1458 4688 ro·
