3132 5470
553 451 647 514 1327.
662 469 741 516 suu.
758 451 788 515 4.
1168 455 1232 518 289

118 625 222 694 deinde
238 628 405 694 descendit
432 627 474 692 ad
506 627 793 716 Zekelchepatalia
824 631 866 696 ad
896 635 1022 716 partem
1047 635 1239 701 orientalem

116 760 171 821 que
186 744 315 821 separat
325 743 447 805 terram
458 739 557 803 castri
572 737 747 803 Hullouku
762 761 783 804 a
798 741 894 806 terris
904 741 1061 807 nobilium
1072 741 1111 808 de
1122 741 1230 828 Toldy

114 851 231 930 aparte
247 847 371 912 seilicet
390 845 594 912 meridionali
604 829 661 911 ‘est
677 853 765 912 terra
781 849 938 915 nobilium
949 849 989 916 de
1000 849 1105 938 Toldy
1116 852 1238 936 aparte

113 978 179 1021 uero
195 955 434 1040 septemtrionis
449 955 633 1021 remanebit
648 961 737 1022 terra
754 959 853 1024 castri
868 955 1051 1044 Hullouliu‚
1077 960 1157 1026 item
1182 981 1240 1044 per

111 1065 206 1149 ipsum
224 1063 490 1147 Zekelohepatolr
500 1063 591 1128 vadit
607 1085 706 1148 supra
722 1087 832 1131 versus
848 1073 974 1152 partem
990 1067 1238 1151 septemtrione·

111 1173 168 1238 lem
183 1172 353 1255 eundoque
369 1193 426 1256 per
442 1193 597 1256 magnum
625 1175 769 1256 spacium
801 1175 840 1239 de
871 1177 941 1260 ipso
972 1175 1239 1260 Zekelohepotok

111 1280 192 1345 vadit
208 1281 274 1346 sive
289 1281 393 1364 vergit
410 1286 525 1344 eontra
557 1281 715 1345 orientem
740 1282 954 1366 ascenditque
979 1284 1022 1350 ad
1047 1290 1189 1349 montem
1205 1290 1239 1349 et

110 1387 182 1452 inibi
198 1395 247 1454 est
262 1395 349 1453 meta
363 1388 495 1471 lapidea
511 1387 705 1453 oiroumfuaa
721 1387 754 1453 in
786 1390 956 1474 medioque
981 1399 1031 1456 est
1046 1392 1144 1457 arbor
1153 1391 1239 1458 tulis

110 1501 139 1559 et
153 1496 217 1561 alia
232 1495 364 1561 keroina
395 1517 491 1561 oruoe
522 1497 650 1579 signata
679 1519 789 1563 versus
821 1498 1056 1584 meridiemque
1082 1507 1132 1566 est
1149 1507 1237 1568 terra

111 1604 190 1669 Totb
210 1611 244 1670 et
275 1603 393 1669 Rauaz
425 1626 446 1669 a
477 1610 573 1688 parte
603 1627 678 1670 vero
709 1607 950 1688 septemtrionis
967 1614 1016 1673 est
1032 1613 1122 1674 terra
1138 1613 1237 1676 castri

108 1712 284 1796 Hnllouku,
300 1717 374 1797 post
404 1713 465 1776 heo
498 1712 665 1778 deseendit
696 1712 735 1778 de
767 1720 877 1780 monte
904 1721 937 1780 et
955 1717 1038 1782 venit
1055 1717 1177 1784 iterato
1195 1720 1238 1785 ad

111 1823 261 1887 orientem
271 1821 314 1888 ad
325 1843 423 1886 unam
434 1825 554 1886 metam
570 1826 718 1903 terream,
741 1821 856 1888 deinde
874 1824 962 1890 vadit
978 1825 1021 1890 ad
1045 1825 1171 1910 lruesut,
1203 1834 1237 1894 et

109 1931 222 1996 debinc
238 1930 406 1996 deseendit
431 1929 473 1994 ad
491 1930 647 1994 orientem
665 1929 707 1994 ad
723 1929 856 1996 fluvium
873 1929 942 1998 Sun
962 1933 1018 1999 ubi
1035 1933 1145 2001 deficit
1160 1935 1236 2002 viei-

109 2041 189 2105 nitas
218 2039 375 2104 nobilium
393 2037 433 2102 de
449 2037 587 2121 Tholdy,
607 2037 716 2122 ibique
732 2039 892 2104 vioinatnr
909 2063 982 2106 oum
998 2047 1087 2109 terra
1102 2045 1235 2110 eoelesie

110 2147 145 2212 do
160 2147 294 2214 Garaab
305 2151 429 2230 aparte
439 2144 644 2211 meridionali
655 2152 703 2210 est
713 2151 803 2212 terra
813 2148 945 2214 ecclesie
955 2150 1100 2233 predicte
1111 2159 1233 2237 aparte

107 2277 177 2320 sero
194 2255 452 2340 septemtrionali
462 2259 495 2319 et
505 2253 699 2320 occidentali
716 2261 764 2321 est
774 2261 863 2322 terra
872 2257 992 2339 prefati
1009 2260 1116 2342 oastri,
1133 2267 1166 2324 et
1182 2282 1233 2326 oa·

108 2365 207 2430 dendo
224 2364 267 2429 ad
282 2361 416 2428 fiuvium
425 2359 501 2428 Swn
513 2361 602 2427 vadit
623 2384 722 2446 supra
739 2385 850 2428 versus
869 2363 1029 2432 Suntelulr
1048 2367 1090 2431 a'd
1105 2373 1233 2451 partem

107 2473 343 2559 septemtrionis
361 2477 394 2538 et
409 2473 529 2537 iterato
546 2471 645 2536 vertit
661 2492 695 2536 se
711 2472 754 2537 ad
770 2473 928 2539 orientem
944 2496 1003 2558 per
1019 2474 1156 2541 eundem
1173 2475 1233 2541 flu-

108 2584 188 2647 vium
204 2583 281 2650 Swn
296 2580 465 2664 agreditur
475 2585 509 2645 et
518 2581 607 2645 venit
617 2602 719 2664 usque
730 2580 771 2645 ad
783 2576 995 2647 Almasteluk
1011 2589 1043 2646 et
1059 2583 1103 2648 ibi
1114 2586 1233 2650 transit

105 2691 234 2757 fluvium
265 2687 340 2755 Suu
371 2689 414 2754 ad
444 2694 570 2773 partem
604 2689 848 2754 meridionalem
880 2690 1005 2756 directe
1036 2690 1078 2755 ad
1096 2690 1231 2775 Zyluas-

105 2799 213 2882 heruli,
239 2795 561 2863 deindeascenditad
572 2802 714 2862 montem
723 2795 836 2862 Rudas
852 2803 1001 2863 vooatum
1018 2804 1050 2862 et
1067 2797 1233 2864 deseendit

103 2908 255 2974 adunam
286 2907 369 2972 viem
385 2927 443 2989 per
458 2906 625 2988 ipsamque
642 2905 726 2970 viam
741 2906 859 2971 transit
885 2906 926 2971 ad
943 2929 1041 2971 unam
1056 2907 1172 2972 vallem
1190 2907 1232 2972 ad

102 3017 232 3102 plagam
256 3013 500 3079 meridionalem
530 3011 641 3095 ibique
671 3012 815 3078 aseendit
845 3013 887 3078 ad
917 3019 1061 3080 montem
1092 3012 1232 3080 Saturus

104 3123 225 3190 dietum
256 3129 289 3187 ot
313 3122 358 3186 ibi
383 3122 417 3185 in
433 3119 553 3184 vertice
568 3121 669 3204 ipsius
686 3122 804 3186 montis
837 3123 923 3186 circa
953 3123 1061 3188 laeum
1078 3129 1127 3188 est
1144 3127 1231 3186 meta

102 3232 231 3316 lapidea
261 3252 323 3315 que
355 3235 494 3314 aparte
521 3227 715 3294 occidentali
746 3237 876 3314 separat
902 3227 1023 3296 ¹terram
1041 3231 1174 3296 eoelesie
1192 3229 1231 3295 de

102 3339 235 3406 Garaab
246 3363 265 3405 a
274 3345 367 3424 parte
377 3338 581 3403 meridionali
591 3344 712 3403 terram
723 3336 871 3404 Zeleusa
886 3345 980 3424 parte
996 3361 1071 3404 voro
1081 3337 1233 3404 orientali

102 3457 224 3514 terram
235 3447 370 3513 Barkan
387 3468 426 3511 ae
442 3469 461 3511 a
477 3450 571 3530 parte
582 3446 837 3529 septemtrionali
849 3451 970 3511 terram
980 3445 1098 3513 Almas
1114 3447 1156 3510 ad
1182 3469 1233 3512 oa-

100 3565 204 3622 strum
214 3553 1234 3640 Hulloukupertinentem‚deindevertitseadpartemseptem·

100 3665 272 3731 trionalem
291 3687 349 3748 per
365 3663 491 3729 trabem
507 3663 609 3747 ipsius
626 3663 745 3728 montis
777 3661 918 3729 Saturus
943 3664 1089 3748 pervenit
1105 3669 1233 3747 aparte

100 3773 252 3838 orientali
268 3795 367 3857 snpra
382 3770 501 3838 boohfa
533 3773 566 3835 iu
598 3769 708 3852 berch,
740 3769 856 3834 deinde
888 3771 1032 3836 declinat
1047 3769 1087 3835 ad
1104 3777 1231 3854 partem

100 3881 333 3948 occidentalem
349 3885 383 3945 et
398 3879 443 3946 ibi
461 3885 594 3963 separat
610 3884 734 3943 terram
750 3876 867 3960 Meger
883 3899 903 3941 a
918 3883 1012 3962 parte
1029 3879 1233 3960 septemtrio·

100 3993 159 4074 nis,
189 3991 302 4056 deinde
320 3989 437 4054 oirouit
451 4008 561 4052 uersus
572 3991 699 4070 partem
715 3987 833 4051 iterato
851 3985 1084 4051 occidentalem
1103 3992 1135 4051 et
1146 3988 1233 4050 circa

100 4099 276 4183 Kysalmas
293 4098 426 4163 divertit
442 4117 476 4162 se
493 4095 535 4160 ad
550 4101 676 4179 partem
693 4094 941 4159 meridionalem
958 4089 1175 4177 ibique'oadit
1190 4093 1232 4158 ad

101 4229 233 4291 parvam
264 4207 350 4272 viam
377 4227 435 4289 per·
461 4226 557 4289 quam
575 4205 641 4268 itur
668 4201 710 4267 ad
726 4203 838 4268 Luceu
855 4209 888 4267 et
904 4224 962 4286 per
980 4203 1083 4286 ipsam
1099 4223 1232 4286 parvam

102 4317 185 4382 viam
202 4315 292 4381 vadit
307 4317 426 4380 iterato
460 4313 502 4378 ad
533 4313 665 4398 plagam
697 4311 930 4377 occidentalem
961 4309 1070 4392 ibique
1086 4311 1234 4393 pervenit

100 4425 219 4491 iterato
236 4424 278 4489 ad
295 4422 463 4490 Sunteluk
494 4422 604 4505 ibique
620 4426 824 4487 tenetmetas
844 4442 865 4484 a
880 4424 974 4503 parte
992 4417 1232 4502 septemtrionis

98 4555 174 4598 oum
188 4533 389 4617 possessione
405 4530 526 4613 Loooh,
558 4529 677 4595 abhinc
688 4527 876 4594 divertendo
889 4525 975 4591 seed
992 4531 1116 4608 partem
1129 4527 1232 4591 orien-

98 4642 200 4708 talem
214 4641 258 4706 ad
275 4640 439 4725 quandam
470 4640 554 4704 viam
570 4661 722 4721 maguam
742 4644 775 4702 et
791 4637 831 4702 de
848 4637 905 4701 illa
921 4655 1039 4716 magna
1055 4637 1107 4699 via
1123 4641 1231 4700 exten-

153 4778 306 4814 asuocuom
323 4765 486 4812 oxulsrriu
505 4777 524 4810 11
541 4766 602 4813 utin.
1083 4749 1122 4808 19
