3152 5472
567 482 662 558 1332.
683 501 755 557 uns.
775 481 802 553 1.
1178 480 1238 556 591

106 661 249 736 Gaduan
265 669 320 738 ubi
336 667 370 737 in
387 667 527 754 quodam
543 674 644 742 berch
661 679 711 742 est
726 693 793 741 uua
809 678 894 740 meta
910 677 1019 739 terrea
1035 670 1075 738 de
1091 693 1157 756 qua
1173 695 1242 740 rer-

106 801 158 846 sus
174 782 308 866 plagam
321 782 567 850 meridionalem
582 782 778 850 reflectendo
795 783 898 848 currit
914 781 1076 850 modicum
1086 788 1118 846 et
1134 782 1242 866 iungit

107 889 209 954 aliam
225 895 347 956 metam
362 897 505 958 terream
529 891 589 960 sub
621 891 762 976 quadam
787 890 904 957 arbore
935 891 1018 956 ilicis
1043 891 1182 975 positam
1207 897 1241 955 et

106 997 228 1063 abhinc
244 997 283 1064 de
308 999 379 1085 ipso
396 1000 495 1066 berch
511 1000 677 1066 deseendit
692 1000 784 1066 iuxta
794 999 957 1086 quandam
967 1000 1084 1065 vallem
1094 998 1242 1064 Boehka·

106 1129 172 1190 pua
188 1115 336 1174 vocatam
362 1116 395 1174 et
410 1111 554 1193 pervenit
571 1109 614 1176 ad
631 1109 805 1194 quamdam
820 1110 906 1174 riam
922 1109 978 1174 ubi
998 1113 1047 1174 est
1065 1129 1131 1173 una
1155 1112 1243 1172 meta

108 1223 218 1282 terrea
235 1223 268 1281 et
289 1218 322 1282 in
348 1217 461 1283 eadem
485 1219 538 1284 ria
568 1239 677 1284 versus
702 1218 823 1285 dietam
847 1223 975 1302 partem
1000 1216 1245 1281 meridionalem

108 1323 313 1390 circulariter
328 1324 487 1391 currendo
504 1327 623 1392 transit
639 1325 800 1411 quendam
818 1325 958 1390 rivulum
975 1321 1245 1408 Eblezkpathalra

107 1439 259 1498 vocaturn
284 1454 386 1517 aquo
402 1433 506 1500 rivulo
522 1434 556 1499 in
572 1433 661 1501 dieta
684 1435 737 1500 via
761 1435 899 1499 vertitur
923 1431 965 1498 ad
990 1439 1117 1518 partem
1142 1432 1245 1496 orien-

109 1543 211 1608 talem
232 1549 265 1609 et
290 1544 447 1610 currendo
474 1545 560 1610 eadit
585 1546 619 1610 in
644 1544 745 1610 alium
768 1543 909 1610 rivulum
941 1539 1246 1626 Garadnapathaka

108 1657 334 1736 nuncupatum
350 1658 384 1716 et
399 1652 433 1717 in
450 1651 561 1717 eodem
576 1651 681 1718 rivulo
698 1650 865 1718 deseendit
879 1671 990 1717 versus
1006 1657 1133 1735 partem
1149 1649 1246 1713 meri-

110 1759 277 1826 dionalem
293 1759 332 1825 de
349 1782 412 1844 quo
428 1761 635 1845 postmodum
661 1761 729 1826 exit
754 1759 797 1826 ad
817 1757 980 1844 quoddam
1007 1756 1095 1824 aliud
1121 1756 1246 1842 pothok

111 1866 420 1951 Dubrolrapathala
435 1873 585 1935 vocaturn
601 1889 712 1934 versus
727 1874 854 1952 partem
871 1866 1062 1933 orientalem
1071 1863 1128 1930 ubi
1140 1864 1246 1930 dietus

111 1975 236 2041 rivulus
251 1973 411 2041 Dubroka
427 1977 647 2042 commiscitur
663 1998 736 2041 eum
751 1975 879 2060 prefato
901 1974 1006 2040 rivulo
1029 1971 1188 2040 Garadna
1214 1977 1247 2036 et

112 2083 147 2146 in
173 2082 288 2149 eodem
313 2080 409 2150 fluvio
428 2082 589 2149 Dubrola
614 2105 725 2151 versus
750 2084 872 2150 dietam
897 2083 1030 2166 plagam
1056 2080 1248 2148 orientalem

112 2191 273 2258 currendo
292 2193 381 2257 venit
396 2191 438 2258 ad
455 2198 551 2277 capnt
566 2193 667 2278 ipsius
682 2191 772 2258 fluvii
796 2193 830 2257 in
857 2192 949 2257 ouius
974 2190 1081 2275 eapite
1107 2195 1158 2254 est
1182 2211 1248 2253 una

113 2306 202 2366 meta
218 2305 326 2367 terrea
341 2301 427 2366 inter
444 2323 541 2385 quam
558 2309 677 2366 metam
694 2307 832 2366 terream
850 2305 883 2366 et
908 2305 1010 2365 metas
1036 2298 1247 2383 possessionis

113 2405 227 2472 Zwled
242 2415 356 2474 vocate
372 2407 482 2474 eedem
497 2415 605 2493 partes
622 2430 695 2474 eum
710 2407 856 2474 funiculo
866 2407 1051 2492 posuissent
1063 2427 1246 2470 mensuram

114 2516 157 2581 ad
174 2517 266 2582 euius
281 2539 430 2583 mensure
457 2519 672 2602 quantitatem
698 2538 736 2583 ao
760 2515 967 2583 latitudinem
991 2515 1062 2598 ipsa
1085 2513 1248 2598 particula

115 2631 204 2689 terre
227 2625 478 2710 protenderetur
504 2625 666 2710 usquead
691 2623 823 2690 fluvium
847 2620 988 2689 Haruad
1004 2643 1112 2688 versus
1128 2621 1247 2686 dietam

114 2739 244 2816 partem
266 2733 456 2798 orientalem
482 2740 515 2798 et
539 2734 670 2798 interim
696 2733 797 2798 donec
823 2731 988 2798 addietum
1013 2727 1145 2794 fluvium
1161 2729 1249 2794 eadit

115 2841 236 2906 transit
247 2847 312 2906 tres
324 2849 426 2906 metas
442 2847 565 2907 terreas
581 2841 615 2906 in
631 2861 696 2924 quo
706 2839 804 2905 fluvio
824 2839 1049 2904 terminantur.
1074 2836 1200 2902 Datum
1216 2837 1249 2900 in

117 2949 242 3014 octaris
265 2948 384 3015 Passee
409 2949 538 3034 domini,
564 2969 650 3016 anno
675 2948 796 3016 domini
822 2946 999 3013 Millesimo
1025 2945 1248 3012 trecentesimo

116 3057 281 3124 tricesimo
299 3059 448 3126 secundo.

229 3221 379 3287 llatlspjtn
392 3221 487 3287 peeset
499 3223 677 3287 nyonraiva13
700 3219 829 3286 eredetijo
842 3234 874 3270 ez
889 3233 956 3270 orez.
979 3218 1034 3268 latr
1057 3219 1158 3268 kincst.
1181 3222 1249 3268 oszt.

117 3313 152 3362 N.
166 3313 199 3364 R.
214 3313 246 3362 Λ.
261 3315 323 3363 513.
338 3317 361 3363 3.
376 3313 445 3377 dipl.
458 3314 530 3364 lter:
546 3317 624 3365 2718.
638 3312 736 3362 Ktizli:
751 3310 861 3360 Kovaea
874 3309 995 3359 Nandor.

605 3511 763 3521 ...—.-—-

651 3713 725 3777 505.

121 3878 219 3943 1332.
236 3879 314 3964 (ηυγ.
333 3880 361 3942 1.
392 3876 441 3943 Aa
458 3879 528 3964 epi-i
543 3877 703 3962 triptotam
720 3876 793 3940 elon
811 3869 958 3958 Lakoaap
975 3865 1107 3934 Sardoa
1125 3865 1251 3932 Gerarlro

112 3989 165 4070 fia
188 3986 322 4073 Gyo'rpy
347 3987 460 4053 razolo
488 3987 650 4072 dolpridou
667 3981 816 4050 Caetneti
836 3979 951 4045 Leiszlo‘
976 3977 1071 4042 ellani
1089 3981 1252 4062 parraszo'·

616 4094 661 4158 tot
677 4092 760 4157 eloti.

229 4257 300 4324 Nos
315 4256 494 4343 capitulum
511 4253 643 4321 ecclesie
667 4247 839 4335 Agriensis
863 4247 978 4314 damus
1002 4267 1062 4330 pro
1086 4243 1251 4318 memoria,

120 4367 210 4454 quod
220 4367 411 4432 Alexandro
422 4364 489 4430 filio
500 4363 598 4428 Luka
608 4361 647 4426 de
657 4362 750 4425 iuxta
760 4356 893 4422 Turueh
910 4354 950 4419 de
961 4354 1118 4420 comitatu
1129 4349 1254 4417 Guma-

120 4478 220 4544 rionsi
240 4498 280 4540 ex
294 4473 589 4555 u11a‚etLa‹lislao
607 4469 674 4536 filio
699 4465 839 4536 Ratolth
867 4465 1024 4530 serviente
1049 4467 1083 4527 ot
1101 4480 1253 4544 procura

119 4594 194 4652 tore
211 4583 361 4668 magistri
377 4581 525 4648 Ladislai
541 4581 600 4644 lilii
615 4577 785 4643 Benedicti
811 4574 851 4638 de
877 4570 1033 4638 Olrutnuk
1058 4591 1118 4652 pro
1140 4565 1252 4632 eodem

119 4695 254 4762 domino
270 4714 328 4758 sno
344 4697 438 4777 parte
455 4689 495 4754 ab
512 4689 616 4754 altera
633 4707 740 4752 coram
756 4682 849 4748 nobis
869 4677 1085 4765 personaliter
1101 4673 1255 4739 eonstitu-
