3172 5462
536 451 631 518 1324.
648 474 735 520 surr.
753 453 781 518 6.
1168 453 1229 517 157

111 634 320 719 possessiones
336 653 411 700 suas
435 634 574 717 propriis
598 633 766 699 laboribus
792 632 994 714 restauravit,
1020 653 1118 716 quarn
1134 634 1167 698 in
1183 655 1232 698 re-

111 743 402 826 compensacionem
427 742 678 825 quingentarum
703 761 893 817 marcarum,
911 761 991 823 quas
1015 741 1102 806 idem
1127 763 1233 807 comes

111 851 279 916 Ladislaus
294 871 352 934 per
368 849 505 915 eundem
520 850 712 932 magistrum
728 847 902 913 Nicolaum
922 869 1075 932 generum
1091 872 1183 914 suurn
1199 852 1233 914 in

113 961 297 1024 exeoucione
313 959 458 1042 premissi
484 957 656 1041 periculosi
681 957 806 1039 negocii
831 956 881 1020 sui
905 962 938 1020 et
961 957 1097 1023 aliarum
1122 981 1234 1043 quam-

112 1067 248 1151 plurium
288 1087 458 1132 oausarum
489 1087 620 1131 suarum
659 1065 766 1149 sepius
804 1062 1015 1130 diversimode
1047 1067 1235 1150 expendisse

114 1173 284 1258 asserebat,
301 1195 399 1258 quam
415 1175 517 1240 eciam
536 1175 570 1238 in
595 1173 723 1256 signum
748 1171 967 1256 proximitatis
993 1177 1026 1236 et
1049 1173 1234 1239 dileccionis

112 1283 286 1366 paternalis
320 1303 393 1347 cum
419 1281 567 1347 omnibus
593 1280 778 1346 earumdem
802 1279 1047 1344 utilitatibus..
1067 1281 1234 1348 simulcum

114 1391 252 1456 ecclesiis
281 1390 431 1456 videlicet
445 1389 541 1454 beate
557 1387 665 1454 Marie
681 1388 814 1470 virginis
830 1393 863 1451 et
879 1389 984 1452 sancti
1002 1386 1137 1472 Georgii
1152 1412 1235 1455 mar·

112 1499 177 1562 tiris
193 1499 229 1562 in
245 1497 356 1562 eadem
381 1495 499 1562 Neona
524 1495 718 1562 constructis
743 1502 776 1562 et
799 1495 1027 1579 patronatibus
1052 1498 1236 1564 earumdem
1310 1482 1317 1500 ’

110 1607 332 1689 prenominato
348 1605 505 1688 magistro
521 1603 660 1670 Nicolao
685 1625 804 1687 genero
828 1625 884 1670 suo
902 1653 909 1668 .
926 1654 933 1669 .
950 1604 1113 1671 confessus
1139 1613 1188 1672 est
1203 1628 1237 1672 se

112 1713 235 1779 dedisse
261 1715 398 1779 donasse
415 1719 447 1778 et
473 1710 672 1779 contulisse.
689 1763 695 1778 .
712 1713 781 1778 iure
806 1718 963 1797 perpetuo
988 1719 1022 1778 et
1045 1715 1237 1782 irrevocabi-

110 1825 181 1889 liter
196 1821 410 1907 possidendas
425 1871 432 1887 .
449 1871 456 1887 .
480 1828 631 1905 preterea
647 1827 798 1905 quartam
823 1826 949 1905 partein
964 1824 1150 1888 earumdem
1166 1846 1238 1908 pos-

111 1935 288 1999 sessionum
318 1931 435 1998 Neona
461 1937 494 1997 et
520 1931 664 1998 Zeulcha
694 1937 882 1998 vocatarum
913 1935 947 1997 et
968 1934 1067 1998 castri
1091 1934 1240 2000 similiter

110 2039 226 2108 Neona
242 2042 349 2107 vocati
374 2063 413 2106 ao
439 2041 574 2106 aliarum
601 2041 743 2106 omnium
767 2041 920 2106 villarum
945 2045 978 2106 et
1003 2043 1239 2124 possessionum

110 2149 149 2214 ad
163 2149 329 2235 predictas
344 2149 560 2233 possessiones
576 2149 795 2232 spectancium
821 2149 971 2214 similiter
995 2171 1067 2215 cum
1093 2151 1240 2217 omnibus

109 2259 173 2323 suis
187 2257 388 2324 utilitatibus
405 2262 438 2322 et
452 2258 661 2341 pertinenciis
678 2256 876 2342 quibuslibet
901 2259 987 2324 idem
1013 2281 1118 2325 comes
1141 2259 1240 2326 Ladi-

109 2367 195 2432 slaus
210 2365 314 2431 nobili
330 2363 458 2430 domine
473 2363 659 2431 Katherine
684 2364 752 2430 filie
776 2387 832 2431 sue
859 2367 1001 2432 consorti
1017 2366 1159 2431 eiusdem
1174 2388 1241 2432 ma-

108 2475 200 2556 gistri
230 2472 363 2540 Nicolai
396 2496 455 2558 pro
482 2478 601 2557 quarta
628 2497 688 2540 sua
718 2495 816 2557 quam
840 2474 875 2539 in
899 2473 1152 2558 possessionibus
1176 2476 1241 2540 suis

107 2582 220 2648 eadem
237 2583 369 2648 domina
384 2583 424 2648 de
440 2583 511 2648 iure
528 2589 560 2650 et
583 2585 676 2650 iuxta
701 2583 963 2649 consuetudinem
987 2584 1079 2666 regni
1103 2581 1241 2668 Hunga·

106 2691 154 2754 rie
184 2691 311 2756 habere
352 2690 538 2775 dinoscitur,
570 2692 734 2758 confessus
774 2698 824 2758 est
858 2693 1007 2758 similiter
1037 2699 1194 2777 perpetuo
1211 2741 1242 2758 ..

105 2797 284 2865 dedisse..
312 2799 438 2864 Datum
464 2799 544 2865 feria
568 2801 670 2865 tercia
695 2802 841 2883 proxima
866 2806 942 2866 ante
966 2800 1086 2866 festum
1116 2799 1243 2866 Nativi-

104 2909 183 2973 tatis
222 2907 358 2990 virginis
384 2909 532 2991 gloriose,
563 2929 647 2973 anno
675 2908 797 2974 domini
829 2907 1007 2974 Millesimo
1033 2905 1134 2975 0000
1157 2910 1244 2991 vige·

104 3017 185 3080 simo
202 3019 335 3098 quarto.

212 3179 316 3243 Fiiggo
330 3175 452 3242 pecsttje
465 3177 615 3242 hiaayzik3
635 3177 768 3244 eredetije
782 3194 814 3228 az
838 3193 908 3228 orsa.
932 3178 988 3228 aar·
1010 3179 1107 3230 kincst.
1131 3185 1196 3230 oszt.
1210 3178 1244 3230 N.

102 3267 133 3316 R.
147 3267 181 3317 A.
198 3273 265 3318 952.
280 3271 304 3316 7.
319 3267 386 3331 dipl.
400 3269 431 3318 lt.
446 3271 524 3318 2257.
538 3266 621 3317 Kozli
634 3285 639 3318 :
653 3269 757 3318 Vinoze
771 3269 870 3318 Gabar.

600 3429 757 3441 .,-..—.-

103 3777 199 3840 1324.
218 3773 466 3880 Scires-Patala,
487 3784 562 3859 sept.
583 3775 612 3838 6.
638 3777 754 3838 Iteracr
775 3773 896 3859 potati
916 3773 1073 3860 ptc‘tcirma
1099 3799 1136 3838 az
1160 3775 1248 3860 ajbc·

99 3882 148 3968 lya·
163 3879 428 3966 Szent-Aportoa
445 3880 655 3946 ezerzetbeticlc
680 3880 759 3944 alten
775 3881 951 3946 eikrzosao·
966 3884 1165 3946 batdrozatot
1182 3887 1246 3948 toz.

208 4039 288 4108 Nos
304 4040 502 4106 Ithemerius
518 4040 675 4124 plebanus
692 4040 732 4105 de
747 4039 901 4106 Pothoka
925 4040 1093 4124 delegatus
1113 4042 1211 4108 iudex
1230 4065 1250 4107 a

98 4151 233 4218 domino
252 4170 343 4234 papa
360 4147 578 4232 significamus
589 4199 613 4214 ..
640 4150 728 4233 quod
744 4171 818 4214 cum
832 4147 935 4213 frater
951 4147 1102 4215 Zoterius
1112 4147 1145 4235 *)
1161 4152 1250 4234 prior

98 4260 237 4326 ecclesie
259 4257 352 4322 beati
368 4255 480 4340 Egidii
497 4255 536 4322 de
555 4256 663 4340 Vybel
688 4258 829 4340 priorem
854 4262 887 4320 et
911 4255 1030 4322 fratres
1046 4255 1250 4325 Gillermitas

98 4367 224 4433 ordinis
254 4365 364 4432 sancti
379 4361 559 4449 Augustini
576 4365 615 4430 de
631 4365 745 4430 eadem
771 4386 867 4448 super
891 4364 978 4430 facto
1003 4367 1179 4432 molendini
1205 4390 1252 4433 se·

96 4477 160 4542 mel
192 4481 231 4541 et
267 4471 412 4538 secundo
453 4473 596 4556 legitime
637 4471 680 4538 ad
710 4478 856 4538 nostram
887 4475 1089 4556 presenciam
1121 4475 1252 4542 citando

206 4655 237 4722 *]
252 4655 357 4720 Vagy:
380 4651 553 4719 Ζιορὴαηιιες
572 4654 700 4706 biztosan
714 4655 740 4705 el
752 4669 816 4705 nem
826 4654 978 4706 docebere.
