3132 5470
335 477 399 540 292
691 491 880 540 arronuoar
896 478 1112 540 ouutuvrln.

334 662 368 722 et
383 655 523 722 rivulum
538 656 630 722 iuxta
646 655 779 722 arbores
797 675 973 740 prunarum
990 659 1024 720 et
1053 654 1201 738 pervenit
1226 653 1269 722 ad
1285 675 1386 720 unam
1402 672 1461 718 me·

334 771 402 831 tam
418 771 560 831 terream
575 765 609 830 in
625 761 707 848 pede
722 763 842 830 montis
857 763 952 828 iuxta
966 762 1121 826 verticem
1152 783 1215 845 qua
1246 760 1396 828 ascendit
1423 759 1462 825 ad

332 879 475 940 montem
491 875 525 938 et
539 871 585 938 ibi
600 872 635 936 in
650 873 770 937 vertice
784 857 905 938 montis
921 876 998 936 sunt
1014 870 1077 936 due
1092 875 1178 936 mete
1209 877 1324 955 terrae,
1351 868 1461 936 deinde

337 981 380 1048 ad
405 980 539 1048 eandem
570 986 698 1065 partem
728 980 762 1046 in
792 978 912 1058 beeroh
944 979 1087 1046 eiusdem
1102 982 1222 1048 montis
1236 1002 1296 1066 per
1311 1001 1460 1064 magnum

333 1091 480 1176 spacium
496 1088 697 1155 ascendendo
713 1089 859 1174 pervenit
875 1089 1025 1155 similiter
1057 1089 1099 1156 ad
1115 1089 1196 1156 duas
1212 1097 1316 1158 metas
1342 1095 1461 1155 terreas

337 1219 400 1282 que
434 1204 589 1282 separant
614 1203 737 1262 terram
761 1195 963 1278 Bogloskva
994 1205 1089 1280 parte
1119 1199 1239 1264 montis
1269 1197 1461 1264 Karancha

333 1310 421 1370 terra
436 1305 520 1388 Elye
535 1304 681 1388 predicti,
713 1303 828 1370 deinde
845 1304 1012 1370 descendit
1042 1305 1083 1370 de
1099 1313 1208 1372 monte
1224 1303 1267 1372 ad
1282 1307 1402 1372 vallem
1431 1312 1460 1370 et

332 1413 452 1478 iterato
468 1411 614 1478 ascendit
628 1431 738 1478 versus
754 1411 888 1478 eandem
903 1419 1030 1498 partem
1046 1413 1179 1480 orientis
1194 1414 1237 1480 ad
1252 1437 1355 1480 unum
1370 1415 1460 1480 verti·

333 1540 404 1586 cem
419 1520 528 1606 ibique
545 1525 594 1586 est
610 1525 697 1585 meta
720 1525 829 1586 terrea
846 1527 879 1585 et
896 1520 935 1586 de
951 1522 1072 1586 vertice
1082 1521 1214 1588 divertit
1230 1542 1263 1588 se
1278 1522 1323 1588 ad
1338 1529 1460 1606 partem

333 1627 576 1694 meridionalem
592 1648 703 1694 versus
718 1627 922 1712 Bogloslrv‚a
938 1634 1032 1714 parte
1049 1631 1289 1713 septemtrionis
1306 1637 1358 1696 est
1375 1639 1459 1696 terra

334 1736 418 1822 Elye
434 1759 454 1802 a
469 1744 563 1822 parte
580 1757 655 1802 vero
687 1735 892 1802 meridionali
908 1736 1089 1804 remanebit
1105 1745 1194 1803 terra
1217 1737 1386 1822 Bo'gloskv
1401 1759 1458 1822 que

334 1851 385 1912 est
401 1845 544 1910 eiusdem
575 1844 700 1910 Thome
725 1845 859 1912 voivode
876 1845 1030 1929 vaditque
1060 1867 1119 1930 per
1149 1867 1305 1930 magnum
1320 1847 1458 1932 spacium

333 1975 442 2020 versus
458 1953 634 2038 Bogloslrw
659 1976 718 2038 per
744 1953 880 2020 eundem
910 1954 1029 2020 beeroh
1061 1954 1291 2039 descenditque
1323 1955 1364 2022 de
1394 1957 1459 2040 ipso

332 2062 452 2130 beerch
468 2067 582 2128 contra
596 2062 704 2128 locum
720 2063 820 2128 castri
835 2061 1011 2146 Bogloslrvv
1027 2069 1060 2128 et
1074 2063 1222 2148 pervenit
1237 2063 1280 2130 ad
1298 2063 1458 2147 quoddam

334 2167 419 2256 (lgy)
434 2176 569 2255 puteum
600 2192 700 2254 supra
715 2170 866 2236 arborem
882 2171 974 2236 nucis
990 2177 1121 2255 aparte
1153 2172 1303 2238 orientali
1321 2172 1364 2238 ad
1380 2172 1459 2256 prio·

333 2299 401 2344 rem
418 2277 525 2344 locum
541 2278 691 2344 arborem
706 2278 770 2364 piri
786 2277 844 2344 ubi
860 2278 1011 2362 capitalis
1027 2285 1115 2344 meta
1130 2277 1298 2363 Bogloslrv
1318 2277 1458 2363 predicte

334 2392 405 2453 erat
428 2387 602 2468 inchoata;
617 2387 695 2452 item
726 2387 832 2472 prima
862 2393 950 2452 meta
980 2392 1066 2452 terre
1098 2408 1154 2452 sen
1170 2389 1383 2471 possessionis
1397 2385 1458 2452 Lu·

333 2495 461 2562 obunch
476 2494 519 2560 ad
534 2494 669 2560 eandem
684 2494 850 2578 Bogloslrv
865 2495 1059 2579 pertinentis
1083 2495 1198 2580 incipit
1213 2517 1233 2560 a
1249 2502 1343 2579 parte
1360 2495 1458 2561 orien-

333 2605 393 2670 tali
409 2605 443 2670 in
458 2601 556 2670 fluvio
586 2603 768 2669 Luchunch
795 2603 850 2670 ubi
866 2603 955 2670 ultra
970 2602 1104 2670 fluvium
1135 2625 1156 2668 a
1186 2609 1279 2687 parte
1312 2603 1457 2670 orientali

333 2713 494 2778 vicinatur
525 2731 598 2776 cum
629 2717 717 2776 terra
747 2709 876 2776 abbatis
907 2711 947 2776 de
979 2711 1092 2778 eadem
1117 2711 1299 2778 Luchunch
1314 2717 1347 2776 et
1365 2731 1457 2795 snpra
1552 2709 1553 2727 ¹

335 2818 557 2886 molendinum
571 2817 709 2904 Mathey
726 2819 793 2882 exit
809 2817 849 2884 de
864 2819 935 2902 ipso
960 2817 1057 2886 fluvio
1073 2819 1117 2886 ad
1131 2823 1257 2904 partem
1273 2820 1458 2886 orientalem

335 2933 368 2994 et
383 2927 429 2994 ibi
446 2925 589 2992 cadendo
606 2927 640 2992 in
656 2924 808 3010 szeper
823 2927 983 2994 vicinatur
993 2949 1067 2994 cnm
1077 2937 1167 2992 terra
1182 2927 1275 2992 Petri
1290 2925 1349 2992 filii
1359 2926 1457 3010 Byter
1549 2965 1550 2970 κ

332 3033 461 3119 abipsa
491 3040 586 3118 parte
617 3034 767 3100 orientali
799 3033 1087 3119 descendendoque
1117 3056 1176 3118 per
1206 3035 1313 3118 ipsum
1328 3032 1456 3100 flurium

332 3140 488 3226 Kuzeper
503 3141 545 3206 ad
560 3146 687 3226 partem
703 3141 796 3226 quasi
811 3141 1054 3208 meridionalem
1086 3141 1192 3206 tendit
1222 3162 1324 3225 usque
1341 3141 1457 3208 molen-

336 3250 449 3316 dinum
464 3251 599 3334 paulum
615 3256 648 3316 et
663 3249 748 3316 infra
778 3251 884 3334 ipsum
899 3250 1122 3316 molendinum
1138 3250 1257 3315 transit
1281 3249 1456 3334 pradictum

333 3357 466 3424 fluvium
482 3357 664 3424 Luchunch
679 3359 799 3424 iterato
826 3380 936 3426 versus
952 3364 1079 3442 partem
1095 3358 1338 3424 meridionalem
1355 3365 1389 3424 et
1404 3379 1457 3442 per

333 3466 498 3552 quoddam
514 3473 646 3552 pratum
662 3465 817 3532 discurrit
832 3466 875 3531 ad
890 3489 988 3532 unam
1004 3473 1124 3533 metam
1150 3473 1300 3552 terream,
1343 3466 1456 3532 abhinc

333 3579 463 3658 pratum
479 3581 704 3658 transpassato
721 3575 827 3640 tendit
844 3577 936 3660 quasi
952 3597 1061 3642 versus
1071 3583 1198 3660 partem
1214 3575 1456 3660 deponentalem

333 3683 375 3748 ad
391 3705 540 3769 campum
551 3689 584 3748 et
598 3684 796 3768 pervenitad
811 3706 908 3750 unam
925 3689 1044 3750 metam
1060 3689 1210 3768 terream,
1233 3691 1307 3766 post
1321 3683 1381 3748 hec
1396 3703 1457 3746 rer-

333 3813 387 3857 sus
405 3791 540 3856 eandem
557 3796 681 3875 partem
700 3794 846 3876 pervenit
860 3793 1006 3858 similiter
1018 3792 1169 3860 adunam
1185 3797 1306 3862 metam
1321 3799 1455 3858 terream

332 3900 366 3964 in
383 3906 488 3964 terras
505 3899 646 3965 arabiles
679 3922 758 3983 erga
773 3901 972 3966 vicinitatem
1004 3900 1096 3966 Petri
1127 3899 1315 3985 supradicti,
1345 3899 1455 3964 deinde

331 4007 483 4092 gradiens
500 4007 620 4072 directe
638 4007 728 4072 vadit
743 4009 892 4074 similiter
908 4009 950 4073 ad
966 4032 1063 4074 unam
1080 4013 1201 4074 metam
1227 4015 1366 4074 terream
1382 4029 1456 4093 pau-

330 4116 435 4182 lulum
460 4115 665 4200 procedendo
690 4117 782 4180 iuxta
799 4116 961 4200 quandam
977 4139 1129 4201 magnam
1160 4118 1246 4184 viam
1261 4138 1371 4182 versus
1387 4137 1455 4182 ean·

333 4223 406 4289 dem
422 4229 549 4309 partem
564 4224 683 4290 iterato
699 4225 787 4289 venit
803 4225 845 4290 ad
871 4247 967 4290 unam
992 4231 1113 4292 metam
1145 4232 1295 4310 terream,
1326 4224 1453 4290 divertit

331 4352 365 4396 se
382 4330 501 4396 abinde
517 4353 627 4398 versus
652 4339 780 4417 partem
812 4333 903 4416 quasi
935 4332 1183 4418 deponentalem
1209 4338 1242 4397 et
1257 4329 1454 4416 pervenitad

332 4459 431 4502 unum
448 4437 556 4502 locum
571 4437 727 4504 Machala
743 4446 893 4506 vocatum
918 4439 974 4506 ubi
1005 4447 1055 4506 est
1079 4445 1167 4506 meta
1198 4445 1313 4520 terrea,
1343 4437 1455 4504 deinde

331 4543 481 4628 gradiens
498 4567 609 4611 versus
633 4553 761 4631 partem
785 4547 1029 4613 meridionalem
1060 4549 1206 4632 pervenit
1237 4547 1386 4612 similiter
1416 4545 1454 4612 ad

330 4671 428 4718 unam
443 4658 563 4718 metam
580 4663 719 4720 terream
735 4655 821 4722 inter
838 4663 944 4722 terras
960 4657 1111 4742 arabiles,
1144 4656 1261 4722 deinde
1278 4655 1409 4721 divertit
1424 4675 1454 4718 se
