3152 5472
361 533 426 600 594
608 531 610 539 ’
719 543 908 600 arrodsoat
925 533 1143 600 onalrnrln.

894 935 967 1000 508.

364 1097 460 1164 1332.
480 1099 558 1184 maij.
585 1098 726 1164 14-21,
751 1097 801 1162 Az
826 1099 896 1184 epri
920 1095 1079 1184 ltdptalan
1107 1097 1136 1162 I.
1163 1097 1291 1184 Ko'rolp
1315 1097 1474 1184 leirdlpaol·

348 1208 484 1292 pelenti,
501 1209 586 1293 laepy
602 1205 758 1270 Zelsmdri
774 1205 904 1292 Mileto
920 1228 942 1270 a
963 1201 1108 1290 Goelefio
1125 1202 1312 1273 Sdndorrol
1335 1207 1367 1271 e‘e
1380 1207 1475 1290 fidoal

352 1313 528 1402 solytatott
539 1313 659 1401 partera
675 1311 835 1379 Salamara
851 1315 883 1379 a's
901 1313 1042 1380 Zeleme‘r·
1053 1323 1135 1380 nevil
1144 1313 1294 1382 Szadolce
1311 1317 1476 1402 odrmeppa'

439 1421 587 1490 dirtolcolc
602 1421 806 1489 hatdcoa'oak
820 1422 927 1507 talpas
942 1421 1144 1508 lrijalr'r'ldsdre
1160 1421 1287 1510 eckojo't
1302 1422 1407 1490 latette.

470 1581 603 1650 Karolo
620 1631 651 1650 ..
672 1581 784 1668 regi..
801 1581 980 1667 capitulum
997 1581 1131 1650 ecclesie
1140 1578 1314 1668 Agriensis
1328 1635 1336 1652 .
1353 1633 1359 1651 .
1382 1582 1478 1650 literas

364 1691 491 1758 comitis
507 1689 602 1757 Pauli
627 1689 743 1756 indicis
762 1691 851 1757 curie
876 1695 981 1758 restro
996 1691 1175 1776 recepimus
1198 1691 1235 1758 in
1257 1692 1318 1759 hec
1342 1691 1432 1758 verba
1453 1735 1477 1758 ..

364 1799 506 1886 capitulo
521 1799 678 1885 Agriensi
695 1819 800 1866 comes
814 1797 939 1869 Paulus
955 1799 1054 1866 iudex
1078 1801 1166 1868 curie
1182 1850 1216 1868 ..
1238 1801 1365 1868 noverit
1387 1803 1478 1866 restro

366 1907 730 1993 discrecionisemioicia,
738 1907 825 1992 quod
836 1931 909 1976 cum
920 1908 1096 1976 secundum
1107 1911 1342 1977 continenciam
1350 1909 1477 1994 priorum

365 2017 549 2084 litterarum
559 2021 745 2083 nostrarum
753 2016 886 2083 modum
897 2021 930 2082 et
940 2017 1077 2084 formam
1086 2017 1307 2086 iudiciinostri
1319 2018 1477 2103 exprimen-

366 2127 450 2192 cium
475 2125 501 2192 J
503 2125 646 2192 ohannes
662 2130 695 2191 et
710 2123 858 2191 Jacobus
874 2121 932 2190 filii
959 2123 1141 2192 Alexandri
1166 2131 1280 2192 contra
1302 2125 1477 2192 Michaelenr

330 2234 469 2312 3filium
486 2231 658 2300 Michaelis
684 2233 725 2298 de
749 2231 898 2300 Zelemer
920 2234 955 2300 in
981 2235 1102 2300 octavis
1128 2233 1226 2299 medii
1242 2231 1477 2318 Qiradr'agssime

366 2341 511 2426 proxime
526 2341 690 2426 preteritis
707 2361 804 2425 super
820 2341 907 2407 iacto
922 2343 1122 2426 potenciario
1138 2343 1171 2407 in
1187 2343 1356 2427 presencia
1370 2341 1478 2407 comitis

366 2447 488 2534 capelle
497 2449 586 2530 regie
596 2448 818 2514 testimonium
827 2447 1005 2533 producere
1015 2449 1194 2534 seriemque
1204 2450 1307 2532 ipsius
1317 2447 1476 2516 testimonii

366 2562 477 2641 partes
497 2562 612 2622 octavo
629 2556 681 2622 die
695 2557 730 2623 in
746 2555 864 2624 litteris
889 2555 969 2623 dieti
994 2558 1118 2623 comitis
1143 2557 1265 2643 capelle
1290 2559 1378 2640 regie
1398 2554 1477 2623 nobis

368 2671 538 2750 reportare
550 2664 748 2748 debuissent,
758 2666 828 2750 ipso
839 2667 977 2731 termino
987 2666 1223 2750 reportsoionis
1233 2667 1388 2750 premisse
1397 2665 1476 2730 seriei

366 2774 558 2843 adveniente
584 2773 704 2858 prefati
719 2773 745 2840 J
746 2773 889 2840 ohannes
910 2779 943 2839 et
958 2774 985 2840 J
985 2773 1104 2841 acobus
1119 2773 1180 2840 filii
1196 2771 1376 2841 Alexandri
1385 2793 1477 2859 perso

366 2884 486 2949 naliter
503 2883 544 2949 ab
561 2903 627 2948 uns
643 2887 746 2966 parte,
775 2887 808 2948 et
833 2881 1002 2948 Johannes
1025 2880 1111 2948 filius
1141 2881 1266 2948 Elekus
1291 2904 1351 2968 pro
1381 2881 1477 2947 eodem

366 2989 532 3068 Michaele
547 2989 615 3056 filio
633 2988 806 3056 Michaelis
831 2989 871 3056 de
886 2989 1036 3056 Zelemer
1051 3039 1059 3056 .
1075 3039 1082 3056 .
1098 2995 1192 3076 parte
1207 2990 1249 3056 ab
1265 2991 1370 3058 altera
1385 3010 1478 3056 coram

368 3099 460 3166 nobis
478 3098 695 3182 comparendo
711 3099 839 3164 litteras
855 3099 1004 3182 magistri
1019 3097 1045 3165 J
1047 3098 1138 3166 acobi
1153 3099 1311 3184 prepositi
1321 3098 1479 3165 Pcsonien·

368 3208 411 3273 sis
436 3208 562 3274 comitis
586 3207 709 3292 capelle
725 3213 758 3274 et
772 3209 870 3293 fiairi
893 3211 1021 3275 domiai
1035 3211 1121 3296 repis
1137 3207 1231 3274 nobis
1255 3213 1479 3293 presentarunt,

367 3317 402 3382 in
418 3337 557 3400 quarum
572 3316 739 3386 tenoribus
754 3315 893 3384 vidimus
910 3317 1078 3400 contineri,
1098 3316 1186 3400 quod
1193 3315 1315 3402 prelati
1325 3317 1351 3386 J
1351 3317 1479 3386 ohannes

368 3431 402 3491 et
417 3423 442 3490 J
443 3423 562 3492 acobus
577 3423 636 3490 filii
652 3421 836 3492 Alexandri
866 3445 925 3510 pro
940 3445 974 3491 se
999 3423 1214 3510 personaliter
1238 3423 1281 3492 ab
1305 3447 1369 3494 una
1389 3427 1480 3511 parte,

369 3531 536 3617 predictus
546 3551 620 3600 vero
636 3532 779 3600 Michael
795 3531 881 3600 filius
900 3533 1071 3601 Michaelis
1086 3535 1236 3601 similiter
1255 3555 1316 3621 pro
1332 3557 1368 3602 se
1388 3555 1481 3620 perso-

367 3640 484 3707 naliter
509 3642 544 3706 in
559 3641 713 3726 predictis
730 3642 852 3709 octaris
877 3641 975 3708 medii
991 3639 1247 3727 Quadrsgesime
1272 3663 1382 3710 eoram
1404 3642 1480 3708 dicto

369 3745 498 3816 domino
515 3751 637 3835 capelle
653 3751 742 3836 regie
767 3751 944 3835 constituti,
968 3751 1046 3818 licet
1071 3751 1203 3836 quidem
1227 3750 1289 3818 filii
1314 3749 1481 3820 Alexandri

367 3859 473 3943 ipsum
489 3858 709 3926 testimonium
725 3861 905 3945 producere
920 3861 1042 3946 promti
1063 3859 1201 3928 firissent
1217 3867 1250 3927 et
1265 3861 1373 3946 parati
1387 3869 1481 3928 tener

370 3965 645 4034 ordinantibus..
671 3967 781 4052 probis
805 3969 882 4034 siris
963 3969 1004 4036 sd
1035 3970 1136 4036 talem
1165 3969 1256 4056 posis
1296 3969 1482 4037 devenissent

367 4075 530 4158 unionem,
546 4073 632 4158 quod
651 4075 761 4142 eedem
777 4082 888 4162 partes
909 4077 943 4143 in
968 4077 1141 4163 quindenis
1157 4077 1231 4145 festi
1249 4077 1338 4146 beati
1363 4075 1484 4158 Georgii

367 4183 515 4249 martiris
538 4183 684 4268 proxime
708 4187 852 4252 venturis
877 4185 1039 4252 hominem
1055 4185 1175 4253 domini
1192 4187 1279 4272 regis
1300 4191 1332 4252 et
1356 4187 1485 4252 testimo·

369 4291 460 4357 nium
476 4285 620 4356 restrum
646 4291 812 4359 adsocies
842 4295 1079 4378 possessionum
1108 4293 1264 4364 Salamon
1295 4301 1327 4362 et
1351 4293 1487 4362 Zelemer

369 4403 559 4468 vocatarum
574 4401 609 4465 in
625 4401 784 4469 comitatu
799 4401 839 4468 de
851 4400 1206 4472 Zobach'existenciunr
1220 4409 1260 4472 ut
1274 4405 1486 4472 assumsissent

370 4505 535 4574 adducere
550 4511 585 4601 et
600 4507 784 4594 incipiendo
810 4533 829 4577 o
853 4511 958 4596 prima
982 4517 1070 4579 meta
1087 4512 1179 4594 iuxta
1193 4516 1319 4578 veteres
1334 4516 1437 4578 metes
1459 4517 1487 4578 et

369 4615 609 4700 antiquasquas
620 4617 706 4682 idem
715 4616 860 4686 Michsel
870 4619 1050 4687 ostenderit
1058 4641 1161 4704 usque
1170 4619 1213 4687 ad
1222 4621 1370 4688 ultimam
1380 4627 1488 4687 melam

368 4722 556 4803 angularem
566 4724 622 4790 ubi
634 4731 717 4790 mete
735 4727 910 4794 earundem
926 4729 1145 4796 terminantur
1159 4729 1368 4798 reembulsre
1387 4729 1489 4796 distin·
