3154 5474
536 503 631 576 1330.
650 525 722 578 rou.
740 503 790 577 28.
1170 501 1235 576 495

97 695 263 778 perpetuo
273 688 499 778 possidendam
515 691 542 756 si
558 712 624 756 non
649 689 748 758 luerit
765 688 1004 758 contradictum
1021 691 1236 758 contradicto·

99 801 193 867 ribus
211 801 257 866 ad
273 805 415 867 nostram
435 800 577 866 evocatis
592 802 793 884 presenciam
812 805 926 867 contra
958 798 1096 866 eundem
1113 801 1155 866 ad
1172 807 1235 867 ter-

97 907 230 972 minum
247 912 492 992 competentem,
503 914 536 973 et
546 914 621 992 post
636 907 697 972 hec
706 909 810 975 tocius
826 907 905 973 facti
916 909 1031 973 seriem
1048 931 1121 974 cum
1137 911 1237 975 nomi·

97 1014 196 1080 nibus
213 1016 394 1080 citatorum
411 1021 444 1078 et
460 1013 607 1080 cursibus
623 1021 784 1081 metarum
800 1015 893 1081 nobis
904 1015 1101 1081 rescribatis.
1111 1013 1237 1082 Datum

99 1123 134 1186 in
151 1121 360 1208 Wissegrad,
376 1124 410 1188 in
425 1123 510 1188 festo
526 1123 612 1189 beati
638 1110 663 1188 J
665 1125 801 1191 ohannis
816 1124 976 1209 Baptiste,
1003 1147 1088 1190 anuo
1113 1123 1234 1190 domini

97 1229 154 1296 M⁰
172 1228 280 1298 000⁰
295 1233 467 1298 tricesimo.

211 1395 238 1444 A
251 1395 354 1460 nyitrai
368 1394 557 1459 ksptalannak
574 1401 650 1448 1330.
661 1396 749 1462 julius
763 1398 868 1447 aedili
881 1397 1033 1449 dtiratsibdl
1047 1415 1054 1464 ;
1075 1401 1093 1449 l.
1107 1399 1202 1450 alabb.

595 1595 750 1605 ψ..-

636 1851 712 1915 425.

100 2030 205 2094 1330.
214 2032 293 2115 jun.
311 2034 363 2096 28.
380 2027 410 2093 A
427 2029 703 2116 sze'kesfcbc'smdri
718 2031 878 2118 bdptclen
895 2031 968 2098 elttt
1001 2035 1030 2098 I.
1048 2033 1175 2120 Kdroly
1190 2033 1240 2097 ki·

96 2140 178 2224 rdly
197 2138 400 2225 meydizottja
415 2138 500 2202 elect
517 2136 733 2205 scatescens
750 2140 852 2204 Febe'r
867 2143 1053 2227 odrnsepyei
1069 2140 1239 2206 birtokota

102 2243 195 2312 Osee
215 2245 440 2332 nemzetse‘pbb'l
456 2245 532 2311 cald
547 2245 655 2312 Gurke
662 2247 773 2332 fidaei
789 2249 903 2314 Pectat
919 2249 1019 2314 corneis
1049 2250 1156 2314 veredi
1174 2250 1238 2315 bir-

556 2355 847 2422 tolcde'rtclcaerdli.
952 2389 962 2412 ι

213 2530 285 2599 Nos
301 2533 480 2616 capitulum
497 2533 631 2599 ecclesie
646 2531 803 2600 Albensis
819 2584 827 2600 .
844 2585 851 2600 .
867 2534 1084 2618 significamus
1101 2585 1108 2602 .
1125 2585 1133 2602 .
1151 2535 1238 2619 quod

95 2641 211 2706 Paulo
228 2639 295 2706 filio
312 2637 445 2708 Gurbee
462 2641 502 2706 de
519 2663 637 2725 genere
669 2639 783 2707 Ohaak
808 2641 849 2708 ab
874 2665 947 2724 una,
973 2643 1052 2708 item
1078 2645 1236 2727 magistro

98 2749 237 2816 Thema
261 2747 328 2814 filio
344 2747 437 2815 Petri
455 2751 632 2816 castellano
659 2749 698 2816 de
731 2749 918 2818 Oboukakw
943 2773 1003 2836 pro
1019 2802 1026 2820 .
1043 2802 1050 2818 .
1068 2750 1188 2818 Oarolo
1205 2803 1237 2820 ..

97 2879 182 2942 rege
202 2909 210 2923 .
228 2908 235 2923 .
252 2857 293 2922 de
309 2858 463 2924 mandato
481 2858 615 2943 speciali
630 2863 724 2942 parte
740 2859 782 2924 ab
799 2860 904 2925 altera
928 2883 1038 2927 coram
1054 2860 1147 2926 nobis
1164 2883 1238 2927 con-

95 2967 233 3032 stitutis
256 2965 379 3032 dictum
405 2967 516 3032 extitit
542 2965 748 3034 concorditer
774 2989 831 3052 per
868 2967 1006 3048 eosdem,
1039 2967 1127 3052 quod
1153 2968 1237 3033 idem

95 3075 235 3142 Paulus
252 3075 427 3159 quamdam
443 3076 675 3159 possessionem
692 3076 726 3140 in
742 3073 908 3143 Souslruch
935 3075 1074 3142 hominis
1100 3075 1168 3140 sine
1183 3075 1238 3140 he-

95 3183 222 3248 redum
233 3181 352 3248 soladio
363 3181 546 3249 decedentis
557 3183 590 3248 iu
601 3183 758 3249 comitatu
769 3181 909 3250 Albensi
919 3185 1111 3250 existentem
1128 3205 1167 3249 ex
1177 3184 1238 3250 hoc

96 3291 140 3356 de
158 3292 236 3356 iure
253 3295 286 3355 et
310 3289 350 3355 de
366 3289 453 3357 facto
470 3291 512 3356 ad
529 3291 616 3375 regie
631 3291 812 3357 maiestatis
839 3291 1049 3360 collacionem
1074 3293 1238 3377 pertinere

96 3399 173 3466 lore
195 3404 232 3463 et
247 3399 350 3481 magis
366 3399 582 3466 necessariam
599 3404 632 3464 et
649 3400 761 3466 utilem
779 3401 1004 3485 conspexisset,
1021 3401 1088 3484 ipse
1105 3398 1237 3483 quidem

95 3509 258 3574 dominus
274 3528 331 3573 rex
347 3530 363 3574 e
381 3530 532 3574 converso
550 3507 725 3592 quamdam
749 3509 1037 3592 possessionariam
1052 3508 1237 3593 porcionem

93 3614 340 3682 hereditariam
356 3616 458 3700 ipsius
474 3615 573 3680 Pauli
589 3617 622 3680 in
638 3617 839 3701 possessione
848 3615 958 3684 Vereb
976 3615 1167 3680 existentem
1179 3636 1237 3698 pro

94 3749 131 3792 se
149 3727 188 3791 in
208 3729 316 3790 castro
333 3746 391 3790 suo
408 3746 478 3790 esse
494 3722 658 3808 placidam
684 3731 718 3790 et
745 3725 859 3790 utilem
891 3724 1086 3805 extimasset‚
1115 3721 1235 3788 ideo..

93 3836 166 3902 tale
186 3833 413 3924 concambium
429 3855 487 3918 per
503 3833 695 3898 mutacionis
712 3832 964 3917 possessionarie
990 3831 1076 3896 inter
1092 3851 1125 3896 se
1142 3829 1239 3896 alter-

93 3946 208 4011 natim
228 3941 380 4008 fecissent
396 3947 428 4007 et
445 3941 649 4008 ordinassent
666 3992 672 4006 .
690 3991 697 4007 .
714 3942 803 4027 quod
818 3939 902 4006 idem
919 3940 1045 4006 Paulus
1061 3939 1239 4024 predictam

90 4053 294 4138 porcionem
309 4049 595 4132 possessionariam
605 4055 638 4114 et
648 4047 876 4114 hereditariam
886 4047 996 4116 Vereb
1007 4052 1155 4114 vocatam
1166 4067 1239 4110 cum

92 4163 167 4228 suis
185 4157 416 4225 utilitatibus.
434 4207 440 4222 .
457 4157 516 4223 sub
532 4158 572 4224 iis
588 4159 682 4223 metis
709 4163 740 4222 et
765 4156 1009 4241 integritatibus
1034 4154 1152 4240 quibus
1168 4175 1240 4220 eam

90 4273 168 4356 ipse
187 4267 320 4334 Paulus
346 4271 378 4332 et
395 4267 445 4332 sui
461 4267 687 4350 progenitores
704 4270 879 4331 tenuerunt
896 4269 929 4329 et
953 4262 1169 4348 possederunt
1185 4261 1239 4328 de-

92 4379 145 4446 dit
164 4427 172 4443 .
194 4426 203 4442 .
223 4375 355 4442 domino
371 4375 440 4459 regi
458 4425 464 4439 .
482 4425 489 4440 .
505 4379 663 4459 perpetuo
680 4379 712 4439 et
729 4372 986 4440 irrevocabiliter
1010 4369 1239 4458 possidendam

91 4539 98 4554 .
116 4540 124 4554 .
144 4489 223 4573 ipse
239 4482 399 4567 siquidem
416 4483 566 4548 domiuus
582 4505 640 4548 rex
655 4481 835 4565 predictam
846 4481 1082 4566 possessionem
1104 4479 1239 4544 suamin

89 4590 274 4664 Souskuth
290 4591 480 4656 existentem
506 4612 580 4656 cum
596 4590 683 4656 omni
699 4589 901 4674 plenitudine
927 4589 976 4654 sui
1002 4587 1083 4653 iuris
1109 4593 1144 4652 et
1159 4587 1240 4651 inte-

91 4707 227 4792 gritate
260 4721 298 4764 ea
315 4719 442 4783 quoque
468 4705 627 4764 metarum
654 4698 913 4764 circumdacione
939 4703 971 4762 et
1007 4695 1239 4764 terminacione
