3172 5462
563 487 656 548 1324.
674 499 749 548 Alie.
768 489 818 548 20.
1192 491 1253 551 155

122 666 238 730 Phynta
252 669 280 716 ct
292 667 433 730 Stephano
447 665 609 716 statuissent
622 665 782 728 specialiter
794 680 857 716 cum
870 668 985 717 ecclesia
1001 668 1031 718 in
1054 669 1160 718 honore
1182 667 1257 718 beati

120 757 201 806 Petri
214 757 336 821 apostoli
350 759 509 807 constructe
522 771 574 819 que
587 755 670 806 estin
683 756 778 807 eadem
803 759 997 821 possessione«
1021 759 1045 808 A
1068 759 1257 822 keptalaunek

121 847 259 911 hirtyrire
271 847 311 896 lrt
320 845 454 911 jelentdse
467 846 626 896 eredetiben
639 860 656 896 e
667 845 816 911 Kisfeludy
829 862 865 898 cs.
878 849 944 898 lben
958 849 1095 898 driztctik.
1117 851 1139 899 Ι.
1153 849 1257 914 Kinoly

121 938 217 1001 kirtly
231 952 263 986 az
276 935 428 1000 edomdnyt
455 937 589 986 1324·ben
612 939 666 986 oct.
682 935 762 986 10-611
775 937 833 986 kelt
852 938 1132 1003 kiveltsstgleveleben
1150 940 1257 991 szinteu

120 1026 294 1091 megerdsiti;
308 1027 396 1076 ennek
408 1025 540 1090 credetije
553 1040 670 1090 megven
683 1041 700 1076 e
712 1026 869 1091 Mejthtnyi
883 1043 917 1078 os.
928 1029 1146 1090 lban,Novstkon
1158 1027 1258 1092 Nyitra

120 1116 339 1181 virmsgyeben.
352 1117 373 1167 Ι.
386 1115 490 1181 Keroly
502 1115 594 1181 lirely
607 1131 624 1166 e
636 1119 711 1166 most
723 1117 844 1168 emlitctt
868 1117 1132 1182 kiveltseglevdlben
1148 1134 1165 1169 e
1177 1133 1257 1170 neve·

121 1212 181 1258 zett
193 1207 309 1271 Phynta
322 1207 456 1257 erdemeit
468 1207 516 1271 igy
529 1206 631 1272 sorelja
643 1206 703 1258 fol:
719 1207 806 1270 »quod
820 1220 883 1258 cum
896 1222 947 1272 pro
960 1208 1135 1273 disponendis
1147 1211 1258 1274 quibus-

122 1299 188 1348 dam
202 1299 283 1362 regni
302 1297 393 1348 nostri
413 1297 536 1362 negociis
559 1295 593 1346 ed
615 1299 708 1360 partes
730 1297 924 1348 Transilvenes
947 1299 1153 1350 accessissemus
1175 1305 1203 1350 et
1224 1299 1258 1350 de

120 1393 297 1440 tartarorum
322 1387 430 1438 insidiis
442 1392 475 1437 nt
487 1391 555 1452 pute
569 1385 673 1436 (ihristi
686 1387 751 1437 iidei
764 1388 886 1438 hostium
911 1391 999 1439 nostri
1018 1395 1046 1440 et
1070 1391 1148 1455 regni
1170 1390 1258 1441 nostri

120 1479 306 1530 inimieorum
320 1477 483 1542 cepit-elium
505 1477 585 1527 nobis
598 1475 744 1540 providere
757 1492 956 1541 precavereque
969 1479 1093 1530 volentes
1104 1480 1258 1544 predictum

120 1569 237 1632 Plrynta
259 1567 421 1618 constancia
433 1567 576 1618 fidelitatis
601 1567 803 1630 prepollentem
825 1568 854 1618 iu
876 1573 979 1619 terram
996 1570 1118 1634 ipsorum
1142 1575 1258 1622 tartaro-

118 1675 184 1711 rum
197 1672 263 1708 cum
278 1657 442 1721 quibusdam
456 1657 518 1707 eliis
531 1657 659 1708 fidelibus
671 1658 775 1706 nostris
797 1671 847 1722 pro
870 1659 1027 1710 adhibenda
1040 1661 1118 1711 nobis
1132 1665 1161 1712 et
1172 1675 1258 1724 regno

117 1759 219 1804 nostro
249 1751 377 1802 custodie
406 1749 540 1814 quamdiu
567 1749 597 1799 in
626 1749 758 1813 predictis
792 1750 918 1814 pertibus
942 1751 1128 1800 Transilvanis
1151 1765 1258 1802 morem

119 1843 261 1894 ereximus
282 1841 461 1904 misissemus,
483 1839 608 1906 prefatus
632 1841 745 1906 Phynta
766 1845 932 1906 cousuetam,
945 1841 1108 1892 fidelitatem
1129 1841 1258 1892 fidelitati

120 1933 294 1984 continuans
307 1937 400 1996 gretes
413 1933 441 1982 et
453 1937 579 1994 acceptas
592 1930 697 1980 ibidem
709 1930 789 1981 nobis
802 1931 939 1995 impendit
949 1930 1127 1980 famulatus«

712 2073 716 2084 l

611 2089 770 2099 -ι--αι-

661 2271 733 2334 139.

118 2439 220 2503 1324.
239 2435 471 2520 Stoicumberp,
487 2457 561 2520 cup.
578 2436 630 2498 20.
647 2433 814 2499 Boieezlcio
825 2437 1009 2521 eezteeyomi
1025 2437 1114 2500 erret
1139 2435 1257 2501 Teneris

273 2545 394 2610 ezebene'
404 2546 572 2630 prepoetot
587 2545 773 2628 eset-erpoini
787 2543 982 2608 kenouoleiee'
997 2545 1109 2608 nevel.

232 2704 307 2772 Nos
322 2705 495 2770 Bolezlaus
526 2703 578 2770 dei
603 2705 714 2787 grecie
738 2703 998 2789 archiepiscopus
1025 2702 1258 2787 strigoniensis

115 2816 335 2898 eiusdemque
360 2813 423 2878 loci
440 2833 545 2877 comes
560 2816 737 2895 perpetuus
763 2810 989 2896 significemus,
1005 2812 1092 2896 quod
1108 2833 1167 2876 nos
1183 2832 1258 2877 con-

114 2923 278 2990 sideratis
293 2920 437 2986 moribus
451 2919 627 2985 virtutibus
637 2924 670 2984 et
681 2919 824 2984 serviciis
840 2919 1040 2985 honorabilis
1056 2919 1118 2984 viri
1135 2918 1257 2984 domini

113 3034 251 3100 Thome
267 3029 425 3114 prepositi
449 3025 651 3112 Cybinicnsis
666 3025 772 3093 fidelis
797 3029 901 3093 nostri
927 3028 1087 3111 capellani
1112 3027 1257 3126 volentes

111 3143 224 3225 ipsius
241 3137 352 3202 fidelia
368 3135 503 3202 servicia
529 3137 793 3221 compenseoione
819 3158 962 3221 congrue
986 3138 1155 3221 premiere,
1183 3157 1259 3201 eun·

112 3251 196 3315 dem
213 3246 331 3312 habite
353 3243 591 3310 deliberacione
616 3244 751 3328 provida
776 3251 810 3311 et
834 3251 964 3311 mature
989 3245 1122 3310 ecclesie
1148 3252 1258 3310 nostre

113 3354 358 3440 Strigoniensis
374 3359 487 3418 tenore
502 3353 705 3436 presencium
730 3354 904 3438 recipimus
919 3355 953 3419 in
970 3354 1160 3419 canonicum
1176 3357 1209 3418 et
1223 3355 1259 3418 in

110 3467 262 3532 fratrem
278 3461 412 3528 stallum
429 3461 490 3526 sibi
505 3461 539 3525 in
556 3460 655 3526 choro
673 3466 706 3526 et
720 3483 831 3527 vocem
855 3461 889 3526 in
914 3462 1057 3545 capitulo
1083 3461 1258 3527 conceden-

111 3581 177 3658 tes,
205 3571 437 3655 promittentes
462 3567 566 3634 eidem
592 3569 790 3652 prebendam
815 3571 1034 3635 canonicalem
1057 3571 1161 3654 primo
1186 3570 1258 3635 loco

109 3687 317 3750 vacaturam
342 3677 487 3744 conferre
504 3699 578 3744 oum
594 3679 681 3744 omni
695 3677 899 3762 plenitudine
916 3679 965 3742 sui
982 3678 1071 3762 iuris,
1089 3677 1258 3762 providen-

110 3801 167 3858 tes
186 3792 226 3856 in
240 3788 306 3854 hec
322 3793 416 3872 perte
434 3787 568 3854 ecclesie
583 3788 695 3871 pocius
722 3809 820 3872 quem
844 3807 990 3870 persone.
1014 3785 1140 3850 Datum
1165 3787 1258 3851 iuxta

110 3897 357 3978 Stoicumbegr
374 3893 465 3981 (igy),
481 3897 515 3960 in
525 3895 702 3962 festivitate
718 3895 808 3962 beati
824 3893 982 3981 Stephani
992 3897 1086 3980 regis,
1102 3916 1186 3960 enno
1203 3894 1258 3960 do-

108 4009 200 4074 mini
219 4005 275 4070 M⁰
292 4001 393 4070 0001
409 4003 504 4068 XX⁰
520 4009 646 4088 questo.

232 4167 374 4231 Eredetije
387 4167 460 4231 nyilt
472 4169 590 4218 alekban
604 4184 636 4219 az
649 4167 849 4218 Erdlliuzeum
861 4166 1090 4216 kezirattatniben.
1102 4165 1170 4228 (Joe.
1187 4163 1257 4215 Com.

108 4259 245 4324 Keme'ny
262 4256 385 4322 Dipiom.
399 4253 509 4322 Autopr.
528 4255 598 4309 Tem.
613 4257 646 4322 l.)
660 4257 757 4307 Kiizli:
772 4256 858 4308 Szabd
872 4257 985 4322 Karoly.

615 4455 772 4467 --υ--η-ι-σ·
