3130 5470
313 449 378 512 408
666 462 854 512 announonu
870 450 1087 512 cunturnin.

314 627 418 694 dictas
433 627 514 692 duas
525 647 624 692 novas
640 631 743 692 metas
760 647 824 691 non
840 623 879 690 de
894 626 974 692 iuris
990 626 1133 710 equitate
1144 623 1201 691 sed
1211 624 1342 691 omnino
1352 627 1435 690 extra

314 738 406 820 regni
423 735 689 802 consuetudinem
704 737 796 802 iuxta
812 758 904 802 suam
920 739 1124 803 voluntatem
1139 741 1290 802 erexerat
1311 741 1344 802 et
1358 737 1432 819 ipse-

313 868 385 910 rum
402 846 539 912 duarum
556 868 714 912 novarum
729 851 891 912 metarum
908 846 1129 914 ereccionibus
1145 844 1241 912 factis
1257 845 1429 930 predictam

313 955 508 1039 particulam
524 961 611 1020 terre
627 957 700 1021 usui
716 957 812 1022 unius
828 955 931 1020 aratri
947 953 1162 1022 sufficientem
1186 955 1227 1020 de
1241 955 1432 1040 possessione

314 1062 413 1148 ipsius
429 1061 455 1127 J
457 1059 592 1128 ohannis
607 1062 667 1128 filii
683 1061 778 1130 Benk
793 1062 957 1146 Magarad
973 1069 1088 1132 vocata
1104 1063 1145 1130 ad
1162 1085 1255 1128 suam
1271 1063 1433 1146 possessio-

314 1191 389 1234 nem
420 1169 580 1236 Zanthow
604 1176 851 1256 nuncupatam.
870 1222 876 1238 .
894 1179 1077 1256 occuparat,
1094 1172 1298 1256 sedissemus,
1314 1177 1432 1238 mature

315 1277 553 1344 deliberacione
570 1302 709 1346 unacum
725 1279 902 1346 baronibus
928 1287 961 1346 et
976 1283 1069 1364 regni
1094 1280 1258 1346 nobilibus
1274 1281 1432 1346 nobiseum

314 1388 348 1450 in
365 1387 484 1453 iudicio
500 1389 534 1452 in
551 1387 646 1454 dictis
663 1389 785 1454 octavis
811 1390 1062 1455 consedentibus
1086 1390 1201 1454 habita
1225 1389 1373 1454 duximus
1388 1388 1432 1452 de-

316 1499 485 1561 cernentes
500 1501 539 1561 ut
553 1497 699 1581 predicte
715 1497 778 1562 due
793 1517 872 1563 nove
889 1503 974 1562 mete
1000 1519 1058 1581 per
1082 1499 1189 1582 ipsum
1205 1496 1369 1561 dominum
1384 1495 1431 1560 ab·

314 1601 424 1668 batem
464 1603 666 1690 Plysieneem
698 1607 827 1672 racione
859 1607 1085 1691 occupacionis
1108 1605 1254 1690 predicte
1279 1605 1429 1689 particule

316 1717 402 1776 terre
418 1712 562 1779 indebite
578 1719 685 1780 erecte
703 1716 825 1780 destrui
837 1721 869 1780 et
887 1716 1060 1781 adnihilari
1077 1715 1217 1780 debeant
1233 1720 1267 1778 et
1277 1714 1430 1798 predictus

316 1818 418 1885 abbas
436 1843 495 1905 pro
511 1823 657 1906 ipsarum
684 1824 821 1889 duarum
853 1843 1008 1889 novarum
1038 1829 1198 1888 metarum
1225 1821 1431 1888 ereceionibus

316 1949 372 1992 sex
386 1932 505 1998 mareis
521 1954 581 2016 pro
597 1932 836 2000 adnihilaeione
852 1939 886 1998 et
901 1933 1123 1999 destruccione
1135 1931 1311 1998 earumdem
1325 1933 1428 1997 iterum

315 2053 371 2102 sex
387 2057 513 2105 mareas
528 2041 625 2106 simul
641 2063 713 2107 eum
730 2044 937 2108 estimaeione
947 2041 1092 2127 predicte
1102 2041 1264 2126 particule
1280 2047 1363 2106 terre
1373 2047 1428 2105 tres

316 2167 442 2212 marcas
458 2146 590 2216 facienti
608 2155 723 2216 eontra
738 2151 918 2234 predictum
934 2151 960 2217 J
962 2151 1121 2216 ohannem
1137 2148 1243 2215 filium
1258 2147 1352 2215 Benk
1364 2147 1429 2213 dum

316 2275 374 2340 pen·
390 2256 528 2322 eundem
543 2258 688 2342 legitime
703 2260 737 2324 in
754 2279 885 2326 causam
902 2264 1064 2325 attractus
1079 2259 1179 2324 fuerit
1194 2258 1319 2324 solvere
1334 2265 1430 2323 tenen

318 2371 373 2428 tur
389 2385 498 2432 coram
513 2367 616 2432 nobis.
642 2367 767 2433 Datum
784 2369 819 2433 in
834 2367 1021 2452 Wisegrad‚
1037 2389 1123 2434 nono
1141 2367 1193 2433 die
1209 2366 1431 2452 reportaeionis

319 2473 412 2538 se1n'ei
428 2474 622 2560 supradicte,
639 2495 725 2542 anno
742 2476 863 2542 domini
879 2475 933 2542 Μο
948 2473 1051 2544 000ο
1066 2474 1160 2542 XX⁰
1175 2497 1272 2542 nono.

424 2637 555 2690 Zarlata'n
569 2639 616 2692 ket
628 2640 721 2704 peccet
733 2642 911 2708 nyomaiva13
925 2641 1058 2708 credetije
1070 2641 1130 2692 aN.
1144 2639 1343 2706 Muzeumban.

802 2821 960 2834 'tn-*¹⁴-

848 3023 921 3086 356.

319 3182 414 3246 1329.
439 3181 605 3269 Vieeprdd,
620 3188 699 3272 mdj.
715 3189 767 3252 20.
785 3188 849 3252 Pu'l
864 3185 1051 3272 orszdpdt‘ro'
1082 3185 1214 3272 Vrinaay
1240 3195 1322 3250 oeur't
1342 3181 1434 3248 Telau

320 3292 501 3376 vdrmeqyei
516 3291 685 3359 dirtokdao
701 3319 722 3358 a
739 3295 809 3360 de
825 3295 1047 3381 nemzetee‘pddi
1062 3295 1138 3360 eald
1155 3291 1324 3378 Correus&
1339 3293 1435 3358 Jdaos

644 3401 727 3484 fluit
743 3401 895 3488 ite'lctilep
911 3401 1105 3488 meyerdstti.

424 3557 495 3626 Nos
511 3581 617 3627 comes
642 3559 767 3628 Paulus
798 3561 895 3628 iudex
921 3563 1056 3628 curie..
1073 3560 1315 3646 significamus.
1332 3609 1339 3625 .
1355 3557 1430 3643 quod

319 3689 390 3732 eum
406 3669 500 3736 iuxta
516 3671 753 3738 continenciam
769 3673 914 3758 priorum
929 3671 1115 3738 litterarum
1129 3675 1315 3736 nostrarum
1331 3720 1338 3734 .
1353 3720 1360 3734 .
1374 3667 1432 3732 Do·

317 3779 454 3844 minicus
471 3785 504 3846 et
519 3779 689 3846 Johannes
720 3778 779 3846 filii
805 3779 969 3846 Johannis
993 3777 1053 3845 fiiii
1079 3779 1235 3847 Oornardi
1261 3779 1302 3844 de
1327 3797 1432 3863 genere

318 3884 392 3951 zan
407 3888 442 3952 in
458 3889 628 3972 quindenis
652 3887 742 3954 beati
767 3885 903 3973 Georgii
927 3889 1071 3954 martiris
1097 3909 1195 3973 super
1218 3889 1307 3955 facto
1323 3905 1433 3972 posses·

317 3995 415 4061 sionis
432 3993 561 4082 G‘yalan
578 4018 617 4062 ac
632 3997 816 4063 medietatis
832 3997 908 4063 ville
939 3995 1113 4080 Warangh
1138 4019 1158 4062 a
1182 4003 1278 4081 parte
1294 3993 1434 4062 orientali

317 4104 497 4171 adiacentis
511 4127 570 4190 per
587 4105 763 4172 discretum
779 4107 884 4173 virum
899 4107 1093 4190 magistrum
1110 4102 1315 4190 Stephanum
1330 4117 1433 4190 prepo-

317 4215 416 4280 situm
448 4213 825 4300 Quinqueecclesiensem
850 4216 893 4281 ad
922 4215 1157 4299 requirendum
1188 4216 1341 4280 universa
1368 4215 1434 4278 iura

316 4323 441 4408 regalia
457 4329 490 4388 et
519 4323 678 4408 reginalia
701 4323 742 4390 ab
768 4323 881 4390 eodem
897 4323 1025 4390 domino
1050 4329 1162 4390 nostro
1187 4321 1318 4390 Karoio
1332 4319 1443 4387 inclito

315 4451 392 4514 rege
417 4431 589 4514 Hungarie
614 4431 701 4498 intra
725 4433 881 4498 terminos
906 4433 956 4497 sui
978 4433 1072 4516 regni
1097 4431 1284 4515 delegatum
1316 4430 1434 4496 nomine

317 4539 631 4605 condicionariarum
642 4541 877 4624 possessionum
895 4541 1091 4624 reginalinm
1107 4540 1382 4624 recaptivatarum
1390 4537 1433 4601 in·

318 4652 499 4714 strumenta
515 4669 572 4716 suu
588 4669 724 4736 quorum
741 4650 850 4736 vigore
867 4649 983 4734 ipsasu
1000 4671 1033 4713 sc
1049 4649 1268 4734 recaptivatas
1284 4647 1433 4732 litigiona·
