3152 5472
677 859 752 923 542.

145 1027 244 1090 1332.
263 1024 292 1090 A
311 1025 411 1090 berlai
426 1025 585 1110 ledptolcn
607 1024 680 1088 eluar
696 1045 716 1086 a
733 1022 905 1106 lcdkdnyesi
915 1023 1049 1109 prepost
1066 1025 1098 1086 e‘s
1124 1021 1286 1107 cenveoty'e

142 1134 439 1219 Bdlsu's-Mepyereo
465 1156 521 1218 epp
546 1133 735 1196 birtolcrc'szt
752 1135 783 1195 c'a
800 1131 895 1194 szdldt
914 1131 1079 1196 Demoleos
1100 1130 1195 1212 fiu'ro
1226 1131 1286 1196 th.

253 1265 352 1306 nosru
368 1241 517 1326 biscopes
533 1240 802 1325 'uiezonszolpdlct
819 1239 940 1303 mellett
956 1239 1167 1303 dtrchdznak.

255 1401 446 1487 Capitulum
471 1401 604 1467 ecclesie
628 1399 791 1466 Budensis
826 1400 869 1465 ad
903 1401 1126 1465 universorum
1153 1400 1286 1465 ..noti-

143 1515 228 1579 ciam
253 1563 260 1578 .
277 1563 284 1577 .
300 1511 447 1576 volumus
463 1511 638 1594 pervenire,
655 1507 742 1592 quod
757 1509 928 1592 religiosus
952 1509 1001 1573 vir
1016 1508 1116 1574 frater
1140 1509 1286 1574 Briseius

143 1621 332 1706 prepositus
350 1619 483 1685 ecclesie
503 1618 542 1684 de
558 1617 722 1684 Kukenus
738 1639 797 1702 pro
816 1639 849 1682 se
864 1616 1078 1702 personaliter
1094 1623 1195 1701 etpro
1212 1639 1286 1683 con-

142 1737 243 1797 ventu
269 1749 306 1794 ac
322 1729 469 1813 patronis
485 1728 627 1793 ciusdem
654 1727 785 1793 ecclesie
810 1726 849 1792 de
865 1725 1027 1792 Kukenus
1052 1726 1202 1793 videlicet
1226 1749 1284 1810 pro

142 1840 244 1904 Petro
264 1837 332 1902 filio
352 1836 481 1922 Mykud
506 1838 668 1921 quondam
694 1835 779 1901 Bani
803 1836 881 1902 item
898 1834 1050 1903 Johanne
1066 1839 1099 1900 et
1129 1833 1285 1901 Ladizlao

142 1947 219 2012 filiis
234 1945 365 2011 Nicolai
381 1945 441 2010 filii
457 1946 599 2010 eiusdem
619 1943 746 2029 Myknd
766 1993 773 2009 .
790 1993 797 2009 .
814 1944 975 2010 confessus
1001 1944 1108 2009 extitit
1133 1994 1140 2008 .
1165 1993 1171 2008 .
1197 1944 1285 2028 quod

144 2057 220 2140 quia
252 2052 424 2119 Jchannes
455 2052 542 2117 filius
566 2052 733 2118 Dominici
757 2051 874 2136 hospes
906 2051 944 2116 de
975 2051 1194 2136 Bckasmeger
1224 2053 1286 2136 ipsi

142 2163 344 2228 monasterio
361 2161 494 2227 servicia
510 2182 566 2226 sua
582 2160 845 2245 quamplurima.
861 2209 869 2224 .
886 2159 1082 2224 exhibuisset
1098 2210 1105 2225 .
1122 2167 1173 2224 .et
1199 2161 1286 2226 insu-

141 2293 202 2354 per
219 2291 280 2354 pro
297 2269 489 2353 quibusdam
500 2269 745 2334 necessitatibus
761 2267 905 2332 eiusdem
923 2268 1111 2332 monasterii
1122 2268 1162 2334 de
1171 2268 1285 2334 Kuke-

142 2402 204 2446 nus
221 2385 290 2444 tres
299 2400 427 2444 marcas
437 2378 478 2443 ad
488 2379 651 2444 racionem
662 2397 842 2441 marcarum
851 2375 1052 2441 Budensium
1063 2375 1212 2460 dedisset,
1222 2399 1282 2462 pro

143 2511 181 2554 eo
208 2490 243 2553 in
270 2487 604 2571 recompensacionem
620 2485 841 2571 predictorum
857 2484 1064 2550 servitiorum
1096 2505 1227 2550 suorum
1252 2491 1285 2551 et

141 2599 286 2682 ipsarum
306 2596 406 2660 trium
430 2615 612 2660 marcarum
637 2593 680 2658 ad
709 2593 956 2658 subversionem
971 2593 1072 2677 ipsius
1096 2594 1285 2659 monasterii

140 2705 322 2771 solutarum
349 2708 381 2769 et
398 2723 609 2786 expensarum
634 2700 796 2787 quendam
811 2701 1006 2786 particulam
1031 2706 1118 2766 terre
1143 2701 1285 2767 eiusdem

140 2813 327 2879 monasterii
352 2813 390 2877 de
406 2811 570 2877 Knlrenus
585 2812 619 2874 in
634 2811 781 2896 predicta
796 2811 994 2895 possessione
1010 2810 1224 2893 Bekesmeger
1251 2812 1284 2876 in

141 2921 309 2986 territorio
333 2918 504 3005 Wyzamal
520 2925 632 2985 vocato
648 2920 794 2986 habitam
817 2921 851 2984 in
867 2918 1084 2984 vicinitatibus
1109 2917 1202 2984 Petri
1226 2919 1285 2984 filii

140 3028 253 3112 Leges
274 3027 394 3095 Jaccbi
409 3027 523 3112 sponsi
541 3027 619 3093 dicti
635 3025 752 3092 Zevles
768 3032 801 3091 et
836 3027 1006 3092 Benedicti
1024 3026 1204 3110 iobagionis
1229 3048 1285 3095 no·

144 3139 206 3204 stri
224 3160 265 3203 ac
281 3139 368 3204 circa
382 3139 507 3203 vineam
517 3138 657 3203 eiusdem
672 3137 862 3202 monasterii
872 3137 911 3202 de
925 3136 1086 3203 Kukenus
1097 3137 1286 3202 existentem

145 3247 189 3311 ad
205 3246 419 3330 plantandum
434 3247 560 3311 vineam
574 3267 635 3330 pro
651 3245 755 3312 tribus
770 3247 888 3312 marcis
914 3267 1062 3314 cerarum
1087 3247 1128 3311 sd
1151 3246 1282 3313 modum

141 3355 558 3440 pergrethsingulisannis
583 3355 723 3420 infesto
748 3355 992 3422 Purificecionis
1023 3356 1116 3421 beate
1147 3355 1281 3437 uirginis

139 3465 204 3549 ipsi
221 3465 418 3532 monasterio
443 3463 483 3528 de
508 3462 668 3529 Kukenus
693 3485 752 3548 pro
778 3464 991 3530 luminaribus
1015 3463 1281 3530 exsolvendarum

141 3571 259 3637 retulit
276 3572 403 3637 dedisse
419 3621 426 3636 .
443 3620 450 3637 .
466 3571 612 3656 predicto
628 3571 654 3638 J
655 3572 776 3637 ohanni
791 3572 859 3638 filio
869 3571 1033 3638 Dominiei
1043 3573 1114 3637 iure
1124 3575 1282 3655 perpetuo

140 3680 373 3765 possidendam
390 3701 430 3745 ex
446 3701 602 3746 consensu
619 3686 652 3746 et
667 3681 878 3764 permissione
902 3687 1116 3766 patronorum
1141 3678 1283 3745 eiusdem

141 3787 331 3854 monasterii
352 3788 391 3853 de
409 3787 580 3871 Kulrcnus,
596 3787 653 3853 tali
670 3788 774 3874 modo,
791 3789 877 3874 qnod
894 3790 920 3855 si
935 3789 1099 3874 predictus
1116 3787 1142 3854 J
1143 3787 1284 3853 ohannes

139 3894 230 3961 filins
251 3895 415 3962 Dominici
431 3897 518 3981 ipses
534 3901 601 3960 tres
626 3916 752 3962 marcas
777 3916 922 3963 cerarum
946 3917 965 3962 s
989 3896 1040 3962 die
1065 3896 1283 3981 percepcionis

140 4003 269 4072 fructus
284 4003 373 4068 illius
388 4009 476 4070 terre
492 4005 525 4069 in
553 4003 641 4069 dicto
666 4001 749 4068 festo
764 4003 1010 4070 Purificacionis
1029 4004 1123 4071 beate
1149 4004 1283 4088 virginis

141 4112 225 4177 dare
242 4117 274 4177 et
290 4112 413 4177 solvere
429 4133 495 4177 non
512 4119 641 4178 curaret
668 4119 786 4178 extunc
802 4134 876 4178 cum
894 4113 993 4197 duplo
1013 4115 1135 4180 solvere
1160 4117 1283 4178 tenere-

140 4225 206 4304 tur,
223 4220 284 4285 hoc
316 4220 415 4285 eciam
430 4219 556 4286 adiecto
573 4221 660 4304 quod
680 4221 840 4306 sepefatus
865 4220 890 4287 J
892 4223 1034 4288 ohannes
1058 4222 1145 4289 filius
1170 4221 1282 4288 Domi-

139 4329 207 4394 nici
224 4329 329 4412 ipsam
346 4329 538 4413 particulam
554 4335 640 4394 terre
656 4335 687 4394 ct
703 4331 830 4396 vineam
845 4331 879 4399 in
896 4351 932 4398 eo
948 4332 1129 4417 plantatam
1156 4333 1191 4396 in
1215 4331 1282 4396 vite

139 4437 193 4503 rel
208 4437 243 4502 in
259 4442 363 4502 morte
391 4439 570 4522 cuicunque
601 4444 711 4522 posset
741 4440 792 4504 vel
822 4440 919 4506 vellet
951 4440 1010 4506 sub
1045 4439 1157 4505 eodem
1184 4461 1280 4504 censu

139 4545 244 4611 trium
270 4565 453 4611 marearum
470 4567 617 4612 cersrum
631 4546 769 4613 vendere
783 4549 888 4633 possit
906 4548 957 4613 vel
974 4547 1091 4631 legare,
1116 4549 1172 4632 qui
1196 4548 1282 4613 simi-

138 4653 218 4719 liter
234 4675 352 4741 penam
368 4652 459 4741 dupli
476 4655 679 4722 incurrerent
697 4655 724 4721 si
734 4656 839 4743 ipsam
849 4677 1005 4723 summam
1024 4676 1173 4724 cerarum
1183 4657 1281 4726 trium
