3132 5470
323 457 387 518 378
678 465 865 516 ,1110111001
882 455 1098 515 0111111111.

321 636 400 701 lium
417 636 626 701 serviciorum
643 637 830 701 nostrorum
845 633 978 716 meritis,
995 633 1083 716 regie
1107 633 1274 699 maiestati
1299 631 1440 718 impensis

321 767 421 828 quem
444 765 504 828 pro
530 742 785 810 annunciacione
824 740 935 825 gaudii
965 741 1145 807 nativitatis
1179 740 1271 808 ducis
1302 741 1440 808 Ladislai

320 853 481 920 karissimi
511 851 570 918 filii
587 845 729 917 eiusdem
754 850 874 916 domini
901 851 1004 915 nostri
1028 847 1128 916 filiale
1153 849 1312 916 solacium
1328 849 1440 914 deside·

318 967 429 1028 rauter
445 961 647 1045 expectantis
663 960 724 1026 sibi
740 981 872 1043 paruos
896 959 1027 1044 prolata
1042 965 1139 1044 prout
1163 960 1198 1025 in
1214 960 1337 1025 litteris
1353 960 1439 1045 privi-

318 1069 492 1154 legialibus
508 1069 607 1152 ipsius
624 1067 745 1134 domini
761 1069 864 1134 nostri
881 1089 978 1151 super
1002 1069 1074 1152 ipsa
1090 1068 1349 1134 annunciacione
1364 1088 1438 1133 ema·

319 1179 405 1244 natis
437 1177 564 1260 plenius
595 1177 780 1242 continetur
796 1183 829 1240 et
860 1175 999 1240 lucidius
1030 1177 1230 1260 explanatur
1257 1175 1347 1242 hunc
1362 1176 1439 1258 regie

321 1288 429 1372 gracie
470 1286 655 1352 dileccionis
696 1291 729 1350 et
771 1285 958 1351 collacionis
998 1287 1131 1351 titulum
1172 1286 1380 1352 observantes
1408 1290 1436 1348 et

321 1397 505 1462 obtinentes
536 1394 696 1460 maritalis
725 1395 915 1478 provisionis
947 1395 1090 1459 animum
1115 1415 1193 1480 erga
1221 1393 1365 1460 nobilem
1388 1392 1435 1458 do·

322 1507 443 1572 minam
486 1508 668 1570 consortem
700 1509 846 1569 nostram
878 1504 1083 1569 karissimam
1114 1502 1336 1568 Katherinam
1367 1523 1438 1566 nun·

321 1602 472 1698 cupatam
511 1611 612 1678 filiam
651 1613 797 1696 magistri
843 1611 1002 1696 Stephani
1043 1613 1084 1678 de
1118 1609 1210 1676 Gara
1244 1609 1441 1676 advertentes

320 1722 477 1807 quasdam
507 1721 723 1806 possessiones
752 1727 883 1787 nostras
913 1741 1011 1786 unam
1036 1720 1188 1786 videlicet
1212 1721 1439 1804 possessionem

319 1829 445 1913 Iobagh
461 1835 609 1894 vocatam
642 1851 701 1912 per
728 1835 862 1895 mortem
880 1827 1011 1896 Nicolai
1037 1827 1105 1894 Zaa
1131 1829 1210 1893 dicti
1235 1829 1304 1894 sine
1329 1827 1440 1893 herede

321 1937 506 2002 decedentis
532 1943 599 2002 tam
625 1958 664 2001 ex
691 1937 867 2002 collacione
893 1943 926 2000 et
953 1935 1130 2002 donacioue
1156 1935 1300 2001 eiusdem
1326 1934 1438 2000 domini

320 2046 423 2110 nostri
438 2047 523 2129 regis
540 2046 616 2130 quia
633 2045 802 2110 collacicni
818 2066 874 2110 sue
885 2045 925 2110 de
944 2046 1014 2110 iure
1023 2045 1209 2129 pertinebat
1224 2044 1317 2110 nobis
1334 2061 1439 2128 perpe-

320 2161 446 2219 tuatam
464 2176 561 2238 quam
594 2155 695 2219 eciam
711 2175 771 2237 pro
787 2153 914 2218 iudiciis
931 2151 1049 2236 quibus
1064 2151 1150 2217 idem
1165 2150 1325 2217 Nicolaus
1341 2151 1440 2216 dictus

321 2262 408 2328 Zaaz
424 2284 520 2346 super
534 2263 681 2328 indebita
697 2263 912 2358 oocupaeione
927 2261 1137 2345 possessionis
1147 2266 1258 2326 nostre
1273 2259 1440 2325 Pathavo

321 2377 393 2437 cate
409 2371 502 2437 nobis
512 2370 708 2436 hereditarie
724 2371 917 2455 pertinentis
929 2371 1205 2435 acvulueracione
1215 2369 1439 2434 interfeccicne

320 2487 353 2544 et
368 2479 587 2564 captivacione
603 2477 800 2544 famulorum
811 2501 848 2545 ac
858 2477 1066 2564 iobagicnum
1076 2485 1262 2546 nostrorum
1272 2480 1439 2562 utriusque

320 2610 415 2654 sexus
430 2609 488 2671 per
519 2587 657 2652 eundem
673 2587 900 2671 potencialiter
923 2587 1019 2652 factis
1035 2586 1148 2652 ordine
1176 2587 1335 2655 iudicario
1351 2587 1437 2652 nobis

321 2698 505 2764 devolutam
527 2703 676 2780 preterea
700 2699 800 2762 aliam
825 2697 937 2762 villam
962 2717 1018 2761 seu
1043 2697 1277 2780 possessionem
1303 2701 1440 2762 nostram

320 2806 452 2891 Fayzad
483 2811 632 2870 vocatam
647 2827 667 2868 a
684 2803 851 2889 Stephano
876 2803 1014 2869 Nicolao
1040 2803 1206 2870 Michaele
1231 2810 1264 2868 01
1289 2802 1440 2870 Ladizlao

321 2913 396 2979 filiis
406 2911 431 2978 J
433 2913 569 2979 ohannis
584 2911 645 2978 filii
653 2911 679 2978 J
680 2913 765 2978 01101
781 2933 840 2997 pro
858 2911 979 2977 eisdem
996 2912 1278 2978 vulneracionibus
1305 2913 1438 2997 captiva·

321 3023 466 3089 cicuibus
490 3022 774 3088 interdeecionibus
809 3028 842 3087 et
867 3021 1143 3087 denudacionibus
1169 3023 1380 3088 serviencium
1410 3027 1440 3084 et

320 3125 840 3216 1111101100011101010310111]
871 3137 1057 3198 nostrorum
1081 3151 1140 3216 per
1164 3131 1252 3216 ipsos
1283 3137 1437 3197 eteorum

323 3241 495 3325 complices
510 3239 612 3305 illatis
622 3241 771 3306 similiter
788 3239 901 3306 ordine
916 3239 1085 3305 iudiciario
1103 3237 1289 3305 devolutam
1300 3241 1334 3306 in
1350 3239 1439 3305 comi-

318 3354 391 3413 tatu
421 3345 650 3434 Heveswyuar
676 3349 853 3414 existentes
878 3371 951 3414 cum
977 3349 1122 3434 ipsarum
1147 3347 1347 3414 utilitatibus
1371 3367 1437 3432 spe·

318 3456 481 3524 stantibus
497 3456 541 3521 ad
557 3457 686 3522 easdem
717 3457 820 3523 eidem
837 3457 965 3524 domine
991 3459 1133 3544 consorti
1159 3463 1269 3523 nostre
1296 3457 1436 3522 dedimus

317 3567 387 3630 iure
426 3572 583 3650 perpetuo
614 3565 835 3650 possidendas,
867 3567 926 3632 tali
957 3567 1177 3632 moderamine
1209 3566 1372 3631 mediante
1401 3585 1437 3628 011

317 3673 418 3756 ipsius
435 3673 556 3738 domini
573 3675 677 3739 nostri
691 3675 777 3758 regis
793 3675 904 3759 gracia
931 3674 1056 3740 donatu
1072 3719 1103 3740 a.
1121 3679 1160 3740 ut
1186 3673 1441 3758 quandocunque

316 3783 367 3848 vel
383 3783 563 3867 cuicunque
579 3774 650 3866 ipsa
666 3783 796 3850 domina
812 3805 944 3850 consors
961 3788 1072 3850 nostra
1087 3784 1255 3869 predictas
1271 3783 1441 3869 possessio·

318 3911 450 3974 uesper
474 3912 533 3955 nos
558 3891 618 3955 sibi
644 3891 804 3958 collatas.
822 3941 829 3956 .
847 3891 976 3977 chagh
1001 3899 1034 3958 et
1058 3889 1191 3978 Fayzad
1217 3899 1350 3959 vocatas
1364 3892 1438 3958 dare

313 3999 424 4082 legare
440 3999 579 4066 vendere
595 4005 653 4065 aut
668 4001 795 4084 pignori
811 4001 957 4084 obligare
972 4002 1120 4085 voluerit,
1136 4000 1297 4066 vendendi
1313 3995 1436 4084 legendi

316 4113 349 4171 01
363 4107 603 4191 impignorandi
618 4108 748 4192 plenam
765 4113 798 4173 et
814 4107 951 4173 liberam
967 4108 1103 4174 habebit
1117 4107 1311 4174 facultatem
1327 4158 1333 4174 .
1350 4157 1356 4172 .
1371 4107 1438 4172 Da·

317 4221 385 4280 tum
400 4217 435 4281 in
450 4214 645 4300 Wysegred,
660 4217 695 4280 in
710 4216 792 4283 10010
809 4215 897 4282 beati
922 4216 1052 4282 Nicolai
1069 4215 1269 4300 confessoris,
1287 4239 1368 4283 anno
1384 4215 1436 4281 do·

317 4324 397 4388 mini
414 4318 750 4392 Μ100001100011110
767 4331 891 4392 001010.

424 4489 448 4539 Δ
461 4489 694 4540 szekesfehervsiri
708 4490 900 4556 keptalannak
926 4489 1037 4540 roes-ki
1050 4490 1223 4558 sitiret-abbl3
1252 4493 1339 4542 ennek
1352 4488 1438 4541 erede·

316 4575 365 4644 tija
380 4591 395 4626 a
410 4577 753 4644 110111110010101111111101
766 4581 941 4632 Kolozsrsirt.

798 4723 957 4740 ·r-·=··-·-···
