3172 5462
607 437 702 506 1324.
713 442 784 505 nur.
801 438 852 505 23.
1232 439 1294 503 139

157 621 339 686 memorato
355 618 398 684 ad
422 618 536 685 taciem
560 618 707 704 predicte
731 617 941 703 possessionis
956 617 1139 686 accedendo
1156 619 1292 688 eandem

157 729 345 797 convocatis
360 727 587 794 commetaneis
606 731 639 794 et
654 727 766 794 vicinis
790 725 1047 794 reambulassent
1063 731 1096 795 et
1110 727 1292 796 reambnla·

157 843 227 904 tarn
243 837 338 904 iuxta
362 836 412 904 sui
436 843 562 902 veteres
585 838 689 902 metas
713 833 938 919 infrascriptae
956 857 1057 902 novas
1077 837 1178 902 eciam
1195 837 1293 902 inter-

159 945 237 1013 dum
253 943 407 1029 erigendo
433 945 495 1030 ipsi
519 945 675 1028 magistro
693 942 794 1009 Petro
821 965 930 1010 coram
947 945 1175 1011 commetaneis
1200 949 1289 1012 ante·

159 1055 256 1120 dictis
281 1055 472 1121 statuissent
495 1051 732 1138 possidendam,
757 1052 791 1116 in
808 1051 934 1118 duabus
958 1053 1129 1137 particulis
1145 1052 1287 1120 eiusdem

158 1169 249 1228 terre
265 1161 427 1227 duntaxat
450 1160 602 1227 videlicet
626 1161 661 1225 in
687 1159 829 1244 quadam
853 1160 1017 1244 particula
1032 1161 1242 1245 possessionis
1258 1168 1291 1226 et

158 1277 246 1336 terre
271 1270 417 1355 predicte
441 1271 476 1336 in
502 1292 567 1354 qua
591 1269 728 1336 ecclesia
752 1270 786 1335 iu
809 1269 932 1336 honore
958 1270 1063 1336 sancti
1087 1269 1226 1336 Martini
1243 1277 1293 1338 est

160 1385 358 1462 constructa,
374 1377 560 1462 Stephanus
584 1375 671 1442 filius
697 1376 808 1461 Treplr
831 1398 888 1442 suo
906 1383 939 1441 et
955 1376 1120 1443 Johannis
1147 1377 1240 1444 Petri
1256 1401 1295 1446 ac

158 1485 293 1554 Nicolui
319 1485 458 1552 fratrum
492 1506 623 1551 suorum
650 1485 778 1550 nomine
804 1489 837 1550 et
867 1485 902 1549 in
930 1485 1072 1568 quadam
1098 1486 1164 1551 alia
1196 1487 1296 1570 parti-

160 1597 236 1662 cula
270 1595 413 1662 eiusdem
443 1595 652 1679 possessionis
684 1591 866 1660 Ohombald
897 1599 1086 1679 nuncupata
1119 1595 1295 1662 ladizlaus

159 1704 201 1770 de
236 1703 342 1788 Elyed
377 1702 636 1768 contradicentes
670 1725 690 1767 a
723 1703 903 1768 statucione
933 1703 1082 1788 predicta
1115 1705 1295 1789 prohibuis-

160 1817 234 1878 sent
266 1811 413 1892 eosdem;
445 1810 580 1895 reliquis
614 1816 723 1876 autem
754 1809 903 1892 partibus
933 1813 1142 1894 possessionis
1176 1833 1294 1878 memo·

158 1927 232 1986 rate
267 1922 394 1986 nemine
424 1921 554 2004 penitus
585 1918 825 1985 contradictore
857 1921 1016 1996 existente
1059 1921 1162 1985 eidem
1193 1920 1295 1986 Petro

161 2028 204 2094 ad
235 2028 466 2114 possidendum
495 2029 646 2112 statutis3
684 2049 795 2093 cursus
825 2033 934 2093 autem
964 2033 1123 2095 metarum
1155 2029 1296 2094 eiusdem

158 2137 371 2220 possessionis
400 2135 435 2200 in
470 2136 519 2200 sui
550 2135 714 2200 totahtate
758 2142 826 2200 tam
867 2117 901 2200 in
932 2137 1079 2220 partibus
1119 2135 1295 2221 prohibitis

160 2267 259 2330 quam
289 2267 354 2310 non
379 2243 552 2328 prohibitis
585 2243 647 2310 hoc
677 2243 790 2310 ordine
816 2244 1077 2327 distingruntur:
1109 2245 1224 2330 incipit
1255 2245 1295 2310 si-

161 2352 293 2438 quidem
317 2352 422 2435 prima
446 2357 534 2416 meta
559 2350 701 2416 eiusdem
728 2357 867 2436 aparte
892 2352 1043 2417 orientali
1069 2353 1159 2418 iuxta
1184 2351 1295 2416 villam

161 2461 262 2528 Thoti
286 2459 342 2524 ubi
366 2463 416 2524 est
439 2459 533 2525 vallis
557 2461 590 2524 in
615 2483 680 2544 qua
708 2465 757 2526 est
781 2459 945 2544 quoddam
970 2459 1193 2543 paludinetum
1232 2481 1295 2543 que

163 2569 257 2635 vallis
272 2567 363 2634 radit
378 2589 489 2633 versus
504 2573 631 2652 partem
641 2567 814 2633 australem
826 2573 950 2651 aparte
966 2567 1116 2632 orientali
1133 2589 1191 2650 pro
1208 2573 1297 2633 terra

162 2678 301 2762 reginali
316 2676 464 2761 predicta
489 2681 522 2742 et
531 2676 573 2742 ab
589 2675 782 2742 occidentah
798 2697 858 2761 pro
873 2677 952 2742 rilla
967 2675 1066 2742 Thoti
1083 2675 1231 2760 predicta
1248 2674 1295 2741 di·

163 2789 336 2871 stinguens,
364 2785 440 2850 inde
456 2785 545 2851 vadit
561 2785 604 2850 ad
620 2791 746 2870 partem
763 2785 912 2850 similiter
929 2785 1119 2851 orientalem
1136 2783 1179 2850 ad
1195 2783 1297 2867 quod-

163 2895 237 2960 dam
254 2893 345 2960 ahud
369 2893 595 2977 paludinetum
620 2891 739 2959 Saarto
765 2899 916 2959 vocatum
940 2893 1026 2957 inter
1049 2893 1154 2976 ipsam
1171 2897 1293 2957 terram

164 3004 342 3087 reginalem
369 3008 403 3068 et
427 3009 548 3068 terram
573 3001 762 3068 monasterii
787 3001 893 3066 sancti
908 3000 1018 3085 Egidii
1038 3000 1078 3066 de
1095 2999 1230 3085 Simigio
1249 2999 1295 3064 di-

164 3111 364 3195 stingvendo,
391 3111 507 3176 deinde
531 3109 621 3177 radit
637 3109 744 3176 adhuc
775 3110 994 3176 adorientem
1014 3114 1047 3175 et
1063 3110 1179 3175 circuit
1196 3109 1296 3173 eccle-

165 3223 245 3286 siam
262 3221 367 3286 sancti
383 3219 522 3285 Martini
540 3217 761 3304 supradictam
777 3217 996 3303 parochialem
1007 3222 1094 3282 terre
1110 3222 1296 3300 memorate,

163 3329 281 3393 abhinc
312 3327 466 3412 dirigitur
499 3326 541 3392 ad
566 3349 685 3410 aquam
708 3323 827 3410 Hydus
853 3325 939 3391 unde
962 3331 1086 3390 terram
1111 3323 1296 3392 Ohombald

163 3435 360 3502 includendo
386 3435 573 3501 cambiendo
599 3433 768 3500 descendit
794 3433 835 3499 ad
861 3455 961 3499 unum
978 3439 1111 3516 puteum
1127 3429 1297 3499 Gelonion

162 3550 312 3611 vocatum
336 3544 371 3608 in
396 3543 509 3610 eadem
525 3543 609 3608 salle
643 3543 699 3608 ubi
726 3548 774 3608 est
793 3543 845 3608 via
880 3547 914 3607 et
938 3539 1135 3607 transeundo
1162 3540 1297 3606 eandem

162 3655 246 3719 siam
269 3674 381 3718 sersus
398 3651 596 3718 occidentem
612 3651 646 3717 in
673 3651 785 3716 eadem
801 3650 885 3716 valle
902 3650 1081 3716 erexissent
1097 3649 1177 3714 duas
1194 3671 1293 3714 noras

161 3768 266 3828 metas
282 3765 408 3826 terreas
429 3781 493 3843 que
509 3759 550 3824 ab
565 3761 636 3844 ipsa
647 3767 735 3825 terra
744 3759 882 3842 reginali
893 3764 1047 3842 separant
1062 3758 1295 3841 possessionem

160 3871 309 3954 magistri
334 3867 468 3935 Gebech
493 3867 597 3933 Hetes
623 3873 851 3952 nuncupatam,
877 3865 993 3932 deinde
1009 3864 1217 3950 protenditur
1234 3864 1291 3930 ad-

161 3977 226 4043 huc
240 3998 352 4043 versus
376 3975 585 4060 occidentem,
611 3981 644 4041 et
668 3975 715 4040 ibi
730 3997 789 4058 per
813 3974 973 4040 modicum
1000 3974 1145 4056 spacium
1170 3979 1296 4039 transe-

160 4086 247 4152 undo
264 4085 414 4151 similiter
439 4084 519 4150 duas
549 4105 649 4151 noras
665 4089 767 4148 metas
789 4083 974 4165 erexissent,
991 4087 1024 4147 et
1044 4081 1163 4146 abhinc
1178 4081 1291 4164 paulu·

161 4195 228 4259 lum
254 4193 453 4260 transeundo
477 4194 596 4257 iterum
613 4192 694 4257 duas
721 4197 825 4257 metas
852 4190 939 4256 unde
963 4191 1121 4274 incipiens
1141 4189 1231 4254 vadit
1256 4189 1298 4254 ad

163 4302 242 4368 duos
259 4301 375 4366 dumus
400 4301 455 4384 qui
472 4299 701 4365 rekctiabucur
725 4304 964 4383 nuncupantur,
981 4303 1015 4362 et
1031 4297 1150 4362 abhinc
1165 4303 1295 4380 proten·

163 4409 251 4475 ditur
266 4409 310 4475 ad
327 4409 490 4494 quandam
506 4429 657 4492 magnam
682 4408 767 4473 viam
793 4429 852 4491 per
871 4429 969 4490 quam
986 4406 1053 4471 itur
1069 4405 1109 4470 de
1124 4404 1298 4489 Kopusfcu

164 4518 205 4582 ad
220 4516 406 4601 Sumuguar
423 4522 456 4582 et
471 4517 517 4582 ibi
536 4517 713 4581 erexissent
728 4521 793 4582 tres
809 4537 907 4580 novas
923 4519 1036 4598 metas,
1054 4519 1088 4578 ct
1104 4512 1221 4578 dehinc
1239 4534 1297 4596 per

163 4647 315 4710 magnum
332 4627 477 4712 spacium
503 4646 616 4692 versus
640 4625 806 4692 meridiem
831 4623 1028 4692 transeundo
1054 4623 1239 4710 pervenitur
1255 4621 1298 4689 ad
