3130 5470
301 453 364 516 398
654 469 844 519 ariensem
860 460 1077 519 onnlnrrln.

301 655 366 697 una
383 631 534 697 dividite
550 639 639 698 terra
654 634 812 699 nobilium
828 633 868 699 de
885 631 979 702 Suuk
1003 633 1135 702 Sarmas
1152 637 1269 700 vocata
1281 637 1316 699 et
1331 633 1430 700 alian

298 745 389 806 terra
404 739 535 807 Akazto
551 744 682 826 maiore,
699 742 819 808 abhinc
835 745 938 810 currit
954 748 987 810 et
1003 743 1168 810 deseendit
1194 743 1354 808 adlooum
1370 741 1428 808 Ze·

300 871 400 935 nasay
415 857 566 918 vocatum
581 851 623 916 ed
654 852 772 917 vallem
796 874 899 936 usque
915 851 958 918 sd
974 850 1108 918 fluvium
1133 851 1247 918 Ludos
1264 856 1298 916 et
1330 857 1431 916 trans-

303 960 407 1026 eundo
438 961 568 1046 ipsum.
585 1012 591 1026 .
608 983 718 1026 versus
735 981 885 1027 oooasum
911 962 997 1044 solis,
1012 957 1130 1029 abhinc
1146 960 1236 1026 vadit
1253 959 1296 1024 ad
1307 964 1430 1044 partem

302 1070 599 1152 septemtrionalem
615 1070 648 1133 in
665 1069 778 1136 eadem
793 1069 878 1135 valle
894 1070 928 1134 in
943 1067 1040 1135 fluvio
1056 1069 1169 1135 Ludss
1185 1074 1218 1134 et
1233 1067 1431 1154 pervenitad

301 1177 517 1242 monticulum
548 1174 616 1243 Oor
633 1182 783 1244 vocatum
807 1176 864 1241 ubi
880 1181 957 1242 sunt
973 1181 1040 1242 tres
1056 1183 1141 1242 mete
1166 1181 1273 1242 terree
1299 1175 1430 1258 antique

303 1304 441 1366 quarum
459 1307 524 1350 una
540 1283 655 1350 dividit
679 1307 699 1350 a
727 1290 817 1349 terra
842 1281 973 1350 Akazto
997 1286 1121 1350 maiore
1146 1283 1291 1350 secunda
1314 1307 1335 1349 a
1358 1283 1430 1348 villa

299 1390 464 1459 Kamaros
488 1395 690 1478 possessione
714 1393 864 1478 magistri
889 1391 1030 1459 Simonis
1055 1395 1157 1458 tercia
1183 1415 1203 1458 a
1227 1399 1320 1457 terra
1337 1387 1428 1474 (leeg,

301 1501 379 1566 item
395 1503 428 1567 in
446 1502 559 1568 eadem
574 1503 659 1568 valle
683 1501 797 1568 Ludos
813 1501 953 1567 tenendo
969 1523 1080 1568 versus
1106 1501 1373 1586 septemtrionem
1396 1505 1426 1564 et

300 1611 446 1692 pervenit
463 1611 505 1675 ad
521 1633 621 1676 unum
638 1615 780 1678 montem
806 1611 840 1674 in
865 1611 957 1676 euius
982 1611 1085 1676 latere
1110 1610 1229 1676 montis
1257 1613 1428 1674 erexerunt

300 1738 416 1782 novam
442 1725 562 1785 metam
588 1739 650 1803 que
676 1717 791 1786 dividit
816 1739 836 1782 a
861 1719 1092 1802 septemtrione
1123 1720 1280 1800 magistro
1308 1715 1428 1782 Thome
1555 1813 1556 1818 γ

301 1826 406 1890 minor
424 1824 510 1910 (leeg
527 1833 560 1892 et
576 1849 596 1892 a
611 1832 707 1912 parte
717 1827 922 1892 meridionali
933 1828 1090 1910 magistro
1102 1824 1271 1910 Stephano
1288 1825 1428 1890 amnion'

302 1933 397 2020 (leeg,
412 1935 488 2002 inde
505 1936 654 2001 aseendit
679 1933 722 2001 ad
737 1957 838 2000 unum
854 1941 997 2000 montem
1013 1936 1056 2000 ad
1081 1935 1177 2001 beero
1201 1941 1235 2000 et
1250 1933 1297 1999 ibi
1325 1954 1429 1998 erexe-

301 2049 379 2109 runt
409 2065 525 2110 novam
549 2050 669 2112 metam
695 2051 843 2130 terream,
868 2045 902 2110 in
928 2045 1041 2111 eodem
1057 2097 1064 2113 .
1081 2097 1088 2112 .
1104 2045 1255 2130 pervenit
1280 2044 1325 2110 ad
1351 2045 1428 2110 duas

302 2156 406 2218 metas
423 2154 574 2236 antiques
591 2175 730 2237 quarum
755 2174 821 2218 nna
846 2151 959 2217 dividit
983 2159 1116 2219 eterra
1142 2152 1272 2239 Zylwas
1298 2159 1426 2238 aperte

301 2259 434 2326 orientis
465 2254 609 2329 secunda
624 2263 740 2328 dividit
756 2281 776 2327 a
793 2267 887 2345 parte
903 2259 1080 2328 occidentis
1097 2267 1223 2329 eterra
1239 2261 1338 2346 (leeg,
1354 2263 1426 2332 inde
1555 2335 1556 2376 p

300 2368 526 2438 circumeundo
542 2393 639 2456 super
655 2371 766 2438 eodem
776 2369 881 2436 Beere
896 2372 1044 2456 pervenit
1060 2373 1102 2438 ad
1117 2378 1222 2438 metas
1238 2377 1326 2437 terre
1342 2374 1427 2456 espi-

303 2477 364 2541 tuli
380 2499 517 2561 quarum
533 2501 599 2546 una
616 2478 730 2545 dividit
747 2501 767 2544 a
783 2483 872 2544 terra
888 2476 1052 2564 Wyzulya
1067 2479 1133 2546 alia
1149 2503 1170 2546 a
1186 2486 1276 2546 terra
1292 2478 1427 2565 Zylwas,

301 2584 375 2651 inde
402 2586 625 2655 descendendo
652 2589 738 2655 circa
762 2587 876 2654 silvam
901 2586 1064 2674 Wyzulya
1088 2588 1129 2654 de
1153 2588 1251 2654 heere
1281 2591 1427 2672 pervenit

299 2693 418 2764 iterato
444 2697 487 2764 ad
512 2697 592 2763 duas
618 2703 720 2764 metas
747 2703 870 2763 terreas
902 2719 1041 2781 quorum
1072 2719 1138 2763 una
1164 2697 1278 2762 dividit
1303 2701 1427 2763 sterra

300 2800 462 2889 Wyznlya
478 2809 511 2871 et
527 2807 592 2873 alia
617 2825 637 2870 a
662 2813 752 2872 terre
777 2803 915 2892 Zylwsm,
939 2805 1016 2871 inde
1040 2805 1207 2872 descendit
1233 2805 1277 2870 ad
1291 2804 1424 2872 fluvium
1554 2799 1555 2804 ¹

299 2911 414 2978 Ludas
430 2920 464 2980 et
479 2915 677 2982 transeundo
693 2917 822 3000 ipsum.
839 2965 846 2980 .
862 2916 948 2980 inter
962 2915 1157 2981 monticulos
1173 2914 1261 2979 eirca
1276 2914 1363 2980 riam
1378 2919 1427 2978 est

298 3042 364 3086 una
388 3029 476 3088 meta
501 3030 609 3091 terrea
635 3047 696 3110 que
722 3023 837 3089 dividit
861 3023 946 3087 inter
962 3027 1081 3088 terram
1106 3020 1232 3106 Wylnk
1256 3025 1292 3086 et
1306 3027 1426 3087 terram

298 3126 435 3216 Zylwae,
452 3131 570 3199 abhinc
587 3131 753 3199 deseendit
769 3131 812 3196 ad
828 3153 927 3196 unum
943 3131 1084 3196 rivulum
1095 3137 1127 3196 et
1142 3131 1176 3194 in
1193 3127 1305 3195 eodem
1322 3129 1424 3194 rivulo

297 3237 444 3305 aseendit
459 3239 502 3305 ad
517 3245 659 3306 montem
676 3239 794 3324 Kapus
819 3237 875 3304 ubi
892 3259 931 3304 ex
948 3244 1087 3322 utraque
1104 3243 1197 3324 parte
1213 3238 1263 3302 vie
1279 3239 1314 3302 in
1330 3236 1423 3303 beerc

297 3351 374 3411 sunt
390 3345 453 3412 due
468 3351 553 3414 mete
570 3369 708 3434 quarum
725 3369 790 3413 una
815 3345 930 3413 dividit
954 3369 974 3412 a
999 3352 1089 3412 terra
1113 3346 1238 3432 Wylnk
1261 3350 1295 3411 et
1321 3345 1386 3412 alia
1403 3367 1424 3410 a
1553 3347 1554 3362 ¹

297 3457 386 3520 terra
403 3453 546 3541 Septeer,
561 3455 637 3522 inde
654 3457 755 3522 currit
770 3477 830 3541 per
845 3455 1161 3538 beerepersingulas
1177 3461 1281 3520 metas
1292 3459 1424 3536 terreas,

296 3571 371 3648 post
386 3562 446 3632 hee
462 3565 627 3633 deseendit
644 3618 651 3632 .
668 3617 674 3632 .
692 3587 801 3631 sersus
826 3564 985 3650 piscinam
1010 3570 1043 3629 et
1058 3564 1091 3628 in
1116 3562 1181 3629 fine
1205 3563 1307 3649 ipsius
1329 3563 1423 3630 beera

296 3673 353 3738 ubi
370 3673 434 3739 duo
450 3673 547 3740 rivuli
564 3680 761 3741 concurrunt
777 3674 816 3739 de
833 3671 971 3758 Septeer
987 3676 1020 3738 et
1036 3671 1076 3738 de
1092 3671 1209 3758 Wylos
1225 3670 1363 3737 fluentes
1378 3671 1424 3738 ibi

297 3787 345 3846 est
370 3805 435 3848 una
459 3791 548 3849 meta
574 3789 683 3849 terrea
708 3805 771 3867 que
787 3781 903 3848 dividit
927 3786 1056 3867 aparte
1081 3780 1285 3848 meridionali
1301 3783 1423 3846 eterra
1552 3823 1553 3900 p

297 3886 433 3975 Septeer
448 3915 468 3958 a
483 3897 578 3976 parte
594 3914 668 3958 vero
685 3891 944 3976 septemtrionali
960 3895 1086 3956 eterra
1101 3887 1224 3974 Wylak
1240 3893 1273 3953 et
1284 3885 1424 3954 oaditod

295 3995 426 4064 fluvium
443 4005 477 4065 et
491 4001 525 4066 in
541 3999 646 4070 medio
662 4000 763 4084 ipsius
778 3996 867 4065 fluvii
894 3999 997 4064 currit
1014 4019 1117 4083 usque
1143 3997 1186 4062 ad
1210 3995 1345 4063 fluvium
1360 3995 1421 4061 Le

296 4106 415 4174 keneee
433 4115 466 4175 et
481 4111 515 4174 in
545 4111 614 4194 ipso
632 4110 783 4176 ..currit
808 4129 906 4193 supra
930 4129 988 4192 per
1012 4106 1099 4173 idem
1124 4103 1257 4172 flurium
1275 4154 1283 4172 .
1299 4157 1306 4171 .
1323 4126 1422 4191 usque

296 4236 386 4282 nuno
402 4217 491 4284 cedit
505 4218 629 4284 rivulus
653 4215 879 4302 Wlwespatalr
894 4221 1028 4281 vocatus
1044 4213 1088 4282 ad
1103 4213 1239 4280 fluvium
1253 4213 1422 4280 Lekenoee
1551 4309 1552 4312 Ἴ

298 4332 331 4391 et
346 4348 366 4392 a
381 4333 474 4412 parte
490 4325 696 4394 meridionali
710 4325 796 4392 idern
810 4324 926 4391 fluvius
942 4321 1154 4409 Vlwespatalr
1170 4321 1322 4390 dividite
1331 4327 1421 4388 terra

296 4429 509 4503 Zenmartom
525 4441 641 4503 vocata
657 4459 676 4502 a
691 4440 786 4520 parte
800 4456 876 4501 vero
902 4433 1161 4519 septemtrionali
1185 4454 1206 4497 a
1230 4437 1320 4497 terra
1334 4429 1424 4496 ΕΠ·

296 4563 407 4610 monus
424 4549 456 4610 et
471 4545 517 4610 sio
532 4551 616 4612 mete
631 4545 776 4630 ipsarum
791 4549 954 4610 terrarum
979 4541 1098 4608 Zilwas
1123 4539 1260 4626 Septoer
1286 4543 1318 4606 et
1332 4537 1422 4604 ewr-

296 4671 409 4718 menus
425 4674 484 4740 per
500 4660 604 4720 metas
620 4657 696 4720 sunt
712 4649 922 4738 reambulate,
933 4650 1010 4717 item
1020 4655 1105 4717 mete
1116 4654 1203 4716 terre
1220 4647 1425 4718 Budatelelre
