3154 5474
661 876 736 938 482.

135 1037 230 1100 1331.
245 1035 309 1101 dec.
325 1039 355 1102 6.
380 1033 410 1100 A
422 1040 581 1123 pazsoaqi
597 1037 758 1122 kdptoloa
774 1039 846 1102 elea
864 1039 967 1104 Keac'z
984 1039 1162 1122 correesfioi
1177 1039 1264 1124 allate

136 1156 214 1212 nevit
235 1146 422 1211 birtokukot
446 1145 706 1232 Noqp·Pozsoay
723 1149 951 1232 crismepye'dca
968 1147 1075 1214 Fodoe·
1091 1148 1264 1214 dertosane

608 1255 789 1320 eldrdlcitilc.

241 1413 431 1500 Capitulum
448 1415 581 1482 ecclesie
596 1413 805 1482 Posoniensis
821 1415 863 1482 ad
879 1416 1104 1484 universorum
1120 1467 1127 1484 .
1144 1467 1150 1482 .
1182 1419 1264 1484 noti·

132 1525 215 1589 eiam
233 1574 239 1588 .
257 1575 264 1589 .
287 1525 435 1590 volumus
459 1525 634 1608 pervenire,
659 1524 747 1608 quod
763 1523 936 1610 Philippus
952 1531 986 1592 et
1001 1525 1119 1592 Petrus
1135 1528 1265 1592 iuvenes

134 1631 258 1698 nobiles
281 1630 339 1698 filii
365 1634 491 1699 comitis
511 1629 624 1698 Kenez
649 1655 714 1699 una
739 1655 812 1700 cum
828 1634 931 1700 nobili
954 1634 1132 1701 domina..
1165 1633 1265 1701 Clara

134 1744 341 1806 matresua..
359 1741 520 1826 quandam
532 1762 588 1806 sue
598 1744 685 1807 terre
695 1742 892 1826 particulam
907 1763 947 1808 ex
957 1742 1042 1811 dono
1061 1744 1149 1829 regio
1160 1743 1201 1810 ad
1212 1764 1265 1810 eos

133 1851 349 1933 pertinentem
374 1849 464 1937 Myle
488 1853 636 1919 vocatam
652 1851 686 1916 in
701 1851 819 1916 maiori
845 1852 1003 1918 comitatu
1027 1851 1218 1919 Posoniensi
1244 1873 1264 1918 a

134 1965 225 2044 parte
252 1959 397 2026 meridiei
420 1960 453 2025 in
472 1959 637 2026 vicinitate
662 1958 688 2026 J
689 1960 825 2027 ohannis
848 1959 908 2026 filii
934 1959 959 2028 J
961 1961 1077 2027 enslini
1103 1983 1159 2028 seu
1174 1961 1265 2028 Iwau

134 2068 191 2134 lilii
234 2070 354 2136 sororis
396 2069 535 2136 eiusdem
566 2067 592 2135 J
594 2069 728 2136 ohannis
759 2071 838 2138 civis
879 2071 919 2138 de
958 2071 1105 2158 Tyerna,
1137 2072 1215 2137 item
1246 2095 1266 2138 a

136 2182 229 2262 parte
246 2177 420 2244 occidentis
436 2173 571 2244 Andree
586 2177 646 2244 filii
656 2177 786 2246 Nicolai
803 2180 843 2245 de
858 2179 1002 2266 Kyurth,
1018 2184 1142 2266 aparte
1157 2184 1266 2246 autem

135 2287 392 2372 septemtrionali
417 2287 451 2351 in
477 2286 664 2353 confinitate
689 2289 899 2372 possessionis
914 2289 1061 2374 magistri
1077 2287 1169 2354 Petri
1186 2287 1266 2356 dicti

136 2393 240 2462 Orrus
254 2395 456 2482 Dudsagzeg
470 2404 583 2464 vocate
609 2397 798 2464 existentem
815 2447 821 2462 .
838 2447 844 2462 .
877 2417 975 2481 qnam
992 2397 1093 2462 eciam
1108 2400 1266 2462 terrama

135 2509 228 2588 parte
246 2506 379 2570 orientis
405 2525 491 2589 aqua
514 2504 655 2588 Dudvag
673 2505 715 2571 ab
732 2505 804 2571 aliis
821 2507 975 2589 separat.
992 2555 999 2570 .
1030 2503 1115 2570 hanc
1131 2505 1265 2588 inquam

135 2619 257 2678 terram
272 2635 338 2679 una
363 2634 435 2679 oum
460 2611 560 2680 fundo
577 2614 664 2678 curie
680 2663 687 2680 .
704 2664 711 2679 .
742 2613 820 2680 item
850 2613 921 2679 aliis
937 2613 1134 2679 utilitatibus
1150 2613 1217 2679 suis
1233 2663 1240 2678 .
1257 2662 1264 2696 ‚

134 2723 281 2790 Johanni
306 2723 393 2790 dioto
417 2721 533 2789 Fudur
556 2723 623 2790 filio
649 2722 803 2790 Maurioii
831 2725 886 2808 qui
912 2724 1013 2789 eciam
1039 2745 1170 2808 presens
1191 2722 1264 2789 ade-

135 2837 185 2898 rat
202 2881 233 2898 ..
264 2852 322 2915 pro
340 2830 477 2898 sedecim
501 2832 618 2898 marcis
634 2832 775 2899 latorum
802 2832 1009 2899 denariorum
1034 2831 1263 2896 wiennensium

135 2940 270 3028 singulis
287 2939 395 3006 decem
411 2941 518 3024 pensis
535 2943 730 3027 computatis
748 2993 754 3008 .
771 2991 778 3007 .
794 2941 1010 3008 vendiderunt
1030 2943 1062 3005 et
1077 2939 1263 3005 alienarunt

135 3071 262 3134 semper
277 3045 505 3134 possidendam
521 3099 528 3115 .
545 3101 552 3116 .
586 3051 648 3117 hoo
663 3073 697 3118 se
714 3051 922 3116 nihilominus
940 3049 1058 3115 vimine
1083 3048 1258 3114 vincientes

136 3159 224 3244 quod
257 3160 283 3225 si
308 3180 457 3226 successu
489 3164 671 3246 temporum
702 3161 865 3247 quispiam
895 3160 1003 3244 ipsum
1033 3155 1058 3223 J
1060 3157 1243 3224 ohannem.

137 3266 367 3354 quoquomodo
387 3269 561 3335 molestare
576 3318 608 3335 ,.
639 3269 745 3353 vellet,
771 3273 888 3334 extunc
912 3266 1010 3332 iidem
1035 3265 1209 3349 Philippus
1234 3267 1267 3328 et

135 3377 259 3443 Petrus
276 3380 308 3441 et
323 3377 394 3460 ipsa
411 3376 541 3442 domina
550 3381 657 3444 mater
668 3399 779 3444 eorum
790 3426 814 3442 ..
833 3377 940 3460 ipsum
956 3373 983 3440 J
984 3375 1143 3440 ohannem
1152 3371 1268 3438 Fudur

136 3485 253 3551 eteius
277 3505 477 3550 successores
501 3485 736 3570 expedirent..
768 3484 855 3570 quod
872 3485 898 3548 si
914 3483 1020 3549 faeere
1045 3503 1110 3547 non
1134 3486 1267 3565 possent

135 3596 251 3662 saltem
267 3593 307 3659 de
322 3593 388 3659 aha
402 3593 603 3678 possessione
620 3595 764 3679 ipsorum
781 3643 788 3659 .
806 3643 812 3659 .
830 3589 1021 3658 tantundem
1038 3590 1123 3654 sicut
1138 3587 1266 3672 prefata

134 3702 295 3788 possessio
319 3723 352 3767 se
377 3701 521 3767 extendit
546 3701 649 3767 eidem
674 3701 700 3768 J
701 3700 821 3769 ohanni
847 3699 926 3765 dare
946 3747 977 3764 ..
1009 3695 1207 3762 tenebuntur
1233 3745 1264 3762 ..

135 3813 261 3878 Datum
285 3813 319 3876 in
344 3811 396 3877 die
420 3810 510 3877 beati
542 3809 672 3878 Nicolai
697 3809 891 3877 confessoris
917 3811 949 3874 et
973 3804 1145 3893 pontificis,
1177 3825 1262 3872 anno

135 3921 258 3988 domini
273 3918 451 3986 Millesimo
469 3918 692 3985 trecentesimo
709 3917 871 3984 tricesimo
887 3917 1001 4002 primo.

243 4085 269 4135 A
282 4085 376 4148 penset
384 4083 536 4134 asold-venes
547 4082 781 4147 selyemszalakon
792 4080 867 4144 ffigffi
881 4078 939 4130 alhl
952 4078 1161 4143 cyrographum
1173 4075 1246 4141 rajta
1261 4093 1268 4142 ;

135 4175 272 4240 eredetiJe
297 4188 330 4224 az
357 4188 425 4226 orsa.
450 4173 504 4224 ltar
525 4173 626 4224 kinost.
659 4161 727 4224 os‘zt.
750 4165 1078 4232 Mon.Pos.18.1.dipl.
1103 4165 1175 4217 ltdr:
1190 4167 1268 4214 2693.

136 4265 217 4316 Kozli
231 4281 237 4316 :
250 4262 360 4315 Koraos
372 4264 407 4314 N.
