3132 5470
326 449 389 510 288
678 461 865 508 1110111111
882 445 1098 507 1111111111.

324 630 456 707 tratque
472 625 514 690 ad
529 625 670 690 rivulum
687 621 796 708 Sypelr
821 643 883 706 que
899 621 1076 699 descendit
1090 623 1130 687 de
1146 620 1255 706 Sypek
1271 622 1314 687 ad
1330 619 1367 686 N
1368 623 1450 704 egri·

324 732 419 798 moch
435 739 468 796 11
484 731 524 798 de
539 733 609 815 ipso
625 731 730 797 rivulo
740 732 859 796 iterato
876 751 985 796 versus
1002 730 1138 794 eandem
1153 736 1280 814 partem
1296 729 1340 794 ad
1357 749 1454 793 unum

323 841 477 905 verticem
492 840 612 905 montis
628 839 830 905 ascendendo
856 839 1005 923 peruenit
1036 837 1079 903 ad
1103 837 1185 903 duas
1209 843 1314 916 metas
1331 845 1453 902 terreas

324 948 383 1014 sub
400 947 515 1013 arbore
534 946 605 1012 uus
621 968 716 1012 cruce
732 947 861 1031 signata
878 947 1053 1012 existentes
1078 945 1188 1030 ibique
1203 946 1367 1011 vicinatur
1382 965 1453 1009 cum

323 1057 420 1122 terris
438 1055 602 1138 quondam
619 1056 718 1121 castri
735 1053 901 1119 Ztrahura
916 1077 937 1119 a
952 1061 1045 1138 parte
1062 1053 1214 1119 orientali
1240 1059 1453 1136 apartevero

325 1165 518 1231 occidentali
534 1187 607 1230 cum
624 1170 712 1229 terra
743 1163 852 1247 Sypek
877 1163 1050 1248 sepedicta,
1081 1161 1197 1228 deinde
1228 1159 1451 1227 descendendo

324 1273 364 1338 de
380 1274 449 1357 ipso
466 1275 586 1339 uertice
602 1273 722 1338 montis
738 1271 826 1337 cadit
842 1271 885 1336 ad
908 1270 1043 1337 fluvium
1073 1270 1182 1355 Sypek'
1213 1276 1246 1335 et
1269 1270 1315 1335 ibi
1331 1267 1450 1334 transit

327 1380 460 1448 flurium
475 1403 585 1447 versus
601 1388 729 1466 partem
743 1379 990 1446 meridionalem
1015 1386 1048 1444 et
1080 1379 1228 1445 ascendit
1259 1378 1381 1443 directe
1414 1376 1452 1440 ad

328 1512 484 1572 magnum
499 1497 642 1557 montem
658 1489 767 1572 ibique
783 1489 817 1554 in
833 1490 953 1554 vertice
969 1491 1087 1554 montis
1104 1495 1181 1554 sunt
1197 1488 1261 1553 due
1276 1495 1360 1552 mete
1376 1507 1453 1570 qua-

327 1620 400 1664 rum
416 1620 481 1662 una
498 1605 548 1664 est
562 1605 671 1662 terrea
687 1597 754 1662 alia
769 1617 843 1661 vero
860 1595 997 1662 arborea
1028 1595 1113 1661 tulfa
1129 1619 1228 1682 supra
1244 1593 1451 1681 Sypektelulr,
1488 1581 1492 1590 ’

328 1705 447 1772 abhinc
472 1707 578 1772 tendit
602 1725 713 1771 versus
738 1705 873 1770 eandem
888 1712 1016 1790 partem
1047 1705 1290 1770 meridionalem
1315 1711 1348 1774 et
1362 1705 1451 1768 iuxta

331 1813 520 1879 descensum
551 1815 670 1880 montis
709 1811 913 1896 pervenitad
944 1812 1024 1877 duas
1055 1813 1202 1878 arbores
1218 1811 1310 1894 tullo,
1340 1811 1450 1876 deinde

328 1923 495 1988 descendit
510 1921 552 1988 ad
567 1921 749 2006 predictum
765 1921 905 1986 rivulum
930 1919 1039 2006 Sypelr
1054 1942 1163 1986 versus
1180 1921 1313 1986 eandem
1328 1925 1449 2004 partem

329 2037 363 2095 ct
378 2052 436 2114 per
451 2031 542 2096 illum
558 2029 700 2095 rivulum
732 2027 841 2114 Sypek
857 2028 946 2094 vadit
962 2051 1060 2113 supra
1075 2051 1186 2096 versus
1210 2035 1337 2116 partem
1352 2029 1449 2093 orien-

328 2143 429 2208 talem
439 2142 497 2207 ubi
513 2148 562 2207 cst
578 2147 666 2206 terra
676 2129 872 2206 Ztrahuraa
887 2145 981 2226 parte
990 2161 1065 2206 vero
1076 2141 1269 2207 occidentali
1277 2138 1449 2205 remanebit

329 2258 418 2316 terra
434 2249 551 2335 Sypelr,
575 2252 653 2326 item
670 2251 737 2316 exit
767 2249 806 2314 de
822 2249 891 2333 ipso
907 2248 1004 2314 fluvio
1020 2251 1063 2315 ad
1079 2256 1206 2334 partem
1223 2247 1447 2314 occidentalem

329 2359 372 2424 ad
387 2365 508 2424 metam
524 2365 666 2423 terream
682 2381 755 2424 cum
771 2357 879 2441 lapide
896 2357 1123 2423 circumfusam
1139 2365 1172 2422 et
1187 2357 1233 2424 ibi
1250 2358 1337 2422 circa
1351 2357 1447 2438 ipsam

328 2474 448 2534 metam
464 2473 512 2532 est
527 2479 644 2532 nemus
669 2465 848 2548 Bababyke
864 2487 885 2530 a
901 2472 994 2549 parte
1010 2465 1215 2531 meridionali
1231 2465 1391 2548 pertinens
1406 2460 1445 2526 ad

328 2575 496 2642 Ztrahura
512 2580 545 2639 et
559 2580 635 2658 post
649 2574 709 2640 hec
725 2573 815 2639 vadit
831 2579 945 2639 contra
969 2574 1135 2639 meridiem
1151 2573 1274 2638 directe
1290 2573 1374 2638 circa
1387 2569 1446 2634 Ba·

328 2683 456 2767 babyke
473 2684 515 2748 ad
540 2688 683 2749 montem
714 2685 802 2748 venit
817 2684 860 2749 ad
876 2689 975 2766 caput
1005 2681 1185 2766 Bababyke
1200 2703 1258 2765 per
1273 2682 1357 2746 riam
1371 2680 1445 2744 anti·

329 2815 428 2876 quam
443 2793 477 2857 in
494 2812 560 2874 qua
575 2793 642 2856 itur
657 2791 699 2856 ad
716 2792 877 2858 Hotbuon
892 2791 1002 2874 ibique
1019 2799 1067 2856 est
1083 2797 1171 2856 meta
1186 2797 1294 2854 terrea
1311 2797 1343 2854 et
1357 2787 1445 2852 arbor

329 2901 414 2967 tullo
429 2920 523 2965 cruce
539 2901 666 2983 signata
696 2901 789 2965 iuxta
819 2906 939 2966 metam
969 2907 1118 2982 veterem,
1148 2897 1264 2964 deinde
1294 2896 1444 2982 perillam

328 3011 413 3075 viam
429 3008 518 3074 vadit
534 3008 577 3072 ad
593 3009 750 3074 orientem
765 3029 822 3092 per
838 3029 991 3091 magnum
1001 3008 1146 3092 spacium
1162 3005 1359 3072 transeundo
1369 3005 1445 3068 uenit

329 3116 372 3183 ad
388 3117 469 3182 duas
485 3122 589 3182 metae
606 3123 737 3200 terreas,
763 3116 879 3181 deinde
895 3138 953 3200 per
970 3115 1105 3181 eandem
1120 3116 1206 3180 viem
1222 3113 1313 3179 vadit
1328 3136 1347 3178 a
1360 3116 1443 3196 parte

329 3225 532 3290 meridionali
563 3224 605 3288 ad
635 3224 824 3308 Kuhnaheg
855 3232 888 3289 et
918 3231 993 3308 post
1017 3225 1078 3289 hec
1092 3225 1181 3288 venit
1195 3222 1238 3288 ad
1253 3228 1352 3306 caput
1365 3219 1442 3284 florii

328 3333 438 3416 Egrus
454 3331 564 3414 ibique
581 3330 690 3397 deficit
705 3333 855 3421 vicinitas
871 3338 959 3396 terre
975 3329 1085 3417 Sypek
1101 3337 1134 3396 et
1158 3352 1276 3414 parum
1291 3328 1391 3394 eundo
1405 3326 1442 3389 ri·

330 3441 459 3506 sinatur
484 3460 557 3504 cum
587 3445 677 3504 terra
707 3437 885 3505 Kuthasou
901 3440 958 3505 ubi
988 3447 1038 3505 est
1069 3438 1166 3504 arbor
1197 3439 1330 3504 kercina
1359 3453 1441 3501 cruce

328 3551 457 3633 signata
487 3569 546 3631 pro
576 3553 663 3612 meta
693 3547 803 3631 ibique
834 3549 994 3613 vicinatur
1019 3569 1092 3613 cum
1122 3553 1211 3613 terra
1237 3543 1440 3630 Scenthyuap,

330 3658 447 3724 deinde
473 3656 616 3721 declinat
631 3655 674 3721 ad
690 3663 816 3740 partem
833 3657 1024 3723 orientalem
1033 3677 1092 3741 per
1108 3676 1208 3720 unam
1223 3649 1354 3738 parvam
1368 3653 1440 3716 riam

330 3787 397 3850 qua
413 3763 560 3830 ascendit
577 3763 619 3829 ad
635 3786 735 3829 unum
750 3766 965 3832 monticulum
981 3771 1014 3829 et
1029 3763 1186 3829 veniendo
1197 3785 1255 3847 per
1270 3764 1370 3847 ipsam
1378 3779 1440 3844 par·

328 3896 402 3939 ram
417 3873 503 3938 riam
519 3893 620 3955 usque
635 3879 777 3938 montem
794 3874 959 3939 Werusku
989 3894 1010 3937 a
1039 3877 1133 3956 parte
1150 3871 1383 3955 septemtrionis
1396 3867 1440 3936 de

330 3983 430 4048 clinat
445 4003 554 4047 versus
571 3982 706 4047 eandem
715 3988 841 4066 partem
852 3981 1148 4066 septemtrionalem
1164 3980 1205 4045 de
1221 3981 1341 4064 angulo
1356 3983 1440 4060 etper

329 4092 482 4156 verticem
498 4091 616 4156 montis
633 4089 719 4175 quod
735 4073 832 4174 sulgo
863 4091 962 4156 berch
994 4091 1114 4156 dicitur
1129 4089 1291 4154 vicinatur
1306 4089 1440 4153 11111111-

329 4200 375 4264 ris
391 4199 549 4265 nobilium
581 4199 621 4264 de
637 4197 743 4283 Toldy
760 4205 882 4282 etpost
897 4199 956 4264 hec
972 4199 1060 4263 venit
1075 4204 1108 4262 et
1123 4197 1320 4261 transcurrit
1343 4193 1382 4260 ad
1394 4191 1439 4256 do

329 4329 418 4373 mum
433 4307 508 4374 Ded
524 4315 557 4373 et
574 4307 614 4373 de
631 4309 725 4376 domo
741 4310 842 4392 ipsius
858 4309 933 4374 Ded
948 4308 1080 4374 divertit
1095 4307 1258 4372 seiterato
1274 4306 1316 4372 ad
1331 4309 1439 4389 portem

331 4417 523 4483 orientalem
539 4419 751 4502 prevenitque
768 4419 810 4483 ad
825 4418 1025 4502 Lypunafew
1041 4421 1075 4482 et
1090 4416 1130 4481 de
1145 4413 1331 4498 Lipunafeu
1347 4431 1439 4477 asces-

331 4523 381 4588 dit
397 4525 439 4589 ad
463 4531 605 4592 montem
637 4527 679 4592 ad
710 4533 832 4592 terram
864 4528 989 4594 scilieet
1020 4526 1118 4591 castri
1149 4522 1323 4588 Hulloulm
1338 4523 1438 4586 iterato

331 4631 441 4715 ibique
457 4633 566 4700 deficit
582 4636 740 4702 terminus
757 4643 842 4702 terre
874 4637 1042 4702 Ztrahura
1072 4655 1092 4698 a
1122 4637 1216 4716 parte
1233 4627 1437 4704 meridionali;
