3152 5472
304 455 367 514 636
666 463 855 512 assensores
871 452 1088 511 osulurrls.

308 652 490 697 marcarum
507 631 540 694 in
557 629 667 712 aliquo
683 648 770 693 anno
788 628 911 692 solvere
927 649 990 691 non
1009 631 1183 692 curarent.
1208 675 1215 690 .
1241 626 1368 692 Datum
1388 647 1437 710 per

302 761 414 804 manus
431 738 560 804 discreti
581 738 641 802 viri
671 737 818 818 magistri
844 735 990 801 Ladizlai
1016 733 1145 800 lectoris
1171 735 1304 800 ecclesie
1321 741 1435 814 nostre,

299 869 383 913 anno
399 846 519 913 domini
544 845 597 910 Μο
622 841 723 912 000ο
748 842 878 908 XXX⁰
903 841 1052 924 secundo,
1078 843 1234 924 magistro
1263 842 1432 909 Demetrio

301 962 443 1039 cantore,
463 955 590 1023 Jacobo
610 953 752 1036 custode,
776 953 932 1036 magistro
956 951 1107 1036 Paeonio,
1138 951 1239 1016 Petro
1271 951 1435 1035 quondam

301 1065 433 1149 decano,
449 1063 549 1129 Petro
566 1061 695 1148 Sponte,
714 1059 895 1142 Dominico‚
907 1058 932 1125 J
934 1059 1059 1126 ohanne
1079 1059 1273 1144 presbiteris,
1284 1058 1309 1125 J
1310 1059 1434 1126 ohanne

299 1173 452 1242 etaltera
479 1172 632 1240 Johanse
663 1193 701 1238 ao
725 1169 852 1237 Jacobs
876 1169 1050 1255 magistris,
1076 1171 1254 1254 ceterisque
1271 1168 1432 1234 canonicis

299 1282 518 1349 existentibus,

404 1445 430 1496 A
439 1446 590 1496 asacskdba
600 1448 708 1496 varrott
718 1443 813 1509 pecstt
823 1444 886 1493 zdld
896 1443 1001 1507 selyem
1016 1441 1147 1492 asindron
1169 1441 1245 1506 sugg,
1257 1441 1326 1491 salal
1337 1455 1432 1505 cyrog-

298 1537 417 1600 raphum
430 1536 519 1601 rajta3
533 1535 666 1600 eredetiJ'e
677 1551 709 1586 az
725 1549 794 1585 orsa.
806 1533 863 1584 1111
879 1534 978 1584 kinost.
992 1536 1059 1583 oszt.
1082 1531 1197 1583 Monial.
1211 1533 1245 1584 V.
1258 1531 1328 1583 Bud.
1346 1536 1392 1584 14.
1414 1535 1433 1594 l¹

297 1623 364 1688 dipl.
379 1626 450 1676 11111
467 1630 545 1676 2711.
559 1623 657 1676 Kozli:
671 1625 780 1676 Kovdcs
794 1624 828 1675 N.

796 1803 947 1813 -----

829 2043 904 2106 543.

301 2209 397 2272 1332.
413 2204 443 2272 Α
460 2205 560 2272 tadei
570 2205 731 2292 kdptalan
742 2204 815 2270 elea
825 2203 931 2270 Kalaa
941 2203 1212 2290 budaipolgdrad
1222 2205 1322 2288 defle,
1338 2204 1428 2271 011·

301 2316 359 2380 dai
375 2314 618 2398 Vidusfluioak
644 2312 1208 2399 111611100116111111911110111111
1218 2312 1425 2378 el'o'rdka'teaaio

410 2472 598 2560 Capitulum
616 2473 748 2540 ecclesie
764 2472 927 2539 Budensis
943 2523 950 2538 .
967 2523 974 2538 .
991 2474 1033 2540 ad
1049 2474 1272 2540 universorum
1289 2524 1296 2540 .
1323 2523 1330 2538 .
1354 2473 1430 2539 noti·

300 2583 383 2648 ciam
401 2633 408 2648 .
425 2631 433 2649 .
448 2582 596 2648 volumus
612 2582 788 2666 pervenire,
805 2581 893 2666 quod
909 2581 1039 2649 domina
1053 2580 1163 2646 Katus
1182 2581 1297 2648 relicta
1306 2579 1430 2648 Nicolai

189 2713 195 2726 ·
297 2689 357 2755 filii
387 2689 560 2756 Michaelis
593 2688 783 2756 mercatoris
818 2689 893 2754 civis
918 2688 958 2754 de
983 2693 1090 2754 castro
1120 2688 1268 2755 Budensi
1298 2711 1429 2756 unacum

298 2796 406 2864 Nikus
421 2797 489 2863 filio
505 2819 564 2866 sno
590 2797 631 2863 ab
648 2819 713 2864 una
728 2803 832 2882 parte,
847 2799 925 2863 item
940 2795 1099 2864 Nicotaus
1115 2795 1297 2881 Gregorius
1312 2799 1428 2866 Paulus

300 2911 333 2974 et
349 2905 492 2973 Michael
507 2905 565 2972 filii
581 2905 696 2991 Vydus
712 2907 752 2971 de
767 2905 881 2974 Veteri
896 2905 994 2973 Buda
1018 2928 1057 2971 ex
1082 2906 1186 2972 altera
1210 2928 1320 2973 eoram
1343 2907 1430 2974 nobis

299 3014 512 3099 personaliter
530 3014 707 3098 constituti,
726 3013 823 3080 iidem
833 3015 962 3079 domina
971 3014 1082 3080 Katus
1098 3023 1131 3081 et
1149 3014 1429 3083 Nikusfiliussuus

302 3121 466 3206 quandam
496 3127 582 3188 terre
612 3142 669 3188 sue
693 3122 826 3188 arabilis
850 3121 1040 3207 particulam
1065 3123 1099 3189 in
1122 3124 1289 3191 territorio
1304 3124 1430 3194 Veteris

301 3229 395 3296 Bude
426 3250 529 3315 prope
554 3228 706 3315 Dyoskut
730 3231 815 3295 eirca
839 3250 989 3312 magnam
1021 3231 1105 3296 viam
1131 3231 1322 3298 existentem
1360 3253 1428 3298 cum

300 3337 413 3404 eadem
428 3338 480 3404 ria
495 3359 514 3404 a
530 3344 623 3424 parte
639 3337 841 3405 meridionali
867 3339 989 3406 directe
1015 3361 1054 3405 ex
1077 3345 1172 3424 parte
1203 3341 1268 3407 loci
1299 3345 1425 3429 antiqui

301 3451 403 3514 castri
419 3450 576 3514 Koreton
591 3447 698 3513 secati
713 3447 896 3532 incipiendo
921 3470 941 3515 a
960 3451 1055 3532 parte
1079 3445 1225 3514 inferiori
1241 3449 1386 3515 videlicet
1408 3470 1428 3515 a

297 3560 392 3641 parte
407 3555 572 3620 vinearum
590 3555 760 3622 circuendo
776 3576 878 3639 usque
898 3557 999 3622 aciem
1023 3557 1142 3641 lapidei
1167 3557 1233 3622 orti
1258 3555 1425 3624 circinnda

297 3670 373 3748 tam,
390 3664 442 3729 eui
458 3663 590 3747 quidem
605 3669 692 3729 terre
708 3664 869 3747 particule
885 3670 1015 3749 aparte
1032 3664 1182 3730 orientali
1198 3665 1233 3730 in
1258 3665 1426 3732 medietate

298 3776 385 3838 terre
400 3771 537 3837 Emiriei
552 3771 612 3837 filii
628 3772 654 3838 J
655 3771 748 3838 aeobi
764 3777 797 3838 et
816 3769 921 3840 Galus
947 3793 986 3838 aa
1011 3772 1037 3840 J
1038 3773 1176 3839 ohannis
1201 3771 1261 3840 filii
1287 3769 1428 3858 Ohepani

298 3881 539 3963 coniunguntur
564 3884 694 3964 aparte
710 3901 785 3946 vero
802 3880 995 3947 occidentali
1011 3886 1044 3947 et
1063 3880 1320 3965 septemtrionali
1341 3881 1427 3948 altra

296 3987 416 4054 dictam
433 4007 583 4070 magnam
598 3988 682 4054 riam
699 3995 828 4074 aparte
845 3990 1012 4054 vinearum
1027 3995 1117 4055 terra
1133 3986 1284 4056 Cheneus
1299 3988 1427 4056 vicinari

297 4095 482 4179 dinoscitur,
497 4116 556 4181 per
572 4097 723 4162 comitem
740 4096 858 4162 Hunth
880 4097 1002 4162 dictum
1018 4094 1193 4182 Gusunger
1202 4103 1327 4182 patrem
1345 4095 1427 4162 dicte

298 4205 427 4272 domine
442 4203 552 4284 Katus
576 4211 722 4290 tempore
748 4207 940 4290 nupciarum
967 4206 1070 4272 eidem
1087 4188 1197 4272 Katus
1223 4207 1368 4272 donatam
1396 4209 1428 4270 et

297 4313 454 4379 traditam
481 4313 597 4396 viginti
625 4334 681 4379 sex
705 4313 819 4397 iugera
843 4315 1061 4380 continentem
1092 4337 1131 4380 ex
1161 4313 1362 4399 permissione
1395 4317 1426 4377 et

296 4421 463 4488 voluntate
479 4419 620 4486 omnium
636 4421 857 4505 proximorum
874 4443 1006 4488 suorum
1022 4423 1214 4506 neminequs
1230 4422 1294 4488 alio
1320 4441 1425 4486 coram

296 4528 389 4595 nobis
405 4527 647 4595 contradictore
662 4535 841 4615 apparente
865 4531 1020 4617 predictis
1044 4531 1119 4598 filiis
1145 4529 1270 4616 Vydus,
1295 4527 1425 4596 Nicolao

298 4633 458 4718 Gregorio
473 4635 579 4702 Paulo
596 4641 629 4702 et
644 4635 877 4723 Michaeli,pro
894 4638 1029 4721 triginta
1045 4637 1425 4720 duabusmarcisargenti
