<?xml version="1.0" encoding="UTF-8"?>
<!DOCTYPE html PUBLIC "-//W3C//DTD XHTML 1.0 Transitional//EN"
    "http://www.w3.org/TR/xhtml1/DTD/xhtml1-transitional.dtd">
<html xmlns="http://www.w3.org/1999/xhtml" xml:lang="en" lang="en">
 <head>
  <title>
</title>
<meta http-equiv="Content-Type" content="text/html;charset=utf-8" />
  <meta name='ocr-system' content='tesseract 3.04.00' />
  <meta name='ocr-capabilities' content='ocr_page ocr_carea ocr_par ocr_line ocrx_word'/>
</head>
<body>
  <div class='ocr_page' id='page_1' title='image "./codexdiplomatic01nagygoog_0235.png"; bbox 0 0 3112 5466; ppageno 0'>
   <div class='ocr_carea' id='block_1_1' title="bbox 342 427 1118 489">
    <p class='ocr_par' dir='ltr' id='par_1_1' title="bbox 342 427 1118 489">
     <span class='ocr_line' id='line_1_1' title="bbox 342 427 1118 489; baseline 0 -1"><span class='ocrx_word' id='word_1_1' title='bbox 342 427 405 488; x_wconf 77' lang='lat'>218</span> <span class='ocrx_word' id='word_1_2' title='bbox 695 441 884 489; x_wconf 77' lang='lat' dir='ltr'>uuuouuoui</span> <span class='ocrx_word' id='word_1_3' title='bbox 900 431 1118 489; x_wconf 76' lang='lat' dir='ltr'>ouulurrlu.</span> 
     </span>
    </p>
   </div>
   <div class='ocr_carea' id='block_1_2' title="bbox 336 604 1545 1448">
    <p class='ocr_par' dir='ltr' id='par_1_2' title="bbox 336 604 1545 1448">
     <span class='ocr_line' id='line_1_2' title="bbox 338 604 1453 690; baseline 0.002 -22"><span class='ocrx_word' id='word_1_4' title='bbox 338 604 495 688; x_wconf 75' lang='lat' dir='ltr'>(lauimus,</span> <span class='ocrx_word' id='word_1_5' title='bbox 515 604 665 669; x_wconf 86' lang='lat' dir='ltr'>adonius</span> <span class='ocrx_word' id='word_1_6' title='bbox 693 605 968 688; x_wconf 87' lang='lat' dir='ltr'>expugnacionem</span> <span class='ocrx_word' id='word_1_7' title='bbox 993 604 1143 669; x_wconf 83' lang='lat' dir='ltr'>hincinde</span> <span class='ocrx_word' id='word_1_8' title='bbox 1170 627 1209 669; x_wconf 86' lang='lat' dir='ltr'>ex</span> <span class='ocrx_word' id='word_1_9' title='bbox 1234 606 1379 690; x_wconf 90' lang='lat' dir='ltr'>opposito</span> <span class='ocrx_word' id='word_1_10' title='bbox 1401 605 1453 670; x_wconf 93' lang='lat' dir='ltr'>duo</span> 
     </span>
     <span class='ocr_line' id='line_1_3' title="bbox 339 711 1451 796; baseline -0.001 -18"><span class='ocrx_word' id='word_1_11' title='bbox 339 713 474 778; x_wconf 87' lang='lat' dir='ltr'>castella</span> <span class='ocrx_word' id='word_1_12' title='bbox 491 713 659 795; x_wconf 83' lang='lat' dir='ltr'>ereximus,</span> <span class='ocrx_word' id='word_1_13' title='bbox 679 713 713 776; x_wconf 91' lang='lat' dir='ltr'>iu</span> <span class='ocrx_word' id='word_1_14' title='bbox 729 733 793 776; x_wconf 91' lang='lat' dir='ltr'>uno</span> <span class='ocrx_word' id='word_1_15' title='bbox 816 713 959 794; x_wconf 89' lang='lat' dir='ltr'>ipsorum</span> <span class='ocrx_word' id='word_1_16' title='bbox 986 713 1196 777; x_wconf 90' lang='lat' dir='ltr'>castellorum</span> <span class='ocrx_word' id='word_1_17' title='bbox 1220 711 1381 796; x_wconf 84' lang='lat' dir='ltr'>prelatum</span> <span class='ocrx_word' id='word_1_18' title='bbox 1395 735 1451 777; x_wconf 80' lang='lat' dir='ltr'>ma</span> 
     </span>
     <span class='ocr_line' id='line_1_4' title="bbox 338 817 1542 905; baseline 0 -21"><span class='ocrx_word' id='word_1_19' title='bbox 338 822 475 905; x_wconf 75' lang='lat' dir='ltr'><strong>gistrum</strong></span> <span class='ocrx_word' id='word_1_20' title='bbox 491 818 515 884; x_wconf 84' lang='lat' dir='ltr'>J</span> <span class='ocrx_word' id='word_1_21' title='bbox 518 819 696 902; x_wconf 88' lang='lat' dir='ltr'>oachiuum,</span> <span class='ocrx_word' id='word_1_22' title='bbox 713 819 746 882; x_wconf 91' lang='lat' dir='ltr'>in</span> <span class='ocrx_word' id='word_1_23' title='bbox 763 819 867 883; x_wconf 88' lang='lat' dir='ltr'>altero</span> <span class='ocrx_word' id='word_1_24' title='bbox 883 839 959 882; x_wconf 87' lang='lat' dir='ltr'>vero</span> <span class='ocrx_word' id='word_1_25' title='bbox 976 817 1179 904; x_wconf 71' lang='lat' dir='ltr'>Stephanum</span> <span class='ocrx_word' id='word_1_26' title='bbox 1194 819 1298 884; x_wconf 88' lang='lat' dir='ltr'>filium</span> <span class='ocrx_word' id='word_1_27' title='bbox 1315 817 1405 905; x_wconf 84' lang='lat' dir='ltr'>Apay</span> <span class='ocrx_word' id='word_1_28' title='bbox 1419 821 1452 884; x_wconf 86' lang='lat' dir='ltr'>ad</span> <span class='ocrx_word' id='word_1_29' title='bbox 1538 862 1542 905; x_wconf 67' lang='lat'><strong>;</strong></span> 
     </span>
     <span class='ocr_line' id='line_1_5' title="bbox 339 908 1542 1012; baseline 0.001 -20"><span class='ocrx_word' id='word_1_30' title='bbox 339 927 590 1012; x_wconf 84' lang='lat' dir='ltr'>expugnandum</span> <span class='ocrx_word' id='word_1_31' title='bbox 606 928 713 1010; x_wconf 89' lang='lat' dir='ltr'>ipsum</span> <span class='ocrx_word' id='word_1_32' title='bbox 730 933 871 992; x_wconf 78' lang='lat' dir='ltr'>castrum</span> <span class='ocrx_word' id='word_1_33' title='bbox 898 934 930 991; x_wconf 93' lang='lat' dir='ltr'>et</span> <span class='ocrx_word' id='word_1_34' title='bbox 947 927 989 991; x_wconf 89' lang='lat' dir='ltr'>ad</span> <span class='ocrx_word' id='word_1_35' title='bbox 1004 925 1241 1011; x_wconf 88' lang='lat' dir='ltr'>prohibendum</span> <span class='ocrx_word' id='word_1_36' title='bbox 1265 929 1449 993; x_wconf 84' lang='lat' dir='ltr'>victuahain</span> <span class='ocrx_word' id='word_1_37' title='bbox 1538 908 1542 939; x_wconf 64' lang='lat'><em>³</em></span> 
     </span>
     <span class='ocr_line' id='line_1_6' title="bbox 338 1033 1451 1121; baseline -0.001 -20"><span class='ocrx_word' id='word_1_38' title='bbox 338 1037 371 1100; x_wconf 93' lang='lat' dir='ltr'>id</span> <span class='ocrx_word' id='word_1_39' title='bbox 389 1042 532 1101; x_wconf 77' lang='lat' dir='ltr'>castrum</span> <span class='ocrx_word' id='word_1_40' title='bbox 550 1033 725 1098; x_wconf 86' lang='lat' dir='ltr'>deferenda</span> <span class='ocrx_word' id='word_1_41' title='bbox 741 1035 966 1118; x_wconf 72' lang='lat' dir='ltr'>principaliter</span> <span class='ocrx_word' id='word_1_42' title='bbox 983 1035 1186 1118; x_wconf 86' lang='lat' dir='ltr'>deputantes,</span> <span class='ocrx_word' id='word_1_43' title='bbox 1202 1035 1334 1099; x_wconf 89' lang='lat' dir='ltr'>tandem</span> <span class='ocrx_word' id='word_1_44' title='bbox 1350 1035 1451 1121; x_wconf 72' lang='lat' dir='ltr'>Moyus</span> 
     </span>
     <span class='ocr_line' id='line_1_7' title="bbox 336 1143 1451 1228; baseline 0 -20"><span class='ocrx_word' id='word_1_45' title='bbox 336 1145 421 1208; x_wconf 89' lang='lat' dir='ltr'>filius</span> <span class='ocrx_word' id='word_1_46' title='bbox 438 1144 556 1228; x_wconf 85' lang='lat' dir='ltr'>Moyus</span> <span class='ocrx_word' id='word_1_47' title='bbox 573 1145 750 1226; x_wconf 83' lang='lat' dir='ltr'>prescripto</span> <span class='ocrx_word' id='word_1_48' title='bbox 780 1143 984 1208; x_wconf 89' lang='lat' dir='ltr'>infidelitatis</span> <span class='ocrx_word' id='word_1_49' title='bbox 1002 1149 1035 1207; x_wconf 90' lang='lat' dir='ltr'>et</span> <span class='ocrx_word' id='word_1_50' title='bbox 1061 1143 1202 1207; x_wconf 86' lang='lat' dir='ltr'>criminis</span> <span class='ocrx_word' id='word_1_51' title='bbox 1229 1144 1335 1209; x_wconf 88' lang='lat' dir='ltr'>socius</span> <span class='ocrx_word' id='word_1_52' title='bbox 1358 1145 1451 1208; x_wconf 79' lang='lat' dir='ltr'>uolens</span> 
     </span>
     <span class='ocr_line' id='line_1_8' title="bbox 338 1251 1545 1342; baseline -0.002 -24"><span class='ocrx_word' id='word_1_53' title='bbox 338 1255 424 1319; x_wconf 90' lang='lat' dir='ltr'>dicto</span> <span class='ocrx_word' id='word_1_54' title='bbox 449 1253 568 1336; x_wconf 82' lang='lat' dir='ltr'>Kopaz</span> <span class='ocrx_word' id='word_1_55' title='bbox 582 1259 729 1336; x_wconf 89' lang='lat' dir='ltr'>prestare</span> <span class='ocrx_word' id='word_1_56' title='bbox 745 1253 901 1318; x_wconf 80' lang='lat' dir='ltr'>curulium</span> <span class='ocrx_word' id='word_1_57' title='bbox 928 1275 967 1317; x_wconf 89' lang='lat' dir='ltr'>ac</span> <span class='ocrx_word' id='word_1_58' title='bbox 983 1252 1165 1317; x_wconf 90' lang='lat' dir='ltr'>obsessores</span> <span class='ocrx_word' id='word_1_59' title='bbox 1191 1251 1271 1316; x_wconf 88' lang='lat' dir='ltr'>dicti</span> <span class='ocrx_word' id='word_1_60' title='bbox 1298 1253 1389 1316; x_wconf 87' lang='lat' dir='ltr'>castri</span> <span class='ocrx_word' id='word_1_61' title='bbox 1412 1273 1450 1316; x_wconf 89' lang='lat' dir='ltr'>re·</span> <span class='ocrx_word' id='word_1_62' title='bbox 1544 1321 1545 1342; x_wconf 53' lang='lat'>,</span> 
     </span>
     <span class='ocr_line' id='line_1_9' title="bbox 337 1360 1450 1448; baseline -0.001 -22"><span class='ocrx_word' id='word_1_63' title='bbox 337 1363 458 1448; x_wconf 86' lang='lat' dir='ltr'>pellere</span> <span class='ocrx_word' id='word_1_64' title='bbox 485 1361 572 1426; x_wconf 87' lang='lat' dir='ltr'>dicta</span> <span class='ocrx_word' id='word_1_65' title='bbox 590 1361 724 1425; x_wconf 86' lang='lat' dir='ltr'>castella</span> <span class='ocrx_word' id='word_1_66' title='bbox 750 1367 862 1426; x_wconf 88' lang='lat' dir='ltr'>nostra</span> <span class='ocrx_word' id='word_1_67' title='bbox 887 1361 1017 1444; x_wconf 87' lang='lat' dir='ltr'>copiosa</span> <span class='ocrx_word' id='word_1_68' title='bbox 1042 1367 1242 1424; x_wconf 89' lang='lat' dir='ltr'>armatorum</span> <span class='ocrx_word' id='word_1_69' title='bbox 1259 1360 1450 1425; x_wconf 85' lang='lat' dir='ltr'>multitudiue</span> 
     </span>
    </p>
   </div>
   <div class='ocr_carea' id='block_1_3' title="bbox 339 1465 1545 1553">
    <p class='ocr_par' dir='ltr' id='par_1_3' title="bbox 339 1465 1545 1553">
     <span class='ocr_line' id='line_1_10' title="bbox 339 1465 1545 1553; baseline -0.004 -17"><span class='ocrx_word' id='word_1_70' title='bbox 339 1469 518 1538; x_wconf 88' lang='lat' dir='ltr'>circumdat</span> <span class='ocrx_word' id='word_1_71' title='bbox 543 1474 576 1532; x_wconf 88' lang='lat' dir='ltr'>et</span> <span class='ocrx_word' id='word_1_72' title='bbox 599 1470 778 1553; x_wconf 84' lang='lat' dir='ltr'>impugnat,</span> <span class='ocrx_word' id='word_1_73' title='bbox 809 1473 887 1532; x_wconf 89' lang='lat' dir='ltr'>tuuc</span> <span class='ocrx_word' id='word_1_74' title='bbox 920 1469 1090 1532; x_wconf 89' lang='lat' dir='ltr'>castellum</span> <span class='ocrx_word' id='word_1_75' title='bbox 1122 1467 1199 1532; x_wconf 89' lang='lat' dir='ltr'>dicti</span> <span class='ocrx_word' id='word_1_76' title='bbox 1225 1465 1380 1552; x_wconf 81' lang='lat' dir='ltr'>Stephani</span> <span class='ocrx_word' id='word_1_77' title='bbox 1404 1467 1451 1532; x_wconf 90' lang='lat' dir='ltr'>filii</span> <span class='ocrx_word' id='word_1_78' title='bbox 1544 1477 1545 1486; x_wconf 75' lang='grc'>’</span> 
     </span>
    </p>
   </div>
   <div class='ocr_carea' id='block_1_4' title="bbox 334 1576 1456 4668">
    <p class='ocr_par' dir='ltr' id='par_1_4' title="bbox 334 1576 1456 4668">
     <span class='ocr_line' id='line_1_11' title="bbox 336 1576 1451 1662; baseline -0.004 -18"><span class='ocrx_word' id='word_1_79' title='bbox 336 1579 432 1662; x_wconf 85' lang='lat' dir='ltr'>Apay</span> <span class='ocrx_word' id='word_1_80' title='bbox 452 1579 580 1661; x_wconf 85' lang='lat' dir='ltr'>capitur</span> <span class='ocrx_word' id='word_1_81' title='bbox 608 1579 724 1660; x_wconf 90' lang='lat' dir='ltr'>etipse</span> <span class='ocrx_word' id='word_1_82' title='bbox 751 1576 935 1660; x_wconf 77' lang='lat' dir='ltr'>Stephanus</span> <span class='ocrx_word' id='word_1_83' title='bbox 961 1576 1135 1642; x_wconf 86' lang='lat' dir='ltr'>abducitur</span> <span class='ocrx_word' id='word_1_84' title='bbox 1160 1577 1309 1660; x_wconf 79' lang='lat' dir='ltr'>captiuus</span> <span class='ocrx_word' id='word_1_85' title='bbox 1333 1577 1451 1642; x_wconf 74' lang='lat' dir='ltr'>unculis</span> 
     </span>
     <span class='ocr_line' id='line_1_12' title="bbox 337 1684 1451 1770; baseline -0.004 -18"><span class='ocrx_word' id='word_1_86' title='bbox 337 1689 550 1770; x_wconf 89' lang='lat' dir='ltr'>mancipatus,</span> <span class='ocrx_word' id='word_1_87' title='bbox 568 1686 672 1750; x_wconf 88' lang='lat' dir='ltr'>dictus</span> <span class='ocrx_word' id='word_1_88' title='bbox 683 1707 758 1750; x_wconf 83' lang='lat' dir='ltr'>vero</span> <span class='ocrx_word' id='word_1_89' title='bbox 769 1685 925 1768; x_wconf 89' lang='lat' dir='ltr'>magister</span> <span class='ocrx_word' id='word_1_90' title='bbox 935 1684 960 1750; x_wconf 90' lang='lat' dir='ltr'><strong>J</strong></span> <span class='ocrx_word' id='word_1_91' title='bbox 961 1685 1117 1749; x_wconf 89' lang='lat' dir='ltr'>oachinus</span> <span class='ocrx_word' id='word_1_92' title='bbox 1134 1685 1305 1749; x_wconf 88' lang='lat' dir='ltr'>castellnm</span> <span class='ocrx_word' id='word_1_93' title='bbox 1322 1707 1376 1749; x_wconf 91' lang='lat' dir='ltr'>sue</span> <span class='ocrx_word' id='word_1_94' title='bbox 1392 1707 1451 1749; x_wconf 89' lang='lat' dir='ltr'>con-</span> 
     </span>
     <span class='ocr_line' id='line_1_13' title="bbox 338 1793 1449 1860; baseline -0.004 0"><span class='ocrx_word' id='word_1_95' title='bbox 338 1796 514 1860; x_wconf 84' lang='lat' dir='ltr'>servacioni</span> <span class='ocrx_word' id='word_1_96' title='bbox 532 1795 734 1859; x_wconf 89' lang='lat' dir='ltr'>commissum</span> <span class='ocrx_word' id='word_1_97' title='bbox 752 1795 798 1858; x_wconf 88' lang='lat' dir='ltr'>sic</span> <span class='ocrx_word' id='word_1_98' title='bbox 822 1793 960 1858; x_wconf 81' lang='lat' dir='ltr'>viriliter</span> <span class='ocrx_word' id='word_1_99' title='bbox 986 1793 1131 1858; x_wconf 79' lang='lat' dir='ltr'>(telendit</span> <span class='ocrx_word' id='word_1_100' title='bbox 1148 1799 1180 1857; x_wconf 87' lang='lat' dir='ltr'>et</span> <span class='ocrx_word' id='word_1_101' title='bbox 1197 1799 1366 1858; x_wconf 77' lang='lat' dir='ltr'>conservat</span> <span class='ocrx_word' id='word_1_102' title='bbox 1388 1794 1449 1858; x_wconf 86' lang='lat' dir='ltr'>licet</span> 
     </span>
     <span class='ocr_line' id='line_1_14' title="bbox 334 1901 1450 1985; baseline -0.004 -18"><span class='ocrx_word' id='word_1_103' title='bbox 334 1926 398 1968; x_wconf 90' lang='lat' dir='ltr'>nou</span> <span class='ocrx_word' id='word_1_104' title='bbox 425 1904 492 1966; x_wconf 88' lang='lat' dir='ltr'>siue</span> <span class='ocrx_word' id='word_1_105' title='bbox 525 1902 738 1984; x_wconf 88' lang='lat' dir='ltr'>plurimorum</span> <span class='ocrx_word' id='word_1_106' title='bbox 769 1902 991 1985; x_wconf 87' lang='lat' dir='ltr'>proximorum</span> <span class='ocrx_word' id='word_1_107' title='bbox 1023 1907 1056 1966; x_wconf 89' lang='lat' dir='ltr'>et</span> <span class='ocrx_word' id='word_1_108' title='bbox 1094 1901 1306 1966; x_wconf 85' lang='lat' dir='ltr'>serviencium</span> <span class='ocrx_word' id='word_1_109' title='bbox 1337 1923 1450 1966; x_wconf 87' lang='lat' dir='ltr'>suorum</span> 
     </span>
     <span class='ocr_line' id='line_1_15' title="bbox 335 2008 1450 2094; baseline -0.004 -17"><span class='ocrx_word' id='word_1_110' title='bbox 335 2017 439 2077; x_wconf 89' lang='lat' dir='ltr'>morte</span> <span class='ocrx_word' id='word_1_111' title='bbox 456 2032 493 2075; x_wconf 92' lang='lat' dir='ltr'>ac</span> <span class='ocrx_word' id='word_1_112' title='bbox 510 2011 559 2075; x_wconf 91' lang='lat' dir='ltr'>sui</span> <span class='ocrx_word' id='word_1_113' title='bbox 576 2017 608 2074; x_wconf 89' lang='lat' dir='ltr'>et</span> <span class='ocrx_word' id='word_1_114' title='bbox 625 2032 756 2075; x_wconf 77' lang='lat' dir='ltr'>sinuum</span> <span class='ocrx_word' id='word_1_115' title='bbox 774 2008 928 2074; x_wconf 86' lang='lat' dir='ltr'>effusione</span> <span class='ocrx_word' id='word_1_116' title='bbox 946 2011 1110 2093; x_wconf 80' lang='lat' dir='ltr'>sauguinis</span> <span class='ocrx_word' id='word_1_117' title='bbox 1131 2010 1218 2092; x_wconf 87' lang='lat' dir='ltr'>quod</span> <span class='ocrx_word' id='word_1_118' title='bbox 1228 2011 1306 2094; x_wconf 88' lang='lat' dir='ltr'>ipsis</span> <span class='ocrx_word' id='word_1_119' title='bbox 1322 2009 1450 2075; x_wconf 80' lang='lat' dir='ltr'>hostibus</span> 
     </span>
     <span class='ocr_line' id='line_1_16' title="bbox 337 2116 1452 2202; baseline -0.003 -18"><span class='ocrx_word' id='word_1_120' title='bbox 337 2119 456 2184; x_wconf 89' lang='lat' dir='ltr'>nostris</span> <span class='ocrx_word' id='word_1_121' title='bbox 472 2140 536 2181; x_wconf 91' lang='lat' dir='ltr'>nou</span> <span class='ocrx_word' id='word_1_122' title='bbox 553 2118 736 2182; x_wconf 63' lang='lat' dir='ltr'>vadentibus</span> <span class='ocrx_word' id='word_1_123' title='bbox 762 2119 868 2201; x_wconf 89' lang='lat' dir='ltr'>ipsum</span> <span class='ocrx_word' id='word_1_124' title='bbox 901 2139 1086 2202; x_wconf 82' lang='lat' dir='ltr'>expugnare</span> <span class='ocrx_word' id='word_1_125' title='bbox 1116 2123 1149 2184; x_wconf 90' lang='lat' dir='ltr'>et</span> <span class='ocrx_word' id='word_1_126' title='bbox 1175 2116 1293 2182; x_wconf 88' lang='lat' dir='ltr'>abinde</span> <span class='ocrx_word' id='word_1_127' title='bbox 1319 2118 1452 2182; x_wconf 88' lang='lat' dir='ltr'>receden-</span> 
     </span>
     <span class='ocr_line' id='line_1_17' title="bbox 336 2225 1451 2310; baseline -0.003 -18"><span class='ocrx_word' id='word_1_128' title='bbox 336 2228 424 2292; x_wconf 90' lang='lat' dir='ltr'>tibus</span> <span class='ocrx_word' id='word_1_129' title='bbox 440 2226 547 2290; x_wconf 90' lang='lat' dir='ltr'>dict-us</span> <span class='ocrx_word' id='word_1_130' title='bbox 573 2226 688 2310; x_wconf 85' lang='lat' dir='ltr'>Kopaz</span> <span class='ocrx_word' id='word_1_131' title='bbox 705 2227 890 2308; x_wconf 73' lang='lat' dir='ltr'>specialiter</span> <span class='ocrx_word' id='word_1_132' title='bbox 914 2227 1093 2290; x_wconf 85' lang='lat' dir='ltr'>ministerio</span> <span class='ocrx_word' id='word_1_133' title='bbox 1120 2225 1198 2290; x_wconf 91' lang='lat' dir='ltr'>dicti</span> <span class='ocrx_word' id='word_1_134' title='bbox 1224 2227 1370 2308; x_wconf 80' lang='lat' dir='ltr'>magistri</span> <span class='ocrx_word' id='word_1_135' title='bbox 1384 2225 1451 2290; x_wconf 83' lang='lat' dir='ltr'>dos·</span> 
     </span>
     <span class='ocr_line' id='line_1_18' title="bbox 337 2331 1449 2418; baseline -0.004 -19"><span class='ocrx_word' id='word_1_136' title='bbox 337 2335 423 2400; x_wconf 90' lang='lat' dir='ltr'>chiui</span> <span class='ocrx_word' id='word_1_137' title='bbox 449 2333 529 2398; x_wconf 87' lang='lat' dir='ltr'>adeo</span> <span class='ocrx_word' id='word_1_138' title='bbox 566 2339 731 2397; x_wconf 88' lang='lat' dir='ltr'>coartatur</span> <span class='ocrx_word' id='word_1_139' title='bbox 763 2333 851 2415; x_wconf 87' lang='lat' dir='ltr'>quod</span> <span class='ocrx_word' id='word_1_140' title='bbox 877 2354 934 2416; x_wconf 89' lang='lat' dir='ltr'>pre</span> <span class='ocrx_word' id='word_1_141' title='bbox 960 2333 1060 2398; x_wconf 90' lang='lat' dir='ltr'>nimia</span> <span class='ocrx_word' id='word_1_142' title='bbox 1091 2333 1239 2416; x_wconf 89' lang='lat' dir='ltr'>peniuria</span> <span class='ocrx_word' id='word_1_143' title='bbox 1264 2331 1346 2418; x_wconf 78' lang='lat' dir='ltr'>(igy)</span> <span class='ocrx_word' id='word_1_144' title='bbox 1371 2331 1449 2397; x_wconf 87' lang='lat' dir='ltr'>samis</span> 
     </span>
     <span class='ocr_line' id='line_1_19' title="bbox 336 2441 1451 2524; baseline -0.005 -16"><span class='ocrx_word' id='word_1_145' title='bbox 336 2444 461 2508; x_wconf 75' lang='lat' dir='ltr'>(lictum</span> <span class='ocrx_word' id='word_1_146' title='bbox 493 2447 632 2506; x_wconf 86' lang='lat' dir='ltr'>castrum</span> <span class='ocrx_word' id='word_1_147' title='bbox 665 2441 851 2506; x_wconf 84' lang='lat' dir='ltr'>Solumhou</span> <span class='ocrx_word' id='word_1_148' title='bbox 883 2442 1009 2506; x_wconf 83' lang='lat' dir='ltr'>diucius</span> <span class='ocrx_word' id='word_1_149' title='bbox 1045 2461 1234 2506; x_wconf 80' lang='lat' dir='ltr'>conservare</span> <span class='ocrx_word' id='word_1_150' title='bbox 1266 2441 1404 2524; x_wconf 81' lang='lat' dir='ltr'>nequiuit</span> <span class='ocrx_word' id='word_1_151' title='bbox 1425 2447 1451 2502; x_wconf 91' lang='lat' dir='ltr'>et</span> 
     </span>
     <span class='ocr_line' id='line_1_20' title="bbox 338 2548 1452 2636; baseline -0.005 -20"><span class='ocrx_word' id='word_1_152' title='bbox 338 2559 435 2636; x_wconf 89' lang='lat' dir='ltr'>capto</span> <span class='ocrx_word' id='word_1_153' title='bbox 452 2552 521 2634; x_wconf 88' lang='lat' dir='ltr'>ipso</span> <span class='ocrx_word' id='word_1_154' title='bbox 539 2556 644 2614; x_wconf 88' lang='lat' dir='ltr'>castro</span> <span class='ocrx_word' id='word_1_155' title='bbox 671 2549 776 2614; x_wconf 88' lang='lat' dir='ltr'>dictus</span> <span class='ocrx_word' id='word_1_156' title='bbox 793 2549 909 2633; x_wconf 87' lang='lat' dir='ltr'>Kopaz</span> <span class='ocrx_word' id='word_1_157' title='bbox 926 2556 1040 2633; x_wconf 88' lang='lat' dir='ltr'>captus</span> <span class='ocrx_word' id='word_1_158' title='bbox 1062 2555 1172 2614; x_wconf 90' lang='lat' dir='ltr'>nostre</span> <span class='ocrx_word' id='word_1_159' title='bbox 1200 2548 1379 2613; x_wconf 88' lang='lat' dir='ltr'>celsitudini</span> <span class='ocrx_word' id='word_1_160' title='bbox 1393 2569 1452 2630; x_wconf 89' lang='lat' dir='ltr'>pre-</span> 
     </span>
     <span class='ocr_line' id='line_1_21' title="bbox 336 2655 1452 2742; baseline -0.004 -18"><span class='ocrx_word' id='word_1_161' title='bbox 336 2666 500 2740; x_wconf 74' lang='lat' dir='ltr'>sentatur,</span> <span class='ocrx_word' id='word_1_162' title='bbox 517 2665 666 2742; x_wconf 88' lang='lat' dir='ltr'>preterea</span> <span class='ocrx_word' id='word_1_163' title='bbox 682 2665 857 2740; x_wconf 87' lang='lat' dir='ltr'>antequam</span> <span class='ocrx_word' id='word_1_164' title='bbox 874 2659 979 2724; x_wconf 90' lang='lat' dir='ltr'>dictus</span> <span class='ocrx_word' id='word_1_165' title='bbox 1005 2658 1122 2741; x_wconf 83' lang='lat' dir='ltr'>Kopau</span> <span class='ocrx_word' id='word_1_166' title='bbox 1148 2656 1190 2722; x_wconf 88' lang='lat' dir='ltr'>ad</span> <span class='ocrx_word' id='word_1_167' title='bbox 1215 2655 1393 2721; x_wconf 86' lang='lat' dir='ltr'>huiusmodi</span> <span class='ocrx_word' id='word_1_168' title='bbox 1407 2675 1452 2720; x_wconf 87' lang='lat' dir='ltr'>ex·</span> 
     </span>
     <span class='ocr_line' id='line_1_22' title="bbox 335 2764 1451 2850; baseline -0.004 -18"><span class='ocrx_word' id='word_1_169' title='bbox 335 2774 473 2833; x_wconf 89' lang='lat' dir='ltr'>tremum</span> <span class='ocrx_word' id='word_1_170' title='bbox 491 2767 685 2850; x_wconf 90' lang='lat' dir='ltr'>supplicium</span> <span class='ocrx_word' id='word_1_171' title='bbox 702 2767 882 2832; x_wconf 78' lang='lat' dir='ltr'>devenisset</span> <span class='ocrx_word' id='word_1_172' title='bbox 899 2788 970 2832; x_wconf 92' lang='lat' dir='ltr'>cum</span> <span class='ocrx_word' id='word_1_173' title='bbox 988 2766 1085 2830; x_wconf 91' lang='lat' dir='ltr'>iidem</span> <span class='ocrx_word' id='word_1_174' title='bbox 1111 2765 1169 2829; x_wconf 91' lang='lat' dir='ltr'>filii</span> <span class='ocrx_word' id='word_1_175' title='bbox 1187 2764 1280 2830; x_wconf 87' lang='lat' dir='ltr'>Petri</span> <span class='ocrx_word' id='word_1_176' title='bbox 1297 2787 1334 2830; x_wconf 92' lang='lat' dir='ltr'>ao</span> <span class='ocrx_word' id='word_1_177' title='bbox 1348 2764 1451 2845; x_wconf 87' lang='lat' dir='ltr'>Durug</span> 
     </span>
     <span class='ocr_line' id='line_1_23' title="bbox 335 2873 1451 2958; baseline -0.005 -18"><span class='ocrx_word' id='word_1_178' title='bbox 335 2875 437 2940; x_wconf 84' lang='lat' dir='ltr'>frater</span> <span class='ocrx_word' id='word_1_179' title='bbox 451 2876 595 2958; x_wconf 89' lang='lat' dir='ltr'>ipsorum</span> <span class='ocrx_word' id='word_1_180' title='bbox 612 2875 752 2939; x_wconf 88' lang='lat' dir='ltr'>carnalis</span> <span class='ocrx_word' id='word_1_181' title='bbox 768 2874 828 2940; x_wconf 91' lang='lat' dir='ltr'>sub</span> <span class='ocrx_word' id='word_1_182' title='bbox 844 2896 901 2958; x_wconf 88' lang='lat' dir='ltr'>spe</span> <span class='ocrx_word' id='word_1_183' title='bbox 918 2881 951 2939; x_wconf 91' lang='lat' dir='ltr'>et</span> <span class='ocrx_word' id='word_1_184' title='bbox 968 2875 1140 2940; x_wconf 80' lang='lat' dir='ltr'>devocione</span> <span class='ocrx_word' id='word_1_185' title='bbox 1161 2874 1265 2939; x_wconf 90' lang='lat' dir='ltr'>nostri</span> <span class='ocrx_word' id='word_1_186' title='bbox 1283 2873 1410 2938; x_wconf 86' lang='lat' dir='ltr'>nominis</span> <span class='ocrx_word' id='word_1_187' title='bbox 1424 2873 1451 2935; x_wconf 92' lang='lat' dir='ltr'>in</span> 
     </span>
     <span class='ocr_line' id='line_1_24' title="bbox 338 2979 1452 3066; baseline -0.004 -20"><span class='ocrx_word' id='word_1_188' title='bbox 338 2982 534 3047; x_wconf 83' lang='lat' dir='ltr'>niouasterio</span> <span class='ocrx_word' id='word_1_189' title='bbox 559 2983 702 3066; x_wconf 90' lang='lat' dir='ltr'>ipsorum</span> <span class='ocrx_word' id='word_1_190' title='bbox 728 2981 925 3046; x_wconf 87' lang='lat' dir='ltr'>Mendzenth</span> <span class='ocrx_word' id='word_1_191' title='bbox 952 2983 1039 3047; x_wconf 87' lang='lat' dir='ltr'>dicto</span> <span class='ocrx_word' id='word_1_192' title='bbox 1065 2981 1319 3065; x_wconf 79' lang='lat' dir='ltr'>propugnaculis</span> <span class='ocrx_word' id='word_1_193' title='bbox 1335 2979 1452 3044; x_wconf 91' lang='lat' dir='ltr'>circum·</span> 
     </span>
     <span class='ocr_line' id='line_1_25' title="bbox 339 3085 1452 3174; baseline -0.007 -19"><span class='ocrx_word' id='word_1_194' title='bbox 339 3113 468 3174; x_wconf 79' lang='lat' dir='ltr'>(piaque</span> <span class='ocrx_word' id='word_1_195' title='bbox 484 3091 609 3155; x_wconf 89' lang='lat' dir='ltr'>munito</span> <span class='ocrx_word' id='word_1_196' title='bbox 626 3095 830 3155; x_wconf 87' lang='lat' dir='ltr'>morarentur</span> <span class='ocrx_word' id='word_1_197' title='bbox 855 3096 888 3154; x_wconf 86' lang='lat' dir='ltr'>et</span> <span class='ocrx_word' id='word_1_198' title='bbox 905 3089 1007 3154; x_wconf 89' lang='lat' dir='ltr'>dictos</span> <span class='ocrx_word' id='word_1_199' title='bbox 1033 3088 1179 3154; x_wconf 85' lang='lat' dir='ltr'>infideles</span> <span class='ocrx_word' id='word_1_200' title='bbox 1195 3097 1324 3154; x_wconf 85' lang='lat' dir='ltr'>nostros</span> <span class='ocrx_word' id='word_1_201' title='bbox 1340 3085 1452 3152; x_wconf 84' lang='lat' dir='ltr'>assidue</span> 
     </span>
     <span class='ocr_line' id='line_1_26' title="bbox 338 3194 1452 3284; baseline -0.008 -19"><span class='ocrx_word' id='word_1_202' title='bbox 338 3201 575 3284; x_wconf 76' lang='lat' dir='ltr'>impugnarent,</span> <span class='ocrx_word' id='word_1_203' title='bbox 601 3197 718 3282; x_wconf 85' lang='lat' dir='ltr'>Kopaz</span> <span class='ocrx_word' id='word_1_204' title='bbox 734 3197 901 3282; x_wconf 87' lang='lat' dir='ltr'>predictus</span> <span class='ocrx_word' id='word_1_205' title='bbox 927 3221 998 3263; x_wconf 92' lang='lat' dir='ltr'>cum</span> <span class='ocrx_word' id='word_1_206' title='bbox 1024 3199 1089 3262; x_wconf 88' lang='lat' dir='ltr'>suis</span> <span class='ocrx_word' id='word_1_207' title='bbox 1115 3197 1272 3263; x_wconf 86' lang='lat' dir='ltr'>fratribus</span> <span class='ocrx_word' id='word_1_208' title='bbox 1289 3205 1321 3262; x_wconf 88' lang='lat' dir='ltr'>ot</span> <span class='ocrx_word' id='word_1_209' title='bbox 1337 3194 1452 3278; x_wconf 88' lang='lat' dir='ltr'>compli-</span> 
     </span>
     <span class='ocr_line' id='line_1_27' title="bbox 340 3306 1452 3390; baseline -0.006 -18"><span class='ocrx_word' id='word_1_210' title='bbox 340 3309 428 3372; x_wconf 90' lang='lat' dir='ltr'>cibus</span> <span class='ocrx_word' id='word_1_211' title='bbox 445 3308 609 3374; x_wconf 82' lang='lat' dir='ltr'>veuientes</span> <span class='ocrx_word' id='word_1_212' title='bbox 629 3308 671 3372; x_wconf 90' lang='lat' dir='ltr'>ad</span> <span class='ocrx_word' id='word_1_213' title='bbox 696 3308 927 3372; x_wconf 87' lang='lat' dir='ltr'>monasterium</span> <span class='ocrx_word' id='word_1_214' title='bbox 951 3306 1134 3390; x_wconf 87' lang='lat' dir='ltr'>predictum</span> <span class='ocrx_word' id='word_1_215' title='bbox 1160 3307 1285 3371; x_wconf 88' lang='lat' dir='ltr'>diucius</span> <span class='ocrx_word' id='word_1_216' title='bbox 1302 3307 1452 3388; x_wconf 90' lang='lat' dir='ltr'>impugna-</span> 
     </span>
     <span class='ocr_line' id='line_1_28' title="bbox 337 3413 1452 3500; baseline -0.009 -20"><span class='ocrx_word' id='word_1_217' title='bbox 337 3422 423 3498; x_wconf 87' lang='lat' dir='ltr'>runt,</span> <span class='ocrx_word' id='word_1_218' title='bbox 439 3415 494 3480; x_wconf 89' lang='lat' dir='ltr'>ubi</span> <span class='ocrx_word' id='word_1_219' title='bbox 510 3415 677 3500; x_wconf 89' lang='lat' dir='ltr'>predictus</span> <span class='ocrx_word' id='word_1_220' title='bbox 693 3414 813 3497; x_wconf 91' lang='lat' dir='ltr'>Durug</span> <span class='ocrx_word' id='word_1_221' title='bbox 836 3437 894 3497; x_wconf 87' lang='lat' dir='ltr'>per</span> <span class='ocrx_word' id='word_1_222' title='bbox 910 3415 1039 3480; x_wconf 88' lang='lat' dir='ltr'>eosdem</span> <span class='ocrx_word' id='word_1_223' title='bbox 1067 3415 1177 3478; x_wconf 87' lang='lat' dir='ltr'>extitit</span> <span class='ocrx_word' id='word_1_224' title='bbox 1194 3413 1389 3494; x_wconf 88' lang='lat' dir='ltr'>interfectus,</span> <span class='ocrx_word' id='word_1_225' title='bbox 1404 3429 1452 3472; x_wconf 86' lang='lat' dir='ltr'>nee</span> 
     </span>
     <span class='ocr_line' id='line_1_29' title="bbox 338 3521 1453 3606; baseline -0.008 -19"><span class='ocrx_word' id='word_1_226' title='bbox 338 3531 446 3588; x_wconf 88' lang='lat' dir='ltr'>tamen</span> <span class='ocrx_word' id='word_1_227' title='bbox 472 3525 577 3606; x_wconf 91' lang='lat' dir='ltr'>ipsum</span> <span class='ocrx_word' id='word_1_228' title='bbox 602 3524 833 3588; x_wconf 88' lang='lat' dir='ltr'>monasterium</span> <span class='ocrx_word' id='word_1_229' title='bbox 858 3523 1068 3604; x_wconf 88' lang='lat' dir='ltr'>aliquatenus</span> <span class='ocrx_word' id='word_1_230' title='bbox 1097 3522 1169 3606; x_wconf 91' lang='lat' dir='ltr'>capi</span> <span class='ocrx_word' id='word_1_231' title='bbox 1198 3521 1316 3604; x_wconf 91' lang='lat' dir='ltr'>potuit,</span> <span class='ocrx_word' id='word_1_232' title='bbox 1341 3541 1377 3584; x_wconf 82' lang='lat' dir='ltr'>ex</span> <span class='ocrx_word' id='word_1_233' title='bbox 1399 3539 1453 3600; x_wconf 90' lang='lat' dir='ltr'>quo</span> 
     </span>
     <span class='ocr_line' id='line_1_30' title="bbox 338 3625 1452 3715; baseline -0.008 -19"><span class='ocrx_word' id='word_1_234' title='bbox 338 3632 545 3715; x_wconf 89' lang='lat' dir='ltr'>postmodum</span> <span class='ocrx_word' id='word_1_235' title='bbox 560 3631 652 3696; x_wconf 90' lang='lat' dir='ltr'>uobis</span> <span class='ocrx_word' id='word_1_236' title='bbox 670 3637 800 3715; x_wconf 86' lang='lat' dir='ltr'>gratum</span> <span class='ocrx_word' id='word_1_237' title='bbox 823 3632 942 3712; x_wconf 90' lang='lat' dir='ltr'>iugiter</span> <span class='ocrx_word' id='word_1_238' title='bbox 966 3632 1076 3696; x_wconf 87' lang='lat' dir='ltr'>extitit</span> <span class='ocrx_word' id='word_1_239' title='bbox 1100 3629 1295 3696; x_wconf 83' lang='lat' dir='ltr'>famulatum</span> <span class='ocrx_word' id='word_1_240' title='bbox 1321 3638 1352 3693; x_wconf 88' lang='lat' dir='ltr'>et</span> <span class='ocrx_word' id='word_1_241' title='bbox 1376 3625 1452 3690; x_wconf 84' lang='lat' dir='ltr'>obss-</span> 
     </span>
     <span class='ocr_line' id='line_1_31' title="bbox 339 3733 1453 3824; baseline -0.006 -22"><span class='ocrx_word' id='word_1_242' title='bbox 339 3740 450 3822; x_wconf 90' lang='lat' dir='ltr'>quium</span> <span class='ocrx_word' id='word_1_243' title='bbox 467 3741 663 3822; x_wconf 79' lang='lat' dir='ltr'>exhibitum3</span> <span class='ocrx_word' id='word_1_244' title='bbox 689 3739 832 3804; x_wconf 87' lang='lat' dir='ltr'>volentos</span> <span class='ocrx_word' id='word_1_245' title='bbox 848 3741 948 3824; x_wconf 89' lang='lat' dir='ltr'>igitur</span> <span class='ocrx_word' id='word_1_246' title='bbox 966 3761 1024 3822; x_wconf 88' lang='lat' dir='ltr'>pro</span> <span class='ocrx_word' id='word_1_247' title='bbox 1041 3745 1090 3803; x_wconf 90' lang='lat' dir='ltr'>tot</span> <span class='ocrx_word' id='word_1_248' title='bbox 1107 3744 1139 3802; x_wconf 93' lang='lat' dir='ltr'>et</span> <span class='ocrx_word' id='word_1_249' title='bbox 1156 3737 1257 3801; x_wconf 86' lang='lat' dir='ltr'>tantis</span> <span class='ocrx_word' id='word_1_250' title='bbox 1274 3733 1453 3820; x_wconf 85' lang='lat' dir='ltr'>specialibus</span> 
     </span>
     <span class='ocr_line' id='line_1_32' title="bbox 338 3837 1454 3930; baseline -0.007 -20"><span class='ocrx_word' id='word_1_251' title='bbox 338 3848 481 3912; x_wconf 83' lang='lat' dir='ltr'>serviciis</span> <span class='ocrx_word' id='word_1_252' title='bbox 498 3848 640 3930; x_wconf 89' lang='lat' dir='ltr'>ipsorum</span> <span class='ocrx_word' id='word_1_253' title='bbox 656 3846 796 3911; x_wconf 86' lang='lat' dir='ltr'>filiorum</span> <span class='ocrx_word' id='word_1_254' title='bbox 811 3846 904 3910; x_wconf 86' lang='lat' dir='ltr'>Petri</span> <span class='ocrx_word' id='word_1_255' title='bbox 929 3852 961 3911; x_wconf 89' lang='lat' dir='ltr'>et</span> <span class='ocrx_word' id='word_1_256' title='bbox 989 3845 1174 3929; x_wconf 86' lang='lat' dir='ltr'>specialiter</span> <span class='ocrx_word' id='word_1_257' title='bbox 1194 3865 1254 3928; x_wconf 91' lang='lat' dir='ltr'>pro</span> <span class='ocrx_word' id='word_1_258' title='bbox 1270 3851 1373 3908; x_wconf 85' lang='lat' dir='ltr'>morte</span> <span class='ocrx_word' id='word_1_259' title='bbox 1388 3837 1454 3904; x_wconf 88' lang='lat' dir='ltr'>dicti</span> 
     </span>
     <span class='ocr_line' id='line_1_33' title="bbox 337 3946 1453 4040; baseline -0.009 -22"><span class='ocrx_word' id='word_1_260' title='bbox 337 3953 454 4040; x_wconf 89' lang='lat' dir='ltr'>Durug</span> <span class='ocrx_word' id='word_1_261' title='bbox 485 3955 596 4020; x_wconf 88' lang='lat' dir='ltr'>fratris</span> <span class='ocrx_word' id='word_1_262' title='bbox 625 3955 769 4038; x_wconf 85' lang='lat' dir='ltr'>ipsorum</span> <span class='ocrx_word' id='word_1_263' title='bbox 795 3975 848 4019; x_wconf 89' lang='lat' dir='ltr'>eos</span> <span class='ocrx_word' id='word_1_264' title='bbox 873 3955 963 4037; x_wconf 87' lang='lat' dir='ltr'>regio</span> <span class='ocrx_word' id='word_1_265' title='bbox 987 3953 1099 4018; x_wconf 81' lang='lat' dir='ltr'>favore</span> <span class='ocrx_word' id='word_1_266' title='bbox 1124 3952 1275 4035; x_wconf 88' lang='lat' dir='ltr'>prosequi</span> <span class='ocrx_word' id='word_1_267' title='bbox 1303 3957 1335 4014; x_wconf 91' lang='lat' dir='ltr'>et</span> <span class='ocrx_word' id='word_1_268' title='bbox 1359 3946 1453 4031; x_wconf 84' lang='lat' dir='ltr'>gracia</span> 
     </span>
     <span class='ocr_line' id='line_1_34' title="bbox 337 4055 1454 4146; baseline -0.008 -21"><span class='ocrx_word' id='word_1_269' title='bbox 337 4063 439 4127; x_wconf 85' lang='lat' dir='ltr'>nostri</span> <span class='ocrx_word' id='word_1_270' title='bbox 455 4062 574 4126; x_wconf 67' lang='lat' dir='ltr'>fervoris</span> <span class='ocrx_word' id='word_1_271' title='bbox 585 4063 746 4146; x_wconf 80' lang='lat' dir='ltr'>amplecti,</span> <span class='ocrx_word' id='word_1_272' title='bbox 763 4062 945 4145; x_wconf 89' lang='lat' dir='ltr'>predictum</span> <span class='ocrx_word' id='word_1_273' title='bbox 956 4060 1115 4125; x_wconf 89' lang='lat' dir='ltr'>tributum</span> <span class='ocrx_word' id='word_1_274' title='bbox 1132 4059 1253 4124; x_wconf 86' lang='lat' dir='ltr'>eisdem</span> <span class='ocrx_word' id='word_1_275' title='bbox 1269 4059 1367 4122; x_wconf 86' lang='lat' dir='ltr'>Petro</span> <span class='ocrx_word' id='word_1_276' title='bbox 1382 4055 1454 4119; x_wconf 86' lang='lat' dir='ltr'>dicto</span> 
     </span>
     <span class='ocr_line' id='line_1_35' title="bbox 341 4161 1453 4254; baseline -0.005 -20"><span class='ocrx_word' id='word_1_277' title='bbox 341 4169 438 4254; x_wconf 79' lang='lat' dir='ltr'>Cyne,</span> <span class='ocrx_word' id='word_1_278' title='bbox 457 4170 579 4236; x_wconf 91' lang='lat' dir='ltr'>Dubou</span> <span class='ocrx_word' id='word_1_279' title='bbox 606 4175 638 4234; x_wconf 89' lang='lat' dir='ltr'>et</span> <span class='ocrx_word' id='word_1_280' title='bbox 655 4169 816 4234; x_wconf 86' lang='lat' dir='ltr'>Morouch</span> <span class='ocrx_word' id='word_1_281' title='bbox 841 4169 916 4234; x_wconf 90' lang='lat' dir='ltr'>filiis</span> <span class='ocrx_word' id='word_1_282' title='bbox 948 4171 1015 4234; x_wconf 91' lang='lat' dir='ltr'>suis</span> <span class='ocrx_word' id='word_1_283' title='bbox 1040 4191 1078 4234; x_wconf 86' lang='lat' dir='ltr'>ac</span> <span class='ocrx_word' id='word_1_284' title='bbox 1104 4168 1213 4233; x_wconf 83' lang='lat' dir='ltr'>Beeke</span> <span class='ocrx_word' id='word_1_285' title='bbox 1229 4167 1327 4232; x_wconf 86' lang='lat' dir='ltr'>fratri</span> <span class='ocrx_word' id='word_1_286' title='bbox 1351 4187 1404 4230; x_wconf 84' lang='lat' dir='ltr'>suo</span> <span class='ocrx_word' id='word_1_287' title='bbox 1426 4161 1453 4222; x_wconf 80' lang='lat' dir='ltr'>in</span> 
     </span>
     <span class='ocr_line' id='line_1_36' title="bbox 338 4273 1453 4362; baseline -0.008 -20"><span class='ocrx_word' id='word_1_288' title='bbox 338 4277 517 4344; x_wconf 81' lang='lat' dir='ltr'>dintavilla</span> <span class='ocrx_word' id='word_1_289' title='bbox 534 4299 644 4342; x_wconf 86' lang='lat' dir='ltr'>eorum</span> <span class='ocrx_word' id='word_1_290' title='bbox 661 4275 763 4362; x_wconf 86' lang='lat' dir='ltr'>Olazy</span> <span class='ocrx_word' id='word_1_291' title='bbox 779 4277 901 4342; x_wconf 88' lang='lat' dir='ltr'>dudum</span> <span class='ocrx_word' id='word_1_292' title='bbox 927 4300 985 4360; x_wconf 87' lang='lat' dir='ltr'>per</span> <span class='ocrx_word' id='word_1_293' title='bbox 1008 4300 1066 4342; x_wconf 89' lang='lat' dir='ltr'>nos</span> <span class='ocrx_word' id='word_1_294' title='bbox 1084 4299 1269 4342; x_wconf 86' lang='lat' dir='ltr'>concessum</span> <span class='ocrx_word' id='word_1_295' title='bbox 1295 4298 1367 4340; x_wconf 90' lang='lat' dir='ltr'>cum</span> <span class='ocrx_word' id='word_1_296' title='bbox 1381 4273 1453 4336; x_wconf 78' lang='lat' dir='ltr'>litte·</span> 
     </span>
     <span class='ocr_line' id='line_1_37' title="bbox 337 4375 1453 4454; baseline -0.005 -4"><span class='ocrx_word' id='word_1_297' title='bbox 337 4389 382 4452; x_wconf 87' lang='lat' dir='ltr'>ris</span> <span class='ocrx_word' id='word_1_298' title='bbox 398 4389 516 4454; x_wconf 87' lang='lat' dir='ltr'>nostris</span> <span class='ocrx_word' id='word_1_299' title='bbox 538 4409 593 4452; x_wconf 88' lang='lat' dir='ltr'>seu</span> <span class='ocrx_word' id='word_1_300' title='bbox 610 4387 832 4450; x_wconf 84' lang='lat' dir='ltr'>instrumentis</span> <span class='ocrx_word' id='word_1_301' title='bbox 858 4387 1095 4451; x_wconf 85' lang='lat' dir='ltr'>concessionem</span> <span class='ocrx_word' id='word_1_302' title='bbox 1122 4387 1199 4450; x_wconf 91' lang='lat' dir='ltr'>dicti</span> <span class='ocrx_word' id='word_1_303' title='bbox 1226 4385 1343 4449; x_wconf 87' lang='lat' dir='ltr'>tributi</span> <span class='ocrx_word' id='word_1_304' title='bbox 1368 4375 1453 4446; x_wconf 82' lang='lat' dir='ltr'>couti·</span> 
     </span>
     <span class='ocr_line' id='line_1_38' title="bbox 338 4492 1455 4577; baseline -0.007 -17"><span class='ocrx_word' id='word_1_305' title='bbox 338 4495 490 4560; x_wconf 86' lang='lat' dir='ltr'>uentibus</span> <span class='ocrx_word' id='word_1_306' title='bbox 515 4493 695 4559; x_wconf 77' lang='lat' dir='ltr'>reuocando</span> <span class='ocrx_word' id='word_1_307' title='bbox 720 4494 926 4558; x_wconf 85' lang='lat' dir='ltr'>retractando</span> <span class='ocrx_word' id='word_1_308' title='bbox 953 4495 1143 4577; x_wconf 85' lang='lat' dir='ltr'>deponendo</span> <span class='ocrx_word' id='word_1_309' title='bbox 1168 4492 1328 4558; x_wconf 87' lang='lat' dir='ltr'>abolendo</span> <span class='ocrx_word' id='word_1_310' title='bbox 1354 4497 1383 4554; x_wconf 88' lang='lat' dir='ltr'>et</span> <span class='ocrx_word' id='word_1_311' title='bbox 1411 4507 1455 4568; x_wconf 71' lang='lat' dir='ltr'>ps·</span> 
     </span>
     <span class='ocr_line' id='line_1_39' title="bbox 337 4600 1456 4668; baseline -0.005 -2"><span class='ocrx_word' id='word_1_312' title='bbox 337 4603 423 4666; x_wconf 85' lang='lat' dir='ltr'>uitus</span> <span class='ocrx_word' id='word_1_313' title='bbox 440 4601 636 4668; x_wconf 82' lang='lat' dir='ltr'>destruendo</span> <span class='ocrx_word' id='word_1_314' title='bbox 663 4606 693 4665; x_wconf 88' lang='lat' dir='ltr'>et</span> <span class='ocrx_word' id='word_1_315' title='bbox 712 4600 822 4666; x_wconf 67' lang='lat' dir='ltr'>orielem</span> <span class='ocrx_word' id='word_1_316' title='bbox 848 4603 1063 4668; x_wconf 85' lang='lat' dir='ltr'>iustrumenta</span> <span class='ocrx_word' id='word_1_317' title='bbox 1090 4601 1244 4668; x_wconf 84' lang='lat' dir='ltr'>cassando</span> <span class='ocrx_word' id='word_1_318' title='bbox 1272 4607 1306 4665; x_wconf 85' lang='lat' dir='ltr'>et</span> <span class='ocrx_word' id='word_1_319' title='bbox 1331 4602 1456 4668; x_wconf 63' lang='lat' dir='ltr'>cassatov</span> 
     </span>
    </p>
   </div>
   <div class='ocr_carea' id='block_1_5' title="bbox 0 0 1562 5466">
    <p class='ocr_par' dir='ltr' id='par_1_5' title="bbox 0 0 1562 5466">
     <span class='ocr_line' id='line_1_40' title="bbox 0 0 1562 5466; baseline 0 0"><span class='ocrx_word' id='word_1_320' title='bbox 0 0 1562 5466; x_wconf 95' lang='lat' dir='ltr'> </span> 
     </span>
    </p>
   </div>
  </div>
 </body>
</html>
