3112 5466
549 474 645 536 1325.
662 490 731 535 oc'r.
754 476 804 536 12.
1178 479 1241 542 217

108 647 193 732 hyda
208 657 399 734 nuncupata
422 651 455 715 in
481 650 599 728 eodem
610 650 766 716 comitatu
793 653 943 718 existenti
970 655 1096 721 directa
1120 657 1244 721 scilicet

108 759 157 822 via
173 760 420 824 transeuntibus
437 781 495 842 per
511 758 635 824 Zalard
655 781 766 826 versus
792 760 952 827 Zothmar
977 769 1010 830 et
1033 765 1244 832 redeuntibus

108 865 145 930 de
164 865 280 932 eadem
300 867 415 931 statuti
432 873 465 931 et
482 868 623 932 consveti
641 865 683 932 ad
699 867 891 952 exigendum
907 869 949 935 ab
965 872 1108 956 antiquo,
1135 879 1244 938 tamen

107 973 147 1037 ad
182 975 343 1040 maiorem
373 975 502 1039 iusticie
536 974 733 1040 evidenciam
766 973 917 1042 fidelibus
949 981 1067 1044 nostris
1100 981 1244 1063 capitulo

107 1081 244 1146 ecclesie
255 1081 481 1148 Waradiensis
492 1084 611 1148 nostris
622 1084 724 1147 literis
735 1083 882 1150 dedimus
899 1086 932 1150 in
942 1086 1104 1152 mandatis
1124 1095 1161 1153 ut
1173 1111 1244 1154 cum

108 1190 218 1255 Jakou
238 1189 407 1256 deHudus
419 1192 670 1257 hominenostro
690 1193 852 1257 hominem
864 1213 974 1260 eorum
985 1217 1043 1278 pro
1057 1197 1243 1263 testimonio

108 1299 368 1364 transmitterent
385 1298 583 1382 fidedignum
603 1321 711 1365 coram
729 1321 793 1382 quo
810 1301 896 1366 idern
907 1302 1002 1367 homo
1019 1307 1129 1368 noster
1146 1305 1243 1389 inspi-

109 1412 195 1472 ceret
215 1408 316 1472 sciret
336 1415 368 1472 et
387 1407 567 1490 inquireret
586 1408 759 1473 veritatem
776 1409 803 1473 si
819 1410 870 1474 via
887 1411 1049 1476 transiens
1066 1411 1105 1476 de
1121 1411 1244 1478 Zalard

109 1519 157 1579 est
185 1515 348 1580 direccior
378 1537 436 1598 per
461 1514 654 1598 Zelxulhpda
678 1517 922 1582 transeuntibus
946 1539 1057 1583 versus
1087 1519 1247 1586 Zotlrmar

113 1645 209 1705 qnam
227 1623 282 1688 via
298 1624 457 1688 transiens
473 1645 530 1707 per
540 1623 650 1687 villam
661 1621 762 1706 Olazy
773 1624 1002 1708 supradictam,
1019 1627 1105 1708 quod
1116 1628 1246 1710 quidem

112 1732 293 1815 capitulum
311 1731 439 1796 demum
457 1731 549 1797 nobis
574 1731 741 1815 rescripsit
756 1731 789 1795 in
806 1732 893 1797 hunc
908 1733 1048 1817 modum,
1074 1735 1161 1818 quod
1185 1737 1245 1820 ipsi

110 1861 180 1904 eum
221 1840 369 1924 predicto
413 1839 523 1905 Jakou
555 1840 684 1904 bomine
717 1845 828 1904 nostro
860 1841 1024 1907 misissent
1054 1844 1246 1926 magistrum

111 1947 256 2014 Paulum
267 1949 391 2013 socium
407 1955 441 2013 et
452 1947 704 2013 concanonicum
720 1969 831 2014 eorum
841 1949 945 2014 virum
962 1951 1076 2034 utique
1092 1951 1244 2018 idoneum

110 2063 142 2121 et
158 2055 336 2122 discretum
363 2056 404 2121 ad
420 2057 576 2140 premissa
595 2056 827 2140 exequendum,
844 2058 899 2140 qui
916 2059 1122 2142 postmodum
1138 2061 1246 2126 adeos

108 2165 285 2230 redeuntes
302 2165 346 2230 eis
364 2164 567 2230 concorditer
582 2163 769 2230 retulissent
780 2187 813 2230 se
830 2165 947 2230 vidisse
964 2173 996 2231 et
1013 2189 1032 2232 a
1049 2168 1247 2251 comprovin-

109 2271 247 2336 cialibus
264 2271 437 2355 diligenter
447 2271 639 2354 inquirendo
650 2271 779 2336 scivisse
790 2271 968 2355 predictam
978 2275 1063 2338 viam
1073 2274 1113 2339 de
1123 2273 1247 2340 Zalard

109 2384 333 2444 transeuntem
368 2401 477 2444 versus
509 2379 669 2444 Zothmar
699 2379 802 2463 magis
828 2379 985 2446 directam
1018 2387 1051 2446 et
1084 2381 1247 2465 publicam

108 2487 356 2552 transeuntibus
387 2509 445 2571 per
475 2487 578 2570 ipsam
610 2487 721 2552 villam
745 2487 937 2572 Zekullryda
968 2510 1066 2572 quam
1097 2491 1247 2554 essetria

110 2597 272 2662 transiens
297 2619 355 2680 per
380 2596 490 2660 villam
515 2593 617 2679 Olazy
646 2595 884 2679 supradictam
909 2597 1021 2681 itaque
1046 2619 1104 2662 nos
1131 2597 1246 2662 exinde

109 2705 239 2786 plenius
254 2703 422 2768 informati
439 2703 645 2768 attendentes
654 2702 830 2768 fidelitates
841 2711 874 2769 et
883 2703 1027 2770 fidelium
1038 2707 1245 2772 serviciorum

109 2813 229 2877 merita
254 2811 397 2895 ipsorum
423 2811 600 2877 Johaehini
622 2817 655 2876 et
679 2811 771 2876 Petri
787 2810 928 2876 filiorum
947 2811 1039 2877 Petri
1065 2836 1128 2897 que
1153 2816 1246 2880 nobis

109 2925 141 2984 et
169 2941 272 3004 regno
298 2919 331 2983 in
356 2919 489 2985 dirersis
520 2919 782 3004 expeditionibus
813 2921 932 2986 nostris
956 2943 1016 3005 pro
1043 2923 1246 2988 exaltacione

109 3030 213 3095 nostri
246 3027 411 3112 regiminis
434 3034 467 3093 et
482 3027 613 3092 honoris
638 3049 697 3112 pro
728 3029 987 3112 reintegracione
1013 3036 1045 3094 et
1071 3036 1246 3113 augmento

108 3139 288 3224 reipublice
313 3159 375 3220 que
401 3157 460 3222 per
484 3135 631 3202 infideles
648 3136 787 3202 barones
803 3143 937 3221 propter
952 3137 1115 3203 maliciam
1133 3138 1244 3203 discri-

109 3249 226 3313 minosi
243 3247 400 3330 temporis
415 3247 550 3310 nimium
567 3267 720 3330 oppressa
738 3244 847 3311 fuerat
872 3251 906 3311 et
931 3245 1097 3329 distracta,
1122 3268 1161 3312 ac
1186 3269 1246 3332 pro

108 3357 344 3423 reformacione
375 3354 463 3438 pacis
494 3355 528 3418 in
559 3375 659 3438 regno
703 3375 776 3419 cum
816 3351 969 3419 effusione
1000 3355 1049 3418 sui
1080 3355 1246 3438 sanguinis

109 3463 322 3531 laudabiliter
333 3461 551 3528 exhibuerunt
562 3467 593 3526 et
603 3461 838 3546 impenderunt,
849 3462 889 3526 de
900 3461 1016 3545 quibus
1027 3463 1103 3546 quia
1112 3464 1246 3548 longum

109 3581 194 3639 esset
211 3595 271 3638 suo
287 3571 382 3637 modo
399 3592 457 3655 per
473 3571 601 3654 singula
618 3592 770 3637 enarrare
796 3577 829 3636 et
855 3569 1059 3654 presentibus
1082 3572 1183 3637 inseri
1199 3578 1245 3636 te-

109 3681 239 3746 ‹liosum
255 3679 318 3744 hoc
333 3679 438 3744 solum
463 3678 636 3742 inseruisse
653 3677 800 3760 sufficiat,
817 3677 904 3760 quod
922 3699 993 3743 cum
1010 3677 1127 3763 Kopaz
1144 3701 1244 3762 quon-

111 3789 187 3854 dam
211 3787 380 3872 palatinus
406 3786 554 3851 notorius
570 3791 680 3852 noster
695 3783 835 3851 infidelis
852 3789 884 3850 et
900 3785 1029 3851 rebellis
1056 3788 1110 3868 qui
1135 3793 1245 3871 preter

109 3896 217 3960 varias
235 3901 268 3959 et
284 3893 483 3960 execrabiles
499 3891 698 3959 facinorosas
713 3893 873 3960 facoiones
890 3915 965 3959 suas
985 3915 1066 3976 quas
1083 3897 1246 3962 commisit

111 4025 183 4068 eum
201 4000 395 4086 quibusdam
413 4002 479 4066 suis
497 4001 708 4085 complicibus
733 4003 767 4066 in
791 4023 904 4066 necem
920 4005 1064 4066 nostram
1081 4004 1242 4086 conspira-

110 4119 170 4195 rat,
197 4113 265 4177 lese
291 4111 472 4175 maiestatis
506 4110 626 4175 crimen
652 4109 738 4192 quod
762 4110 797 4174 in
821 4115 925 4174 morte
950 4109 1070 4174 domini
1095 4108 1242 4175 Ladislai

111 4219 278 4304 quondam
309 4217 447 4282 illustris
482 4217 566 4300 regis
589 4214 761 4300 Hungarie
787 4216 898 4282 inclite
923 4215 1162 4281 recordacionis
1187 4215 1243 4280 ka-

111 4329 231 4394 rissimi
262 4325 373 4392 fratris
398 4326 500 4390 nostri
526 4325 686 4409 patruelis
712 4325 877 4390 inchoavit
907 4325 942 4388 in
966 4329 1080 4390 nostra
1104 4346 1245 4408 persona

111 4437 244 4521 cupiens
262 4437 436 4500 terminare
454 4459 473 4500 a
488 4435 570 4500 facie
587 4440 698 4500 nostra
714 4433 842 4518 fugiens
868 4433 1058 4517 desperatus
1086 4433 1126 4497 de
1153 4433 1245 4497 mise-

111 4543 254 4609 ricordia
270 4543 304 4607 in
322 4550 464 4608 cestrum
481 4565 573 4608 suum
589 4541 929 4628 Solyumkurocatum
940 4561 973 4607 se
986 4541 1167 4624 recepisset,
1184 4564 1244 4606 nos

111 4673 169 4738 per
186 4657 315 4720 nostros
330 4650 442 4718 fideles
459 4651 583 4720 dietum
600 4656 742 4720 castrum
769 4649 873 4718 obsidi
902 4655 935 4714 et
961 4649 1140 4736 expugnari
1157 4671 1245 4716 mau-
