3130 5470
371 497 436 558 462
731 505 918 552 asrouuonr
934 489 1150 548 orsrclnrrln.

371 676 437 738 alia
451 673 602 758 porcione
618 669 706 755 apud
721 668 858 733 eundem
869 667 1059 750 magistrum
1070 662 1287 730 Laureucium
1302 670 1491 724 remanente.

371 782 496 848 Datum
528 781 611 846 seria
627 783 747 863 quarta
763 778 913 862 proxima
928 781 1001 860 post
1027 773 1223 842 dominicam
1250 770 1385 852 Exurge,
1410 789 1490 832 anno

373 891 496 954 domini
513 889 566 953 M⁰
582 885 686 954 0000
702 887 873 954 tricesimo,

480 1053 632 1118 Hatlapjan
646 1052 738 1114 peccet
749 1051 922 1115 nyomaival;
945 1047 1075 1112 eredetije
1098 1063 1130 1097 az
1153 1063 1221 1098 orsa.
1243 1047 1298 1097 ltrtr
1319 1045 1415 1094 kincst.
1429 1047 1490 1089 «nm

373 1146 404 1196 N.
420 1145 452 1194 R.
466 1143 499 1194 A.
515 1147 575 1193 ⁶43.
591 1146 614 1191 3.
628 1141 694 1206 dipl.
709 1142 739 1190 lt.
756 1143 833 1190 2579.
857 1138 954 1188 Kezli:
969 1137 1070 1188 Vineae
1085 1138 1117 1188 G.

860 1301 1018 1310 —n-...

902 1539 977 1601 404.

376 1709 470 1772 1330.
495 1705 665 1792 Visegro'd,
672 1704 760 1789 febr.
780 1705 868 1768 17.Ι.
887 1704 1012 1790 Kctrolp
1028 1704 1139 1788 liudp
1156 1705 1228 1768 elta
1246 1703 1364 1767 Peteud
1380 1702 1490 1765 csnlld·

375 1819 447 1880 rozi
463 1815 601 1880 dirtolot
618 1839 655 1878 az
673 1813 811 1878 oclaualc‘
826 1813 969 1888 aemecek
985 1837 1005 1877 a
1028 1815 1276 1898 mo-rpit-azigeti
1291 1809 1493 1896 apra-danat-

797 1921 1079 2006 eisszabocac'tjo'l.

484 2083 554 2148 Nos
570 2082 717 2148 Karolus
734 2132 741 2146 .
757 2131 763 2146 .
780 2103 838 2146 rex
854 2132 861 2146 .
879 2131 885 2146 .
903 2081 1016 2146 damus
1031 2103 1090 2166 pro
1116 2085 1280 2161 memoria,
1296 2081 1382 2166 quod
1397 2079 1492 2162 magi-

374 2197 440 2258 ster
455 2189 531 2257 Dok
548 2195 740 2276 procurator
756 2191 1050 2257 sanctimonialium
1075 2190 1115 2254 de
1131 2189 1245 2256 Insula
1269 2189 1431 2274 Leporuru
1455 2187 1491 2248 ab

373 2319 439 2366 una
468 2305 571 2384 parte,
601 2301 679 2364 item
712 2298 869 2364 Nicolaus
898 2297 986 2363 filius
1017 2297 1141 2381 Mykou
1166 2307 1198 2364 et
1228 2298 1396 2364 ‚Iohannes
1413 2296 1492 2362 filius

375 2407 498 2474 Thome
514 2429 574 2492 pro
591 2430 624 2473 se
641 2414 674 2472 et
689 2429 748 2492 pro
765 2407 870 2472 Paulo
886 2407 952 2474 filio
970 2405 1127 2492 Symonis7
1138 2407 1286 2474 Martino
1301 2407 1369 2473 filio
1384 2405 1490 2472 Bude-

373 2517 443 2600 low,
461 2515 628 2602 Stephano
644 2515 711 2581 filio
729 2515 872 2600 scamus,
888 2515 1062 2582 Domiuico
1080 2515 1146 2582 filio
1163 2517 1325 2582 dohannis
1342 2521 1374 2580 et
1388 2515 1493 2580 Buhte

373 2625 441 2692 filio
458 2625 587 2692 Zumba
604 2627 645 2692 ab
662 2628 768 2692 altera
787 2647 894 2693 coram
910 2628 1006 2693 nobis
1022 2631 1192 2694 constituti
1209 2630 1242 2694 in
1259 2630 1389 2693 accione
1400 2648 1491 2710 quam

374 2733 460 2800 ‹lictc
477 2737 604 2802 domine
620 2737 770 2820 religiose
794 2739 828 2802 in
854 2739 976 2802 octavis
1002 2737 1248 2803 Purificacionis
1272 2737 1417 2818 Virginis
1433 2735 1493 2819 glo·

373 2843 458 2907 riose
476 2850 589 2909 contra
604 2845 768 2929 predictos
784 2845 909 2910 nobiles
925 2847 1054 2910 racione
1065 2846 1274 2929 possessionis
1290 2844 1492 2910 Pethendso
1552 2851 1553 2894 i

374 2956 446 3016 cate
476 2952 641 3019 habebant
666 2953 778 3018 taliter
809 2953 1057 3036 concordarunt,
1084 2955 1172 3037 quod
1203 2955 1236 3018 in
1253 2954 1374 3019 octavis
1396 2951 1492 3014 Pasce
1552 2903 1553 2991 i

375 3057 507 3123 Domini
525 3062 669 3143 proxime
686 3063 831 3127 venturis
848 3061 985 3144 predicti
1002 3060 1125 3126 nobiles
1140 3063 1244 3145 ipsam
1269 3060 1492 3145 possessionem

374 3187 472 3248 quam
489 3167 574 3234 dicte
591 3169 720 3236 domine
736 3173 865 3238 nomine
881 3172 960 3236 iuris
977 3171 1164 3236 earumdem
1189 3170 1230 3236 ab
1261 3170 1380 3236 eisdem
1397 3169 1493 3253 requi·
1551 3191 1552 3273 p

373 3275 490 3340 rebant
516 3297 626 3342 coram
642 3278 806 3344 Michaele
821 3277 890 3344 filio
916 3279 1091 3345 Laureucii
1117 3279 1156 3343 de.
1183 3279 1298 3344 Padau
1322 3279 1372 3343 vel
1389 3277 1492 3342 Blasio

374 3381 441 3446 filio
460 3379 616 3466 Stephani
634 3385 673 3450 de
690 3386 771 3452 Mod
788 3387 917 3452 homine
934 3393 1045 3454 nostro
1062 3388 1123 3452 sub
1155 3387 1336 3452 testimonio
1354 3385 1432 3451 dicti
1449 3407 1491 3450 ea-
1550 3469 1551 3472 Ἴ

373 3491 470 3573 pituli
486 3489 511 3554 J
513 3493 672 3558 auriensis
689 3493 728 3558 de
745 3497 811 3560 suis
827 3497 1081 3580 possessionibus
1107 3497 1253 3580 excipere
1271 3501 1303 3560 et
1326 3495 1422 3559 dictis
1444 3495 1491 3558 do·
1550 3483 1551 3555 l

373 3597 523 3664 minabus
549 3601 683 3666 reddere
700 3610 733 3667 et
757 3603 923 3686 resignare
949 3605 1157 3688 tenebuntur,
1189 3626 1226 3669 ec
1243 3603 1338 3668 modo
1367 3601 1451 3686 quod
1471 3601 1491 3662 >i

374 3704 459 3770 dicte
485 3707 612 3772 domine
637 3710 802 3793 resignata
828 3713 916 3776 dicta
942 3713 1141 3796 possessione
1172 3734 1229 3777 seu
1246 3717 1333 3776 terra
1357 3733 1418 3794 pro
1434 3712 1491 3774 iure
1549 3759 1550 3762 η

374 3811 462 3894 quod
477 3815 686 3898 requirebant
703 3815 744 3880 ab
763 3817 882 3883 eisdem
899 3819 1009 3884 eedem
1027 3819 1154 3885 domine
1181 3819 1346 3896 habebunt
1363 3819 1486 3883 liberam

374 3921 583 4007 facultatem;
600 3926 713 3990 seriem
730 3933 839 3992 autern
857 3927 942 3994 dicte
958 3927 1064 3992 fiende
1075 3929 1292 3994 restitucionis
1308 3935 1421 4013 partes
1430 3949 1489 4012 pre-

375 4028 460 4094 dicte
492 4031 525 4095 in
543 4032 662 4096 litteris
679 4033 756 4098 dicti
775 4035 909 4118 capituli
927 4035 967 4100 ad
984 4042 1117 4100 octavas
1133 4035 1221 4101 beati
1239 4035 1376 4119 Georgii
1393 4035 1491 4100 marti·

374 4137 418 4200 ris
435 4140 579 4220 proxime
596 4147 746 4206 venturas
764 4143 855 4207 nobis
880 4149 1048 4225 reportare
1074 4143 1257 4226 ‹lebcliuut;
1291 4143 1487 4208 nihilominus

373 4245 407 4308 iu
424 4245 543 4311 eisdem
561 4249 682 4312 octavis
698 4249 786 4313 beati
819 4247 953 4333 Georgii
982 4250 1120 4334 predicti
1147 4252 1264 4316 nobilis
1290 4251 1329 4315 de
1355 4252 1492 4316 omuibus

372 4351 499 4418 iudiciis
531 4355 557 4419 si
589 4356 622 4419 in
655 4357 772 4439 quibus
804 4358 837 4420 in
869 4378 1022 4441 processu
1054 4357 1139 4423 dicte
1157 4358 1487 4424 causesuntcouricti

373 4461 466 4526 uobis
482 4468 515 4527 et
531 4465 616 4545 parti
633 4463 767 4530 adverse
783 4465 969 4530 satisfacere
992 4465 1196 4531 tenebuntur.
1229 4465 1354 4533 Datum
1370 4468 1403 4530 iu
1422 4465 1492 4531 alto

376 4566 502 4650 Castro,
533 4593 619 4637 nono
652 4571 704 4636 die
722 4574 851 4637 termini
883 4575 1055 4657 prenotati,
1086 4596 1171 4640 anno
1188 4573 1310 4640 domiui
1328 4573 1492 4640 Millesimo

376 4671 476 4740 000ο
492 4678 663 4746 tricesimo.
