3130 5470
521 458 615 525 laao.
636 480 731 526 rerer.
752 459 801 526 le.
1179 467 1244 530 465

110 636 213 718 gladii
231 637 459 704 miserabiliter
475 647 551 705 sunt
561 642 665 726 occisi,
676 642 754 725 quid
769 643 865 728 plura
877 641 902 727 ?,
913 643 947 708 hi
958 650 1033 710 sunt
1044 645 1101 729 qui
1112 667 1248 731 evange·

109 746 171 809 lice
188 744 316 812 fluenta
332 745 478 814 doctrine
495 755 528 814 et
544 755 685 815 nostram
703 751 826 833 regiam
854 759 1024 836 sequentes
1040 755 1245 820 maiestatem

109 853 357 937 abnegaverunt
382 857 572 941 semetipsos
598 879 672 922 suos
697 864 797 942 atque
815 881 881 942 sua,
909 882 973 926 nou
990 882 1043 926 eos
1059 867 1247 927 terruerunt

110 963 227 1026 mortis
244 965 330 1028 mine
355 985 418 1028 non
434 985 543 1029 rerum
554 964 671 1030 damna
687 987 752 1030 uon
769 968 994 1033 contencioues
1010 989 1075 1034 non
1093 968 1156 1036 alie
1173 975 1242 1034 ten-

111 1071 260 1136 taciones
286 1094 348 1155 que
366 1072 540 1138 humanam
557 1079 791 1140 consueverunt
818 1073 1031 1158 fragilitatem
1057 1077 1099 1140 ab
1115 1079 1244 1161 incepto

110 1182 294 1263 operatoris
311 1180 395 1245 bono
412 1182 579 1265 proposito
595 1203 755 1265 revocare,
781 1182 907 1265 pridem
925 1184 1027 1248 eciam
1043 1205 1116 1248 cum
1133 1192 1247 1250 contra

110 1289 277 1354 excelsum
295 1291 471 1374 principem
489 1289 654 1355 domiuum
670 1290 875 1356 Fridericum
900 1291 983 1358 bone
1008 1294 1162 1358 memorie
1194 1317 1245 1358 ro·

110 1419 285 1462 manorum
301 1420 411 1483 regem
428 1400 604 1466 exercitum
622 1405 655 1463 et
671 1399 911 1482 expedicionem
932 1401 1142 1466 movissemus
1164 1399 1244 1482 Egi-

110 1507 185 1572 dius
211 1506 313 1572 frater
339 1508 524 1574 eorumdem
549 1509 609 1573 sub
635 1515 741 1574 castro
768 1507 895 1592 Syhord
921 1508 1074 1575 ferociter
1090 1531 1124 1574 se
1142 1531 1244 1594 oppo-

111 1615 220 1680 nendo
232 1617 353 1681 nostris
369 1617 403 1680 in
419 1617 561 1682 serviciis
577 1637 641 1681 nou
658 1618 726 1681 sine
742 1617 839 1682 laude
849 1619 1006 1683 memoria
1021 1617 1119 1702 digna
1135 1618 1244 1682 extitit

110 1727 320 1808 interemtus,
337 1731 535 1790 memoratus
550 1745 625 1790 vcro
642 1726 797 1808 magister
822 1726 1023 1792 Laureuoius
1040 1727 1185 1792 bellicosi
1202 1727 1242 1791 si-

110 1833 234 1898 militer
249 1833 414 1916 ingressus
439 1834 540 1898 aciem
557 1839 688 1898 strenue
715 1855 852 1917 sequens
880 1835 1023 1900 letaliter
1049 1836 1158 1901 extitit
1181 1835 1242 1900 sub

109 1941 225 2006 eodem
243 1947 350 2007 castro
382 1943 547 2006 sauciatus
579 1947 678 2026 atque
709 1943 904 2026 vulneratus,
928 1963 1054 2008 necnon
1085 1944 1244 2026 magister

111 2050 262 2134 Vgrinus
278 2072 379 2135 prope
396 2050 560 2115 civitatem
577 2047 751 2134 Guncheyl
767 2051 917 2116 similiter
931 2053 965 2116 iu
982 2051 1096 2116 eadem
1112 2051 1241 2135 expedi-

111 2160 205 2223 cione
244 2163 358 2224 nostra
388 2157 514 2224 letifero
540 2159 750 2224 sauciacionis
776 2180 841 2224 nou
880 2160 948 2224 siue
971 2159 1125 2225 laboriosi
1166 2181 1242 2225 con-

111 2266 300 2332 certaminis
335 2265 430 2331 laude
470 2267 586 2332 vulnus
617 2267 754 2351 pertulit
779 2267 901 2350 sagitta
941 2267 1089 2333 balistari
1119 2274 1243 2352 perter-

110 2375 219 2456 ribils,
249 2372 285 2438 hi
317 2393 430 2458 nempe
460 2395 520 2458 pro
551 2373 644 2440 uobis
676 2374 873 2458 generaliter
903 2374 947 2439 ad
975 2376 1083 2440 omnia
1107 2375 1243 2440 adversa

111 2504 145 2548 se
162 2482 304 2546 viriliter
319 2503 379 2565 pro
395 2481 489 2546 nobis
506 2487 539 2546 et
554 2503 653 2565 regno
670 2487 781 2573 nostro
798 2489 998 2566 opponentes
1013 2503 1140 2566 semper
1155 2487 1188 2546 et
1198 2484 1245 2547 in·

109 2593 238 2658 defesse
254 2592 855 2678 serviciafidelitatumpreclaralaude
866 2593 965 2676 digna
976 2594 1154 2658 extiterunt
1172 2616 1246 2677 pro-

113 2703 231 2784 secuti,
249 2723 313 2786 que
329 2701 371 2767 ad
388 2703 495 2766 omnia
520 2702 653 2786 speciali
670 2702 885 2767 cunctacione
911 2721 1093 2766 sermonum
1109 2701 1243 2784 longum

109 2817 198 2876 esset
213 2831 349 2876 narrare
365 2815 398 2875 et
413 2810 616 2894 presentibus
632 2811 730 2875 inseri
746 2810 831 2876 foret
863 2810 1033 2892 tediosum‚
1049 2805 1156 2896 uthic
1173 2830 1244 2874 oru-

111 2941 184 2984 cem
201 2919 324 2985 domini
357 2919 509 2984 tollentes
526 2923 670 2984 nostram
697 2919 800 2983 secuti
829 2919 1007 2982 ext'terunt
1031 2917 1246 3002 maiestatem,

109 3051 196 3113 eque
213 3028 350 3111 dignum
365 3029 476 3111 itaque
493 3033 526 3092 et
549 3028 670 3092 iustum
689 3027 876 3091 estimantes
891 3030 928 3089 ut
944 3045 1063 3108 magna
1078 3027 1204 3108 magnis
1214 3034 1247 3090 et

110 3139 215 3221 digna
231 3135 339 3218 dignis
354 3135 589 3219 impendantur
605 3143 637 3199 et
653 3135 826 3200 immensos
842 3134 970 3199 labores
982 3135 1112 3218 copiosa
1127 3155 1248 3200 merces

110 3243 241 3310 reficiat
258 3249 290 3307 et
306 3249 468 3308 restauret
485 3248 521 3307 ut
536 3243 679 3326 ipsorum
696 3243 843 3326 exemplo
859 3243 1005 3326 reliquos
1019 3240 1061 3306 ad
1076 3241 1246 3307 fidelitatis

110 3352 266 3418 antidota
290 3351 505 3416 accendamus
531 3349 657 3415 discant
674 3355 706 3414 et
723 3350 823 3415 ceteri
848 3349 907 3414 sub
932 3349 1079 3432 principe
1096 3350 1247 3432 graciose

110 3463 268 3527 devocius
279 3459 430 3525 famulari
446 3459 591 3525 volentes
606 3463 675 3523 tam
691 3458 866 3523 meritoriis
877 3462 910 3522 et
920 3457 1073 3540 gratuitis
1084 3457 1247 3541 obsequiis

110 3567 304 3635 eorumdem
319 3573 430 3632 nostre
456 3567 564 3651 gracie
581 3585 752 3630 occurrere
778 3564 931 3630 donativo
956 3564 1035 3628 licet
1060 3565 1247 3630 eorumdem

110 3679 234 3743 merita
249 3677 347 3760 longe
372 3682 404 3740 et
421 3675 618 3760 peramplius
634 3675 686 3739 his
702 3674 827 3738 maiora
843 3674 1010 3756 exigerent
1036 3677 1145 3737 tamen
1162 3674 1248 3739 utin

110 3787 294 3871 aliqualem
325 3783 659 3868 recompensacionem
676 3783 722 3846 eis
738 3780 905 3865 paulisper
921 3779 1192 3864 responderemus
1217 3788 1249 3846 et

110 3901 266 3976 respectu
281 3893 397 3958 horum
424 3913 486 3974 que
503 3891 581 3974 ipsis
597 3888 784 3974 impendere
801 3889 1017 3971 peticionibus
1035 3893 1068 3952 et
1085 3889 1249 3972 supplica-

109 4001 263 4069 cionibus
279 3988 466 4069 eorumdem
499 3996 785 4065 condescendendo
810 3996 963 4062 debemus
989 3997 1124 4061 minima
1151 3996 1249 4065 fuisse

109 4119 145 4178 et
163 4133 234 4177 esse
250 4115 450 4194 reputantes,
467 4107 653 4172 memoratis
668 4105 834 4186 magistris
850 4103 1035 4169 Laurencio
1051 4101 1076 4167 J
1078 4103 1199 4168 ohanui
1216 4111 1250 4170 et

108 4220 243 4303 Vgrino
261 4225 295 4284 et
310 4239 368 4302 per
384 4215 514 4282 eosdem
530 4214 684 4297 Philippo
702 4217 734 4276 et
750 4209 883 4277 Leukas
899 4209 975 4277 filiis
1002 4208 1027 4274 J
1029 4209 1122 4276 scobi
1138 4209 1249 4278 fratris

107 4331 137 4394 si
153 4329 265 4393 uiliter
291 4325 479 4391 eorumdem
509 4322 629 4388 uterini
661 4321 738 4384 item
769 4319 906 4385 Nicolao
939 4317 1007 4383 filio
1034 4315 1188 4401 Gregorii
1217 4325 1250 4383 et

110 4438 208 4504 Beke
240 4457 279 4501 ac
310 4434 449 4500 Nicolao
481 4431 556 4497 filiis
590 4428 751 4514 Stephani
781 4427 937 4493 fratribus
976 4425 1163 4516 eorumdem
1193 4450 1250 4512 pa·

108 4545 278 4611 truelibus
310 4563 433 4608 necnon
464 4563 524 4626 per
555 4527 608 4605 eos
639 4539 784 4622 ipsorum
814 4536 989 4601 heredibus
1028 4533 1249 4618 heredumque

106 4677 247 4722 suorum
264 4649 502 4718 successoribus
528 4649 568 4714 de
585 4647 696 4732 gracia
730 4651 840 4711 nostra
866 4645 957 4729 regia
983 4642 1118 4727 speciali
1151 4651 1185 4710 et
1210 4667 1250 4712 ex

161 4789 320 4832 aarousonr
337 4775 500 4822 orirlrrrtr
517 4787 546 4820 rr.
564 4775 626 4820 abr.
1100 4756 1142 4818 30
