3130 5470
556 509 653 570 1329.
668 523 736 571 uun.
755 510 806 570 20.
1183 513 1249 574 419

110 685 181 751 suis
199 683 357 750 universis
372 684 528 752 heredum
544 707 604 770 per
619 685 755 751 heredes
773 685 949 754 donassent
966 737 973 752 .
991 737 997 752 .
1013 693 1169 774 perpetuo
1179 711 1252 774 pos-

110 792 294 877 sidendam,
310 793 372 859 hoc
387 797 498 860 tamen
514 793 640 860 adiecto
657 794 745 878 quod
756 794 783 860 si
792 795 940 878 predicta
956 817 1067 864 eorum
1085 818 1177 864 soror
1187 799 1251 883 ipsi

109 901 275 968 Michaeli
299 902 422 968 tradita
446 903 603 968 heredum
629 902 828 969 destituatur
853 905 973 970 solacio
1000 910 1079 972 tunc
1103 906 1251 991 predicta

110 1011 276 1096 possessio
307 1011 400 1077 iuxta
424 1013 516 1096 regni
543 1011 805 1078 consuetudinem
829 1012 873 1078 ad
897 1035 1012 1080 manus
1028 1014 1251 1100 predictorum

110 1119 211 1202 pleno
228 1119 298 1183 iure
314 1117 526 1186 devolvatur.
543 1171 550 1185 .
566 1121 693 1186 Datum
708 1141 767 1204 per
783 1143 899 1188 manus
915 1119 1008 1188 Petri
1024 1123 1167 1206 lectoris,
1185 1128 1251 1188 ter-

111 1229 163 1292 cio
181 1227 235 1292 die
252 1229 487 1310 quindenarum
502 1228 591 1296 beati
600 1229 626 1295 J
628 1229 764 1296 ohannis
773 1229 934 1315 Baptista,
951 1253 1036 1298 anno
1054 1231 1177 1298 domini
1193 1231 1247 1296 Μο

117 1333 225 1402 0000
240 1334 332 1400 XX⁰
348 1359 442 1422 nono,
467 1337 672 1422 presentibus
689 1339 930 1404 venerabilibus
957 1345 991 1404 et
1007 1339 1155 1406 discretis
1171 1341 1249 1404 viris

112 1444 254 1509 Matheo
271 1447 436 1529 preposito
448 1444 562 1512 Sancti
573 1445 762 1528 Salvatoris,
779 1445 925 1512 Henrico
943 1452 1084 1530 cantore,
1100 1447 1249 1512 Emerico

113 1555 260 1638 custode,
292 1555 460 1640 Stephano
487 1555 687 1640 Tymisiensi,
718 1555 859 1622 Nicolao
876 1553 1059 1640 Orodiensi,
1091 1556 1247 1623 Ladislao

115 1661 419 1747 Ultramorosiensi,
435 1663 536 1730 Petro
567 1664 607 1728 de
624 1663 784 1729 Torontal
809 1663 1046 1730 archidiaconis
1072 1665 1251 1747 ceterisque
1280 1705 1282 1708 -

115 1770 283 1836 canonicis
299 1771 333 1835 in
349 1771 484 1837 ecclesia
500 1770 551 1836 dei
567 1771 688 1854 iugiter
703 1770 939 1838 famulantibus
955 1773 1026 1856 regi
1043 1773 1251 1858 sempiterno.

226 1934 402 2000 Megrongdlt
426 1933 658 2000 friggdpecsettel
682 1933 740 1984 alhl
766 1935 1045 1999 cyrographumma13
1074 1935 1204 2000 eredetije
1218 1950 1250 1984 az

114 2041 181 2076 orsz.
205 2027 263 2076 lter
287 2027 386 2077 lrincat.
410 2030 476 2076 oszt.
499 2027 532 2076 N.
546 2027 578 2076 R.
591 2026 624 2076 A.
640 2029 699 2077 587.
717 2029 757 2075 19.
771 2025 840 2088 dipl.
854 2025 925 2074 ltar:
941 2029 1020 2077 2550.
1034 2025 1132 2076 Kozli:
1147 2026 1251 2076 Vincze
1283 2063 1286 2068 .

114 2118 219 2168 (labor.

606 2298 765 2306 ——n-—m-

653 2532 726 2596 364.

114 2699 214 2762 1329.
233 2697 345 2776 Kollo,
354 2697 418 2784 jul
435 2699 487 2760 20.
505 2695 607 2759 Dezed
632 2693 855 2780 alorozo'pbird
885 2695 918 2759 da
945 2695 1108 2760 dirotciraa
1136 2697 1247 2780 Napy-

153 2807 302 2892 Semje'na'
317 2797 603 2889 Junostssttzonyos
620 2803 730 2888 birsdp
747 2803 990 2887 mcpfizcte‘adrt'l
1001 2803 1204 2888 ripuptotjdk.

227 2965 298 3031 Nos
316 2986 421 3032 comes
437 2965 559 3031 Desewx
571 2962 738 3029 vieeiudex
754 2963 880 3028 comitis
905 2962 1003 3028 Pauli
1027 2962 1142 3030 iudicis
1159 2963 1246 3028 curie

110 3076 242 3142 domini
273 3077 360 3160 regis
377 3081 410 3140 et
425 3075 580 3158 magister
596 3073 621 3138 J
623 3073 743 3139 acobus
760 3072 846 3138 filius
861 3072 988 3138 Ivanha
1014 3072 1053 3137 de
1079 3072 1166 3156 Ugal
1193 3093 1245 3136 ex-

112 3191 212 3250 actor
226 3183 419 3248 iudiciorum
435 3183 470 3248 in
487 3181 645 3248 comitatu
661 3180 701 3247 de
717 3179 853 3246 Zobooh
869 3202 928 3266 per
954 3179 1092 3245 eundem
1109 3180 1245 3264 deputa-

110 3299 170 3358 tus
188 3292 305 3358 damus
321 3314 381 3376 pro
407 3291 572 3374 memoria,
589 3289 676 3374 quod
691 3291 847 3372 magister
877 3290 903 3356 J
904 3289 1047 3355 ohannes
1072 3287 1158 3353 filius
1176 3285 1248 3353 Ste-
1304 3353 1307 3360 ,

107 3401 220 3486 phani
236 3399 297 3466 filii
306 3399 480 3466 Michaelis
506 3398 546 3464 de
566 3397 832 3482 Nogsemienpro
849 3398 976 3464 iudiciis
993 3417 1048 3461 sex
1063 3417 1248 3462 marcarum

110 3513 149 3574 in
168 3511 291 3594 quibus
307 3509 393 3574 idem
420 3505 607 3592 Stephanus
623 3504 709 3570 filius
725 3504 898 3570 Michaelis
922 3509 1017 3589 pater
1042 3525 1118 3569 suus
1135 3508 1250 3568 contra

106 3619 136 3686 J
136 3620 306 3686 ohannem
322 3616 425 3682 filium
441 3615 466 3682 J
468 3615 603 3681 ohannis
619 3613 679 3679 filii
711 3611 878 3678 Gabrielis
894 3607 1002 3699 {actor
1019 3613 1158 3677 existens
1175 3633 1249 3677 con-

106 3731 223 3794 vietus
240 3727 394 3792 extiterat
410 3723 571 3790 mediante
588 3721 750 3788 solucione
765 3721 952 3804 pecuniaria
977 3718 1070 3786 nobis
1087 3724 1120 3783 et
1137 3718 1247 3782 comiti

107 3835 305 3924 parochiali
321 3857 360 3900 ae
390 3832 537 3916 predicto
553 3827 578 3895 J
580 3829 701 3895 ohanni
732 3829 819 3912 parti
850 3827 982 3893 adverse
998 3827 1179 3911 plenariam
1194 3825 1251 3890 im-

104 3944 236 4032 pendit
251 3941 519 4022 satisfaccionem,
530 3959 627 4022 super
644 3937 760 4020 quibus
771 3934 907 4001 eundem
922 3940 992 4000 tam
1010 3956 1048 3999 ex
1064 3939 1158 4016 parte
1168 3933 1252 3998 iudi-

104 4058 155 4123 cis
174 4073 281 4136 quam
297 4052 444 4133 exparte
461 4047 564 4131 partis
580 4045 713 4111 adverse
729 4044 945 4109 commisimus
962 4041 1155 4126 expeditum
1186 4040 1254 4106 Da-

104 4171 183 4229 tum
202 4161 242 4225 in
254 4158 367 4240 Kallo,
376 4159 411 4222 in
427 4156 550 4222 octavis
565 4154 660 4220 beate
670 4151 1014 4235 Margaretevirginis,
1030 4171 1115 4215 anno
1132 4149 1254 4214 domini

102 4273 165 4340 Μ0
184 4265 294 4336 0000
310 4265 401 4332 XX⁰
416 4287 511 4332 nono.

229 4433 361 4483 Zdrlatan
391 4429 554 4496 responset
577 4428 755 4493 nyomaiva15
775 4421 904 4489 credetije
925 4438 941 4472 a
963 4421 996 4472 N.
1019 4421 1212 4482 Muzeumban,
1237 4433 1254 4469 a

100 4529 217 4592 Kallay
233 4537 271 4574 cs.
281 4525 354 4574 lban.
366 4521 464 4574 Kozll:
478 4520 604 4587 Tagtnyi
615 4521 650 4570 K.

608 4694 769 4712 *Qun-
