3240 5460
626 461 721 524 1322.
740 479 808 524 Juu.
827 463 855 523 6.
1259 463 1300 524 27

164 642 252 726 patri
270 639 414 707 eiusdem
431 639 518 706 Taro
535 640 630 727 titulo
647 638 854 706 tradiderant
870 640 1032 725 emtionis,
1058 640 1253 706 restituisset
1269 643 1302 705 et

164 750 362 816 reddidisset
377 751 476 835 pleno
491 751 570 834 iuro,
587 751 780 834 litterasque
799 753 929 815 nostras
954 771 1051 833 super
1076 749 1188 814 eadem
1203 750 1301 834 privi-

164 860 302 943 legiales
318 858 423 924 eidem
438 857 543 924 Paulo
560 859 705 924 restituit
721 862 754 924 et
768 855 913 922 reddidit
932 880 1040 923 eoram
1056 858 1159 923 nobis.
1176 857 1300 924 Datum

163 968 198 1032 in
214 968 339 1034 octavis
355 967 526 1033 beatorum
541 967 635 1032 Petri
652 972 685 1032 et
701 966 799 1032 Pauli
824 966 1054 1052 apostolorum,
1080 987 1165 1031 anuo
1181 967 1301 1032 domini

163 1074 343 1140 Millesimo
361 1071 461 1142 000⁰
476 1075 630 1158 vigesimo
647 1075 797 1140 seeundo

274 1237 446 1302 Apozsonyi
469 1238 658 1302 kaptalannak
683 1241 759 1289 1394.
781 1237 868 1302 julius
892 1237 960 1287 sisi
982 1236 1149 1299 dtiratdbam
1171 1236 1302 1300 melyuek

164 1327 298 1392 eredetije
311 1343 344 1378 az
358 1343 426 1378 orsz.
440 1328 497 1378 lttr
509 1328 610 1380 kinest.
624 1333 691 1380 oszt.
704 1330 738 1380 N.
748 1329 781 1379 R.
793 1327 826 1378 A.
841 1329 901 1378 359.
920 1332 959 1378 la.
980 1327 1048 1390 dipl.
1061 1328 1092 1377 lt.
1109 1330 1186 1376 2117.
1199 1326 1298 1376 Kozli:

164 1417 271 1467 Vinaza
284 1416 385 1467 Gabar.

710 1725 761 1786 26.

167 1889 265 1951 1322.
273 1886 341 1972 jul.
358 1887 388 1951 6.
407 1887 506 1950 Ma'rlo
522 1883 612 1951 Horat
627 1889 796 1973 udrmoqyo
819 1886 954 1972 ispdaja
980 1889 1012 1951 o's
1029 1887 1207 1951 biro'tdrsoi
1221 1886 1302 1969 otuu,

165 1993 346 2077 (dadae-fia
363 1994 439 2059 Pau
455 1997 487 2059 o's
504 1993 641 2058 L'driaoz
658 1994 727 2077 fiai
752 2018 790 2059 aa
815 1998 989 2080 eyymdsoa
1014 1995 1174 2060 elkovoaot
1199 1995 1301 2060 datal-

291 2102 466 2167 maskodcts
482 2103 573 2166 irdat
588 2103 778 2168 tibekoloet
794 2106 826 2167 e‘s
844 2107 987 2190 oqymdst
1001 2103 1175 2190 tielaqitik.

275 2260 347 2328 Nos
361 2263 516 2347 magister
530 2261 665 2329 Marcus
690 2283 795 2330 comes
818 2260 999 2329 Hontensis
1026 2269 1059 2330 et
1074 2264 1196 2330 iudices
1211 2265 1302 2330 nobi-

165 2372 247 2436 lium
264 2371 305 2436 de
322 2371 435 2436 eodem
451 2373 608 2437 comitatu
625 2372 738 2437 damus
754 2393 814 2454 pro
830 2373 994 2456 memoria,
1005 2371 1175 2455 quodcum
1191 2393 1301 2437 seeun-

166 2479 245 2544 dum
261 2480 498 2546 eontinenaiam
513 2481 658 2563 priorum
673 2480 859 2546 litterarum
868 2485 1052 2545 nostrarum
1066 2481 1301 2545 memorialium

168 2609 300 2654 eausam
316 2611 413 2674 quam
428 2589 534 2655 Peteu
549 2587 634 2654 filius
651 2585 768 2654 Gudur
784 2595 900 2654 eontra
914 2588 999 2654 filios
1023 2587 1198 2654 Laurenoii
1214 2588 1301 2653 Lau-

166 2697 313 2762 rentium
329 2703 362 2762 et
379 2697 537 2764 Thomam
553 2699 736 2764 nominatos
752 2699 931 2763 ininvioem
941 2719 1038 2782 super
1048 2703 1153 2762 morte
1165 2695 1302 2764 Stehani

168 2803 373 2890 (igy)trat1is
388 2807 532 2891 ipsorum
548 2827 607 2890 pro
618 2827 682 2891 quo
693 2806 813 2872 eisdem
823 2805 942 2877 XXV.
962 2829 1089 2874 mareas
1106 2807 1229 2872 solvere
1246 2807 1299 2872 de-

167 2913 301 2997 buisset,
317 2935 416 2998 quam
431 2916 602 2998 pecuniam
616 2915 772 3000 persolvit
788 2936 897 2980 eoram
909 2915 1011 2999 nobis,
1023 2937 1080 2980 reu
1091 2916 1192 2980 eciam
1203 2935 1299 2998 super

167 3027 273 3087 morte
285 3022 471 3107 jobagionis
487 3022 581 3089 Petri
595 3023 687 3088 Bede
714 3023 754 3088 de
780 3021 897 3108 quibus
920 3023 1085 3108 predictos
1100 3023 1251 3089 liberavit
1266 3027 1299 3088 et

166 3129 289 3195 liberos
304 3129 447 3196 reddidit
461 3151 520 3196 neo
535 3153 602 3197 non
617 3153 714 3216 super
738 3133 903 3198 universas
922 3153 1037 3198 causas
1053 3133 1196 3216 ipsorum
1212 3131 1298 3196 soili-

167 3243 221 3303 oet
236 3237 339 3302 eciam
355 3258 451 3322 super
466 3243 588 3304 terram
598 3237 726 3304 Mathia
741 3261 803 3323 que
813 3241 899 3305 inter
908 3247 1020 3325 partes
1035 3260 1138 3323 usque
1154 3237 1198 3303 ad
1212 3235 1301 3302 istud

165 3351 295 3428 tempus
310 3351 419 3411 aetum
435 3344 549 3412 fuisset
565 3351 597 3412 et
613 3353 761 3414 exortum
784 3348 872 3414 idem
889 3347 1091 3414 Laurenoius
1108 3353 1141 3413 et
1158 3346 1300 3412 Thomas

164 3453 226 3519 filii
241 3451 418 3520 Laurenoii
435 3453 541 3520 Peteu
556 3460 589 3520 et
605 3477 678 3522 suos
694 3455 829 3522 heredes
846 3457 1066 3540 heredumque
1082 3477 1214 3522 suorum
1230 3475 1300 3520 sue-

166 3583 309 3628 cessores
325 3563 537 3630 reddiderunt
554 3564 722 3648 expeditos
739 3616 745 3630 .
763 3616 769 3631 .
785 3564 911 3631 Datum
926 3565 1009 3631 feria
1026 3567 1129 3631 tercia
1152 3565 1301 3650 proxima

164 3675 241 3756 post
256 3677 389 3736 octavas
408 3669 484 3736 festi
500 3671 524 3737 J
527 3671 663 3738 ohannis
679 3671 838 3758 Baptista,
865 3695 949 3740 anno
975 3673 1096 3739 domini
1119 3671 1174 3738 Μ0
1200 3669 1301 3739 000⁰

164 3779 260 3846 XX⁰
274 3779 425 3846 secundo.

275 3941 410 3993 Zarlsttn
434 3942 528 4008 paestt
551 3945 729 4010 nyomaiva13
761 3944 891 4010 eredetije
915 3943 1100 4009 Kdmtnhdzy
1121 3943 1189 3996 Btla
1209 3943 1298 3995 umtl.

164 4033 265 4084 Kdzlr':
279 4032 389 4083 Koraos
401 4033 523 4085 Ndndor.
