3172 5462
288 401 351 463 140
637 412 826 460 ascensori
842 399 1059 460 cnuturrtn.

285 577 449 662 quandam
465 581 585 642 metam
610 579 777 660 antiquam
792 575 973 643 Puchtofeu
997 579 1155 658 vocatam,
1176 575 1251 640 inde
1268 595 1327 660 per
1342 593 1404 637 ma-

285 711 384 774 gnum
400 687 543 771 spacium
558 707 669 750 versus
695 686 894 752 occidentem
917 685 1005 749 venit
1030 684 1073 748 ad
1097 682 1316 768 Keydholma,
1342 681 1410 746 inde

284 795 390 861 tendit
406 815 515 859 versus
531 794 641 858 villam
667 793 808 876 Kurpad
835 793 891 858 ubi
908 796 957 858 est
980 798 1069 857 meta
1088 798 1197 857 terrea
1222 793 1368 874 antiqua,
1383 795 1412 854 et

284 902 360 968 inde
383 923 494 966 versus
519 900 695 965 australem
721 903 809 966 venit
834 900 1092 965 ad'concursum
1117 899 1216 964 trium
1231 899 1358 964 viarum
1381 899 1411 961 in

285 1010 417 1076 modum
433 1009 537 1074 crucis
565 1008 621 1073 ubi
647 1013 723 1074 sunt
748 1014 814 1088 tres
833 1014 918 1074 mete
944 1009 1084 1091 antique,
1103 1007 1189 1072 unde
1204 1006 1411 1092 progrediens

285 1141 342 1203 per
357 1139 509 1202 magnum
526 1119 672 1202 spacium
687 1118 870 1201 regreditur
886 1118 928 1182 ad
939 1118 1050 1182 villam
1066 1116 1167 1182 Thoti
1183 1115 1409 1200 supradictam.

285 1225 410 1292 Datum
435 1227 468 1291 in
493 1226 605 1310 vigilia
629 1221 839 1292 Ascensionis
865 1225 996 1308 domini,
1021 1246 1107 1290 anno
1133 1224 1278 1290 eiusdem
1303 1245 1410 1308 supra·

286 1335 382 1400 dicto.

392 1480 461 1530 Zard
475 1479 569 1544 pccstt
581 1477 757 1544 nyomaiva13
771 1481 901 1545 credetije
914 1497 946 1530 az
959 1495 1028 1532 orsz,
1042 1481 1096 1530 ttstr
1105 1481 1205 1531 kincst
1220 1482 1288 1529 oszt.
1299 1479 1370 1530 N.R.
1381 1478 1412 1537 A.

288 1575 363 1620 1017.
380 1575 403 1621 5.
428 1570 495 1634 dipl.
509 1570 578 1622 ltar:
595 1573 674 1621 2244.
687 1571 780 1620 Kczli:
802 1571 906 1622 Vincze
920 1571 1022 1623 Gothos.

771 1733 924 1743 ——-

816 1880 888 1944 125.

287 2044 382 2106 1324.
409 2044 517 2124 Karta
544 2045 620 2128 mrty'.
639 2044 690 2106 24.
718 2041 865 2108 Sentetes
881 2047 1050 2128 coronqpe
1069 2046 1203 2129 ispdvsja
1222 2045 1295 2107 elect
1310 2043 1411 2109 Jcnos

276 2151 330 2233 fic
356 2149 526 2235 Gaborjrin
552 2151 699 2237 bizooyos
724 2151 1004 2216 hotutcrcskoddsi
1019 2152 1139 2236 dyptica
1155 2153 1294 2240 Lcnppel
1309 2152 1411 2217 ιῙάηοε

522 2260 605 2324 attat
629 2261 703 2324 eald
719 2260 952 2344 kietcpiueto'so't
967 2260 1178 2344 napata-carpo.

392 2400 463 2468 Nos
487 2403 642 2484 magister
659 2400 844 2485 Stephanus
870 2398 956 2466 filius
972 2399 1071 2466 Pauli
1096 2400 1234 2467 condam
1253 2403 1338 2487 bani,
1362 2426 1409 2469 co-

284 2531 351 2574 mes
377 2510 416 2575 de
442 2509 589 2576 Zabolch
605 2515 637 2574 et
654 2515 797 2594 quatuor
812 2510 933 2575 iudices
949 2510 1104 2575 nobilium
1122 2511 1265 2577 eiusdem
1282 2513 1409 2578 comita·

283 2625 336 2682 tus
353 2618 466 2684 damus
481 2640 541 2703 pro
558 2619 721 2701 memoria,
747 2618 834 2701 quod
851 2620 1020 2684 constituti
1037 2640 1146 2684 coram
1156 2620 1249 2685 nobis
1267 2642 1411 2704 persona·

282 2726 360 2789 liter
385 2725 427 2790 ab
451 2748 517 2791 una
541 2731 635 2810 parte
661 2723 838 2809 Geburyen
862 2725 947 2791 filius
964 2724 1129 2792 Johannis
1146 2734 1242 2812 parte
1272 2751 1347 2795 vero
1372 2729 1409 2794 ab

282 2833 387 2897 altera
402 2831 572 2898 Johannes
597 2833 703 2900 dictus
718 2835 852 2919 Langen
868 2834 953 2900 filius
977 2837 1123 2920 magistri
1148 2837 1315 2922 Stephani,
1340 2860 1407 2921 pro-

284 2942 425 3024 positum
451 2942 561 3007 extitit
585 2965 643 3026 per
668 2943 805 3008 eundem
831 2949 906 3008 ante
937 2945 1068 3027 dictum,
1094 2945 1181 3028 quod
1206 2967 1306 3011 causa
1331 2946 1411 3030 quod

284 3051 370 3114 inter
397 3071 450 3114 eos
476 3072 539 3134 quo
559 3051 772 3133 usquemodo
789 3051 903 3117 suisset
922 3057 1035 3118 exorta
1054 3075 1110 3118 seu
1135 3055 1307 3120 sentilla-ta
1323 3075 1411 3138 super

284 3159 506 3224 destruccione
531 3161 741 3243 possessionis
765 3161 907 3226 eiusdem
927 3184 982 3226 seu
1008 3163 1239 3248 captivatione,
1264 3186 1324 3248 per
1350 3185 1409 3228 mc-

285 3267 374 3331 diurn
391 3267 566 3350 proborum
583 3268 724 3332 virorum
735 3269 892 3334 nobilium
903 3271 1016 3336 taliter
1026 3271 1189 3336 duxerunt
1206 3271 1411 3337 concordasse

288 3375 374 3458 quod
400 3375 502 3441 fomes
529 3376 594 3440 odii
619 3399 676 3460 per
701 3375 842 3443 medium
860 3381 1002 3461 ipsorum
1029 3381 1234 3463 exstirpetur,
1253 3381 1339 3444 idem
1358 3379 1412 3445 Jo-

284 3484 407 3548 hannes
424 3483 630 3566 supradictus
655 3491 828 3566 prenotato
846 3484 1017 3571 Oeburyen
1042 3483 1124 3573 (igy)
1141 3487 1183 3552 ad
1199 3489 1331 3572 plenum
1346 3508 1411 3572 per-

285 3592 382 3657 solvit
407 3613 463 3656 sex
488 3614 614 3658 marcas
631 3597 663 3657 et
680 3592 720 3657 de
738 3594 796 3657 triti
813 3593 899 3660 facto
917 3595 1052 3660 eundem
1069 3595 1095 3660 J
1095 3596 1255 3661 ohannem
1273 3596 1409 3661 reddidit·

284 3701 412 3783 penitus
429 3699 632 3784 expeditum
649 3701 728 3765 item
739 3701 923 3767 antedictus
935 3700 1109 3788 Geburycn
1120 3705 1277 3788 obligavit
1288 3727 1321 3771 se
1331 3702 1412 3788 quod

285 3808 544 3892 quandocunque
567 3830 719 3892 processu
744 3814 927 3894 temporum
952 3833 1082 3876 causam
1109 3835 1182 3877 cum
1208 3813 1321 3880 eodem
1335 3813 1410 3879 inia-

224 3917 225 3920 ’
283 3922 371 3982 caret
387 3923 505 3981 extunc
520 3917 639 3982 iudicio
656 3917 816 3982 calumnie
832 3919 1019 3985 subiacebit.
1031 3917 1154 3986 Datum
1164 3922 1198 3985 in
1214 3923 1293 3988 villa
1304 3921 1410 3998 Kella,

284 4028 318 4090 in
336 4026 388 4090 die
404 4023 615 4091 Ascensionis
632 4025 754 4092 domini
773 4029 806 4091 in
828 4031 1081 4112 congregacione
1113 4030 1257 4113 generali
1272 4027 1411 4112 Philippi

284 4135 421 4218 palatini
447 4155 545 4217 quam
561 4133 737 4199 celebravit
753 4157 819 4200 una
835 4157 906 4200 cum
923 4137 1086 4202 nobilibus
1107 4139 1281 4203 comitatus
1300 4138 1340 4203 de
1355 4134 1411 4201 Za-

285 4241 391 4325 bolch‚
409 4263 493 4308 anno
510 4242 631 4308 domini
646 4242 702 4307 Μο
713 4240 815 4340 0000
830 4243 923 4309 XX⁰
933 4252 1058 4328 quarto,

391 4387 521 4436 zartatdn
541 4387 808 4454 pecstttdreddkke15
831 4390 961 4455 credetije
983 4406 1000 4440 a
1013 4392 1045 4442 N.
1069 4393 1261 4456 Muzeumban‚
1275 4408 1292 4443 a
1312 4392 1408 4452 Kallay

286 4494 321 4527 cs.
336 4479 409 4528 lban.
429 4477 523 4528 Kczn:
537 4479 662 4543 Tagauyi
674 4479 707 4528 K.

777 4657 931 4669 *—
