3154 5474
377 428 440 488 524
734 439 921 488 6111016061
942 429 1160 488 0611161116.

377 627 514 689 cumque
538 606 611 690 ipsa
627 624 724 670 causa
748 603 956 688 multipharie
976 602 1152 687 multisque
1170 601 1273 668 modis
1288 622 1343 686 per
1358 600 1477 666 (11161606

375 716 531 782 terminos
563 719 596 781 et
620 717 853 799 consequenter
879 712 920 777 ad
951 717 1081 778 octavas
1113 712 1199 778 beati
1216 710 1382 779 Michaelis
1403 711 1477 777 aroh-

375 823 483 906 angeli
508 844 593 890 anno
619 818 925 890 (101111111111οΟ000
950 819 1042 886 XX⁰
1067 843 1152 888 nono
1177 823 1267 886 iuxta
1291 821 1477 905 complurium

373 933 541 1000 literarum
566 937 751 998 nostrarum
775 929 913 996 formam
944 935 977 997 et
1001 929 1118 997 abinde
1148 931 1305 1013 magistro
1335 927 1476 1014 Stephano

374 1043 502 1108 notario
519 1042 640 1108 domini
656 1043 743 1124 regis
760 1040 892 1126 speciali
915 1042 948 1106 in
973 1063 1114 1125 persona
1139 1041 1241 1125 ipsius
1257 1041 1398 1123 magistri
1412 1037 1476 1103 Ole-

373 1150 429 1215 nik
446 1172 519 1216 cum
536 1148 770 1215 sufficientibus
787 1149 1021 1233 procuratoriis
1037 1151 1140 1215 literis
1156 1147 1321 1232 regalibus
1336 1155 1366 1212 et
1380 1168 1477 1212 meno·

374 1264 446 1324 rato
462 1259 618 1340 magistro
637 1255 758 1343 Cheley
773 1255 840 1322 filio
861 1256 990 1323 Nicolai
1017 1259 1149 1342 propria
1173 1258 1207 1322 in
1230 1277 1368 1341 persona
1392 1275 1477 1321 coram

371 1367 464 1433 uobis
482 1367 665 1432 constitutis
692 1366 873 1433 volentibus
890 1373 923 1432 et
948 1367 1133 1451 petentibus
1149 1367 1298 1452 partibus
1319 1366 1358 1430 ad
1373 1371 1477 1430 octava

371 1476 458 1542 beati
477 1475 567 1560 Galli
583 1475 785 1560 confessoris,
810 1479 889 1542 tunc
909 1477 1056 1561 proxime
1073 1481 1245 1561 sequentes
1263 1475 1331 1541 siue
1347 1477 1478 1540 crastina-

372 1585 462 1651 cione
485 1584 618 1670 aliquali
644 1585 686 1649 ad
711 1585 939 1669 peremtoriam
964 1585 1205 1670 responsionem
1231 1583 1406 1648 faciendam
1421 1605 1478 1667 pro·

370 1699 488 1778 rogata
520 1694 680 1760 extitisset
706 1694 765 1759 sub
790 1694 853 1759 hac
878 1693 989 1778 forma,
1016 1700 1053 1760 ut
1078 1692 1263 1777 ubicunque
1290 1693 1359 1777 ipsa
1383 1691 1479 1774 regalis

369 1803 552 1886 benignitas
568 1803 603 1868 in
620 1802 714 1869 dictis
731 1803 851 1868 octavia
877 1803 963 1868 beati
980 1799 1071 1869 Galli
1089 1801 1282 1868 confessoris
1298 1800 1477 1887 presenciali-

371 1917 421 1977 ter
448 1912 592 1977 extiterit
622 1911 668 1977 ibi
699 1911 856 1996 presentis
882 1932 978 1977 cause
1010 1910 1083 1977 finis
1113 1911 1344 1995 imponeretur,
1372 1909 1477 1975 litteus

372 2023 479 2086 autem
510 2019 666 2104 Phylippi
701 2019 865 2104 quondam
896 2021 1043 2104 magistri
1074 2019 1338 2086 thavernicorum
1371 2018 1477 2083 domne

368 2127 480 2210 regine
497 2127 623 2194 comitis
640 2127 679 2191 de
696 2125 820 2210 Soepus
847 2133 880 2192 et
895 2127 935 2192 de
954 2127 1089 2212 Wywar
1104 2127 1187 2194 bone
1204 2128 1358 2193 memorie
1373 2132 1402 2192 et
1416 2125 1479 2190 duas

369 2237 450 2302 alias
476 2235 603 2301 litteras
634 2256 714 2320 quas
747 2234 833 2300 idem
864 2235 1019 2319 magister
1045 2234 1168 2322 Oheley
1199 2236 1337 2321 capituli
1367 2234 1480 2300 ecclesie

368 2341 540 2428 Agriensis
556 2342 692 2429 predicti
709 2342 778 2410 fore
793 2343 959 2410 fatebatur
985 2365 1048 2428 que
1072 2345 1106 2409 in
1131 2363 1189 2410 sua
1213 2343 1296 2408 serie
1312 2363 1422 2408 nomen
1436 2361 1480 2406 seu

369 2454 501 2520 titulum
530 2453 633 2537 ipsius
659 2453 793 2536 capituli
828 2473 891 2518 non
919 2452 1142 2536 exprimebant
1176 2451 1235 2518 sub
1268 2451 1372 2536 capite
1396 2447 1476 2530 sigili

368 2564 469 2628 nostri
485 2563 517 2626 in
534 2561 707 2646 trapellum
722 2561 863 2628 inclusas
888 2561 1034 2646 prefatus
1050 2563 1206 2644 magister
1222 2557 1345 2645 Oheley
1360 2560 1391 2624 in
1406 2557 1477 2622 dioto

368 2672 505 2738 termino
522 2672 610 2738 omui
625 2671 794 2737 occasione
810 2671 992 2755 postposita
1008 2671 1174 2736 exhiberet
1194 2691 1303 2736 coram
1328 2667 1417 2734 nobis
1430 2665 1477 2730 tali

367 2779 494 2846 vinculo
510 2781 712 2865 interposito,
738 2779 827 2864 quod
843 2780 869 2845 61
885 2781 973 2864 ipsas
989 2779 1102 2846 literas
1127 2779 1278 2844 exhibere
1294 2799 1359 2842 nou
1383 2778 1476 2860 posset

366 2891 415 2954 vel
432 2889 568 2954 alicuius
585 2889 762 2954 occasionis
781 2889 888 2954 colore
904 2889 1062 2972 acquisito
1088 2888 1239 2954 exhibere
1263 2907 1329 2952 non
1355 2887 1475 2964 curaret,

367 2997 530 3064 universas
555 2998 728 3082 premissas
744 2998 961 3082 possessiones
986 3019 1006 3064 a
1032 3019 1065 3064 se
1089 2998 1278 3082 peripsum
1303 2997 1478 3079 magistrum

369 3104 503 3192 Chenyk
533 3107 750 3191 recaptivatas
782 3106 947 3172 amitteret
973 3127 1009 3172 eo
1034 3106 1140 3188 facto,
1173 3104 1216 3172 ad
1241 3105 1330 3189 quod
1354 3126 1387 3170 se
1409 3101 1479 3168 idem

368 3215 523 3297 magister
539 3213 659 3300 Oheley
676 3220 854 3299 spontanea
880 3215 1043 3298 obligarat
1069 3235 1178 3280 coram
1203 3214 1298 3280 nobis
1323 3211 1480 3290 1011111610,

369 3329 401 3388 61
417 3325 493 3388 11061
510 3323 598 3390 dicta
614 3345 710 3390 causa
726 3324 842 3390 abinde
860 3323 1042 3390 volentibus
1058 3323 1207 3408 partibus
1230 3323 1328 3389 modo
1345 3319 1479 3388 dilatoria

368 3430 427 3496 sub
444 3432 555 3498 eodem
572 3437 660 3498 statu
675 3433 716 3498 ad
733 3433 912 3517 quindenas
929 3433 994 3498 diei
1010 3431 1165 3498 Oinerum
1181 3433 1371 3516 devenisset,
1387 3437 1480 3497 1611161

366 3539 445 3624 ipsis
477 3540 648 3624 quindenis
689 3540 753 3606 diei
784 3538 939 3607 (linerum
970 3540 1214 3608 advenientibus
1255 3540 1481 3626 prenominatus

367 3649 522 3731 magister
546 3643 666 3735 Oheley
697 3648 783 3715 filius
808 3648 938 3716 Nicolai
963 3654 1125 3735 protactas
1150 3649 1278 3715 litteras
1308 3648 1367 3715 sub
1392 3647 1479 3730 capite

367 3756 465 3839 sigilli
481 3758 584 3824 nostri
600 3757 634 3821 in
650 3759 826 3842 trapellum
850 3759 989 3824 inclusas
1019 3737 1203 3825 nullatenus
1220 3778 1331 3824 coram
1348 3757 1436 3822 nobis
1449 3753 1480 3818 ad

366 3865 520 3930 iudicium
542 3866 667 3932 curavit
691 3866 857 3952 exhibere3
888 3868 974 3934 unde
1000 3868 1077 3953 quia
1101 3868 1170 3953 ipse
1194 3869 1352 3952 magister
1377 3863 1481 3945 Oheley

366 3975 502 4058 propria
519 3980 552 4040 et
576 3980 756 4060 spontanea
782 3999 840 4042 sua
856 3976 1024 4044 voluntate
1049 3999 1083 4044 se
1099 3979 1256 4062 premisso
1271 3975 1401 4042 vinculo
1416 3971 1483 4040 obli·

366 4085 459 4164 garat
483 4087 520 4149 ut
552 4085 578 4149 si
603 4083 782 4169 prelibatas
811 4085 940 4152 litteras
970 4087 1120 4170 magistri
1149 4085 1298 4172 Philippi
1332 4082 1481 4170 quondam

366 4190 512 4274 magistri
529 4191 792 4258 thavarnicorum
808 4192 1001 4276 reginalium
1017 4215 1056 4261 ac
1071 4195 1150 4260 alias
1166 4195 1248 4260 duas
1272 4193 1384 4262 literas
1414 4211 1482 4277 quas

366 4300 536 4364 memorati
553 4299 687 4384 capituli
699 4296 869 4384 Agriensis
881 4323 950 4368 esse
961 4301 1146 4387 proferebat
1156 4323 1272 4368 nomen
1289 4324 1346 4369 seu
1361 4300 1480 4368 titnlrun

364 4405 466 4490 ipsius
482 4406 614 4491 capituli
630 4408 664 4472 in
681 4430 714 4472 se
730 4430 795 4474 non
821 4411 1021 4476 continentes
1046 4413 1080 4475 in
1105 4409 1282 4496 trapellum
1306 4411 1367 4478 sub
1388 4410 1481 4494 capite

364 4512 463 4596 sigilli
480 4516 582 4581 nostri
599 4516 740 4584 inclusas
756 4540 820 4584 non
846 4518 1011 4585 exhiberet
1034 4521 1084 4585 vel
1110 4519 1260 4585 exhibere
1281 4541 1347 4584 non
1366 4523 1481 4585 curaret

364 4622 416 4687 vel
440 4645 505 4691 uon
530 4631 647 4710 posset,
666 4629 837 4712 premissas
867 4630 1084 4717 possessiones
1109 4651 1128 4696 a
1153 4651 1186 4696 se
1211 4630 1427 4719 recaptivatas
1450 4649 1480 4693 eo
