3132 5470
553 479 646 541 1327.
663 496 734 540 arur.
752 480 803 540 21.
1175 482 1238 544 283

118 681 208 744 quam
222 656 413 740 magnificus
430 658 477 723 vir
494 655 636 723 Thomas
651 656 1068 740 woyuodaTranssilvanus
1085 665 1117 724 et
1134 680 1239 724 comes

118 769 153 833 de
168 766 308 833 Zounuk
323 765 409 831 lilius
425 765 588 850 quondam
604 767 752 850 magistri
767 765 915 832 Farcasii
931 765 1069 831 dilectus
1087 774 1119 833 ot
1134 765 1238 832 fidelis

119 883 221 942 noster
236 898 314 960 erga
329 881 473 967 nostram
489 876 692 941 maiestatem
707 895 899 959 sacrumque
915 879 1062 941 nostrum
1088 873 1238 941 diadema

118 989 297 1052 constanter
311 984 455 1050 noscitur
470 984 622 1049 habuisse
647 983 887 1050 considerantes
904 985 1004 1050 eciam
1020 983 1148 1049 labores
1164 1005 1237 1048 con·

118 1094 219 1158 tinuos
244 1097 278 1157 et
302 1113 401 1158 onera
425 1113 638 1176 expensarum
661 1115 724 1176 que
739 1092 782 1158 ad
798 1092 954 1157 honorem
970 1093 1072 1158 nostri
1089 1092 1238 1157 culminis

118 1201 247 1267 subiisse
272 1200 431 1285 probatur
455 1222 579 1267 necnon
599 1202 677 1267 satis
693 1206 788 1285 grata
801 1202 960 1266 immensa
976 1205 1009 1266 et
1025 1207 1159 1284 accepta
1175 1221 1237 1264 ser·

117 1311 194 1376 vicia
218 1332 281 1394 que
306 1311 411 1394 ipsum
436 1333 456 1374 a
480 1315 626 1394 tempore
651 1331 708 1376 sne
733 1310 954 1376 adolescencie
979 1309 1071 1374 nobis
1089 1315 1122 1375 et
1137 1331 1236 1393 regno

117 1424 219 1484 nostro
243 1420 278 1486 in
303 1417 436 1484 dirersis
453 1417 715 1503 expedicionibus
731 1424 764 1484 et
779 1418 915 1504 agendis
931 1419 1105 1502 plurimum
1122 1436 1237 1500 oppor-

117 1529 196 1592 tunis
211 1533 244 1593 et
258 1527 432 1593 admodum
457 1529 644 1594 necessariis
669 1551 743 1594 cum
759 1527 913 1594 effusione
929 1529 977 1594 sui
994 1528 1156 1610 anagninis
1177 1545 1236 1609 pro

116 1637 309 1702 exaltacione
334 1638 437 1702 nostri
461 1637 627 1720 regiminis
652 1643 685 1704 et
705 1637 836 1703 honoris
852 1658 911 1720 pro
928 1636 1187 1719 reintegraoione
1204 1639 1237 1698 et

116 1751 284 1828 augmento
309 1745 486 1831 reipublice
511 1769 549 1812 ac
573 1747 807 1813 reformacione
822 1748 911 1832 pacis
926 1747 960 1811 in
976 1768 1076 1829 regno
1091 1742 1237 1810 laudabi-

115 1854 185 1918 liter
200 1853 382 1920 exhibuisse
400 1857 614 1939 cognovimus,
631 1857 831 1922 incessanter
847 1855 997 1921 exhibere
1022 1854 1178 1919 sentimus
1203 1852 1237 1916 in

117 1963 253 2045 presenti
278 1970 310 2029 et
336 1964 553 2030 exhibiturum
578 1987 637 2050 pro
662 1963 754 2030 firmo
784 1965 942 2030 credimus
966 1963 1178 2043 infuturum,
1204 1962 1238 2024 in

116 2071 441 2156 recompensacionem
471 2094 601 2139 suorum
632 2074 838 2138 serviciorum
869 2072 1044 2157 aliqualem
1070 2071 1234 2154 cupientes

115 2181 212 2262 ipsum
227 2179 346 2246 favoris
357 2181 459 2246 nostri
469 2187 502 2246 et
514 2183 622 2264 gracie
638 2181 838 2265 plenitudine
854 2181 1005 2265 prosequi
1020 2185 1053 2245 et
1069 2178 1232 2263 amplecti,

115 2288 186 2352 licet
216 2290 401 2355 estimemus
432 2291 584 2374 exignum
608 2289 702 2355 valde
727 2295 759 2354 et
785 2290 868 2354 exile
893 2289 1058 2354 rideamus
1083 2285 1231 2372 quesibi

115 2397 244 2464 facimus
273 2401 308 2464 in
339 2400 481 2483 presenti
511 2399 626 2465 horum
657 2407 806 2486 respectu
832 2421 894 2484 que
918 2397 1106 2484 impendere
1132 2395 1235 2461 eidem

115 2507 304 2573 intendimus
330 2508 363 2572 in
387 2512 560 2592 posterum,
576 2513 685 2574 tamen
701 2513 739 2574 ut
754 2509 920 2593 paulisper
949 2507 1033 2572 votis
1049 2507 1117 2570 eius
1134 2525 1234 2570 annu·

113 2636 199 2694 arnus
224 2616 427 2699 supradictas
441 2615 620 2682 infidelium
637 2623 820 2684 nostrorum
844 2639 883 2683 ac
907 2616 1071 2700 prenotati
1086 2613 1236 2680 Ladizlai

116 2725 324 2806 possessiones
348 2726 539 2790 nominatim
565 2747 729 2808 expressas
756 2731 788 2790 et
808 2725 952 2810 generali
968 2723 1056 2790 lacta
1072 2723 1237 2788 mancione

113 2832 201 2898 modo
218 2836 371 2918 premisso
388 2835 615 2900 universaliter
625 2837 870 2920 comprehensas
886 2835 1070 2918 ubicunque
1086 2835 1120 2897 in
1145 2853 1233 2916 sepe-

115 2938 195 3005 dicto
220 2964 319 3026 regno
345 2949 456 3008 nostro
481 2944 653 3008 existentes
679 2949 846 3027 tamquam
871 2942 913 3007 ad
928 2964 987 3007 nos
1003 2942 1042 3006 de
1058 2942 1128 3006 iure
1145 2939 1238 3006 devo·

114 3048 195 3115 lntas
220 3056 253 3115 et
278 3050 447 3117 collacioni
467 3056 576 3116 nostre
592 3053 791 3135 pertinentes
808 3103 814 3118 .
833 3103 839 3116 .
856 3051 1026 3117 submotis
1043 3056 1076 3114 et
1091 3049 1237 3114 terminis

115 3157 225 3240 quibus
255 3181 313 3242 per
343 3161 408 3224 iam
439 3160 543 3225 dictos
572 3158 717 3225 infideles
743 3165 870 3226 nostros
895 3179 1019 3224 necnon
1044 3157 1237 3223 Ladizlaum

114 3272 313 3347 prenotatum
331 3267 440 3332 eedem
457 3267 567 3333 habite
585 3269 763 3334 extiterunt
779 3274 812 3333 et
828 3289 971 3352 possesse
988 3266 1091 3332 eidem
1112 3265 1236 3330 Thomc

113 3375 259 3458 woyuode
276 3425 282 3440 .
300 3425 307 3441 .
324 3375 363 3440 de
380 3377 512 3442 oonsilio
530 3381 562 3441 et
578 3377 788 3442 connirencia
812 3376 1011 3459 prelatorum
1029 3379 1061 3440 et
1077 3374 1235 3439 baronum

113 3489 291 3550 nostrorum
316 3484 589 3567 predictorum..
615 3485 803 3551 donavimus
830 3535 836 3550 .
861 3533 868 3550 .
895 3489 1000 3550 totum
1032 3483 1082 3547 ius
1117 3487 1236 3548 totam-

112 3612 170 3674 que
186 3591 418 3676 proprietatem
435 3598 469 3658 et
484 3592 658 3660 dominium
684 3593 982 3678 prenominatorum
999 3590 1235 3674 possessionum

112 3699 142 3762 in
156 3703 260 3784 ipsum
276 3700 436 3768 Thomam
452 3687 640 3787 uoyuodam
657 3711 688 3768 et
704 3723 779 3768 suos
795 3701 929 3768 heredes
956 3722 1081 3765 exnunc
1105 3701 1138 3764 in
1164 3720 1235 3782 per-

112 3813 239 3890 petuum
260 3808 492 3876 transferentes
509 3863 515 3875 .
532 3861 538 3876 .
555 3810 680 3877 Datum
705 3833 763 3896 per
787 3833 902 3876 manus
927 3809 1058 3874 discreti
1084 3809 1144 3872 viri
1169 3831 1235 3874 ma·

113 3916 200 3999 gistri
225 3913 359 3982 Andree
383 3920 540 4002 prepositi
564 3915 720 3984 Albensis
745 3919 819 3986 aule
843 3923 952 3984 nostre
978 3917 1234 3982 vicecancellarii

112 4023 216 4090 dilecti
242 4031 274 4089 et
299 4023 404 4090 fidelis
428 4029 540 4110 nostri,
566 4049 651 4093 anno
676 4025 990 4104 dominiMillesimo
1007 4023 1106 4091 000ο
1121 4024 1234 4089 ΧΧωο

111 4134 250 4218 septimo,
267 4135 457 4202 duodecimo
473 4136 629 4202 kalendas
644 4133 669 4201 J
672 4137 748 4220 unii,
768 4137 860 4220 regni
885 4141 995 4201 autem
1021 4135 1123 4200 nostri
1148 4156 1233 4199 anno

112 4242 254 4309 similiter
269 4245 422 4326 vigesimo
448 4246 602 4329 septim03
628 4245 866 4311 venerabilibus
886 4245 920 4308 in
936 4241 1067 4308 Christo
1086 4243 1234 4325 patribus

111 4348 241 4418 dominis
266 4352 419 4419 Bolezlao
445 4351 659 4437 Strigoniensi
690 4359 723 4418 et
754 4352 855 4418 fratre
880 4352 1036 4418 Ladizlao
1063 4349 1232 4417 Colocensi

111 4461 362 4546 archiepiscopis,
387 4462 412 4528 J
413 4463 538 4528 ohanne
556 4461 742 4546 Nitriensis,
768 4459 910 4546 Georgio
928 4461 967 4526 de
984 4464 1096 4526 sancto
1113 4460 1231 4542 Irineo,

110 4565 206 4635 fratre
220 4569 322 4636 Petro
338 4570 524 4653 Bonnensis‚
541 4569 720 4635 Benedicto
741 4568 984 4650 Ohanadiensis,
1000 4568 1135 4633 Iwanha
1150 4567 1231 4631 Wa-

110 4675 269 4761 radiensis,
300 4677 458 4744 Ladizlao
493 4676 836 4763 Quinqueeclesiensis,
868 4677 1007 4744 Nicolao
1038 4675 1231 4759 dauriensis,
