3172 5462
581 509 674 570 1324.
692 526 766 570 aar.
785 511 813 570 9.
1195 513 1257 572 167

122 684 499 770 Vyuarexistentes..ei
518 687 750 772 dignaremur.
767 736 774 750 .
791 686 1015 752 confirmare..
1033 687 1176 771 capitulo
1187 683 1257 770 Ag-

120 795 222 860 riensi
239 845 246 860 .
263 845 270 860 .
288 801 326 860 ut
343 845 349 860 .
367 843 374 860 .
390 795 486 861 homo
503 801 612 861 noster
628 793 688 860 sub
700 815 811 859 eorum
827 796 1013 860 testimonio
1029 796 1170 880 perfora
1186 796 1258 860 illa-

119 925 195 968 rum
220 903 368 986 parcium
383 901 505 967 faceret
520 902 715 986 proclamari
732 907 769 966 ut
785 903 813 967 si
830 903 885 986 qui
906 903 1070 986 predictas
1085 904 1259 986 possessio·

119 1033 177 1077 nes
193 1013 307 1094 aliquo
323 1012 421 1077 titulo
438 1034 513 1077 suas
530 1033 599 1077 esse
615 1011 821 1076 declararent
831 1011 968 1076 liberam
977 1010 1121 1077 babeant
1137 1011 1258 1094 abipso

119 1119 278 1184 Johanne
305 1119 433 1185 casdem
458 1119 637 1185 redimendi
667 1119 859 1184 facultatem
889 1117 1043 1202 factaque
1073 1118 1259 1184 huiusmodi

118 1229 382 1311 proclamacioue
399 1229 426 1294 si
442 1229 552 1294 nullus
569 1228 789 1294 contradictor
799 1233 973 1310 appareret
989 1227 1117 1294 easdem
1133 1249 1257 1312 posses-

117 1337 228 1401 siones
254 1343 415 1402 statueret
439 1337 586 1420 predicto
612 1334 760 1401 Johanni
786 1341 943 1420 perpetuo
959 1335 1180 1420 possidendae,
1195 1358 1254 1420 per
1301 1387 1302 1390 ,

116 1445 251 1508 litteras
276 1450 405 1509 nostras
431 1445 680 1526 mandassemus,
705 1443 837 1509 tandem
860 1443 946 1508 idem
963 1444 1143 1526 capitulum
1161 1443 1254 1510 nobis

113 1553 285 1634 rescripsit
295 1553 329 1616 in
338 1552 398 1616 hec
408 1552 521 1617 verba:
539 1549 612 1635 (1.1.
622 1551 750 1636 Karoly
760 1551 932 1636 kiralynak
950 1555 1044 1616 1323.
1061 1573 1131 1618 nov.
1152 1556 1249 1618 lli-an

112 1659 185 1724 kelt
200 1659 383 1723 reudeletet
399 1659 534 1724 fontebb
555 1664 657 1723 91.sz.
674 1680 710 1740 a,
721 1659 777 1724 hol
794 1681 830 1724 az
848 1661 916 1741 egri
932 1659 1156 1742 kaptalannak
1173 1681 1249 1724 enen

112 1768 157 1830 itt
167 1771 250 1831 atirt
263 1771 356 1831 1323.
367 1767 539 1832 decflt-en
549 1767 782 1850 keltjelentese
792 1768 914 1831 sainten
925 1765 1124 1852 emlittetik.)
1135 1767 1253 1832 Postu-

114 1875 208 1938 lante
227 1895 358 1958 quoque
374 1874 487 1940 eodem
502 1875 528 1940 J
529 1875 656 1940 ohanne
673 1896 692 1938 a
708 1880 819 1940 nostra
835 1875 1027 1939 celsitudine
1047 1875 1149 1940 eidem
1167 1876 1253 1958 capi-

111 1982 186 2046 tulo
203 1980 359 2065 Agrieusi
375 1983 596 2048 mediantibus
606 1983 678 2047 aliis
688 1983 808 2047 litteris
819 1983 939 2047 nostris
956 1983 1101 2058 dedimus
1117 1985 1151 2047 in
1162 2005 1251 2048 mau-

111 2089 257 2171 datis‚ut
273 2089 332 2154 sub
343 2112 452 2155 eorum
463 2092 647 2156 testimonio
657 2089 803 2174 prefatus
813 2090 1010 2160 Valentinus
1021 2099 1079 2156 aut
1088 2091 1249 2157 Lucceius

110 2197 210 2262 homo
238 2205 346 2262 noster
371 2221 467 2282 super
493 2221 530 2264 eo
557 2205 667 2264 utrum
683 2201 788 2282 ipsum
813 2198 1001 2264 Johaunem
1017 2221 1037 2262 a
1053 2199 1249 2265 fundacione
1288 2213 1292 2224 '

110 2312 144 2370 et
172 2305 383 2370 edificacione
407 2307 534 2390 lapidee
552 2308 685 2372 ecclesie
701 2308 735 2370 in
752 2306 839 2370 dicta
855 2307 1054 2388 possessione
1070 2306 1250 2391 Tenkesvy-

109 2415 204 2478 salua
221 2420 338 2478 vocata
354 2435 411 2496 per
422 2415 526 2496 ipsum
535 2415 624 2480 facta
634 2416 735 2499 aliqui
746 2415 988 2499 prohibuissent
1007 2439 1065 2481 nec
1082 2439 1131 2498 ue,
1151 2419 1249 2482 sciret

109 2528 142 2585 et
167 2523 351 2605 inquireret
376 2524 555 2606 veritatem,
581 2523 667 2607 quod
699 2522 829 2605 quidem
860 2523 1040 2606 capitulum
1058 2572 1064 2586 .
1082 2571 1089 2588 .
1105 2523 1200 2588 nobis
1217 2573 1248 2592 ..

108 2631 282 2694 nunciavit
298 2636 335 2694 at
350 2680 357 2695 .
374 2680 381 2694 .
398 2651 418 2694 a
434 2637 581 2714 tempore
592 2652 656 2714 quo
672 2630 756 2695 idem
773 2630 798 2694 J
800 2629 943 2694 ohannes
953 2629 1039 2694 filius
1058 2631 1111 2695 lte
1127 2631 1249 2698 dictam

107 2739 283 2803 ecclesiam
307 2738 470 2820 lapideam
496 2740 529 2803 iu
554 2740 627 2822 ipsa
653 2739 851 2820 possessione
888 2737 1038 2802 edificare
1063 2737 1249 2804 inchoasset

106 2869 209 2930 super
235 2845 429 2911 fundacione
445 2848 545 2931 ipsius
562 2848 695 2912 ecclesie
711 2847 820 2911 nullus
837 2847 1057 2912 contradictor
1074 2849 1248 2913 extitisset·

105 2955 222 3020 Metas
241 2961 350 3019 autem
370 2955 530 3021 dictarum
549 2957 788 3040 possessionum
807 2957 841 3020 in
851 2957 970 3020 litteris
991 2958 1246 3040 privilegialibus

105 3064 187 3128 dicti
199 3063 338 3145 capituli
353 3060 524 3145 Agriensis
533 3064 649 3146 quibus
660 3063 878 3128 mediantibus
890 3086 943 3129 eas
954 3064 1131 3130 declaravit
1136 3069 1244 3149 precio

104 3192 313 3254 comparasse
339 3173 532 3236 monstravit
558 3171 620 3236 hoo
645 3172 758 3236 ordine
775 3172 946 3236 distinctas
963 3173 1125 3238 extitisse:
1141 3175 1246 3257 prima

103 3285 195 3343 meta
212 3277 364 3342 videlicet
379 3279 481 3361 ipsius
498 3279 706 3361 possessionis
727 3277 965 3363 Tcnkesvyfalu
981 3280 1096 3362 incipit
1111 3259 1134 3344 a
1149 3287 1243 3364 parte

102 3387 313 3452 meridionali
328 3387 361 3450 in
387 3387 529 3470 quodam
545 3387 615 3451 loco
635 3387 692 3451 ubi
711 3384 1013 3470 Gurbuchepotaka
1033 3388 1122 3453 cadit
1131 3390 1165 3452 in
1182 3387 1240 3453 flu-

102 3497 193 3560 vium
221 3493 333 3578 Myrfa
361 3501 394 3559 et
419 3500 533 3560 contra
548 3501 691 3559 meatum
710 3494 811 3576 ipsius
828 3493 915 3578 fluvy
931 3494 1042 3580 Myzfa
1082 3495 1186 3560 eundo
1211 3497 1246 3559 in

105 3603 223 3667 eodem
252 3601 339 3666 venit
370 3601 413 3666 ad
444 3607 545 3686 caput
576 3601 720 3666 eiusdem
749 3599 835 3685 fluvy
865 3601 976 3686 Myzfa
1007 3602 1047 3667 de
1078 3625 1142 3686 quo
1174 3625 1244 3667 exe·

102 3709 191 3774 uado
230 3710 350 3774 transit
384 3708 427 3773 ad
463 3708 627 3792 quoddam
652 3707 761 3773 Beroh
789 3709 822 3773 in
853 3715 979 3792 partem
1011 3710 1244 3776 occidentalem

102 3826 135 3882 et
151 3817 265 3899 iungit
291 3823 388 3899 caput
413 3815 500 3900 fluvy
524 3813 766 3901 Apokapotoka
782 3819 941 3882 nominati
957 3819 990 3882 in
1007 3840 1071 3901 quo
1096 3841 1155 3902 per
1179 3841 1243 3883 me·

101 3925 193 3989 dium
228 3923 373 3988 eiusdem
414 3924 637 3990 descendendo
669 3925 775 4008 iungit
806 3927 890 3990 viam
930 3947 1081 4010 magnam
1112 3928 1146 3991 in
1178 3949 1244 4010 qua

99 4033 167 4096 itur·
194 4031 240 4096 ad
266 4029 369 4116 Bana,
396 4039 429 4096 et
455 4053 513 4115 per
538 4033 643 4116 ipsam
667 4033 752 4096 riam
777 4031 957 4098 reflectitur
977 4033 1019 4098 ad
1035 4034 1193 4099 orientem
1210 4040 1243 4098 et

99 4138 304 4205 transeundo
330 4141 516 4224 peripsam
541 4141 628 4206 viam
653 4141 741 4205 venit
768 4141 810 4206 ad
835 4141 998 4224 quendam
1014 4142 1121 4208 locum
1138 4141 1242 4225 ligeth

99 4253 255 4312 vocatum
272 4248 387 4313 etalio
404 4249 534 4314 nomine
559 4247 709 4332 Radymo
735 4256 959 4333 nuncupatum
985 4250 1025 4316 de
1052 4272 1116 4334 quo
1132 4253 1238 4334 vergit

98 4355 141 4420 ad
167 4355 336 4440 quendam
361 4356 484 4422 fontem
508 4358 544 4422 in
569 4378 633 4440 quo
662 4356 751 4422 fonte
785 4357 964 4424 reflectitur
989 4359 1032 4423 ad
1063 4359 1239 4444 meridiem,

98 4471 130 4529 et
168 4463 296 4530 directe
331 4465 434 4529 eundo
469 4486 528 4548 per
563 4464 726 4549 quandam
761 4468 910 4532 semitam
949 4467 1110 4533 modicum
1148 4467 1239 4533 refle-

98 4573 202 4636 ctitur
229 4570 272 4636 ad
298 4572 455 4636 orientem
482 4579 514 4636 et
545 4573 651 4655 iungit
684 4573 844 4656 quendam
874 4574 1024 4640 fruticem
1056 4575 1238 4641 mathurus-

96 4679 264 4768 rokathya
273 4686 424 4748 vocatum
433 4681 467 4745 in
480 4703 544 4769 quo
555 4679 734 4748 reflectitur
743 4683 862 4752 iterato
874 4683 916 4753 ad
927 4682 1095 4752 meridiem
1105 4689 1138 4754 et
1154 4683 1237 4758 dire·
