3154 5474
558 507 653 572 1331.
669 525 740 572 ocr.
757 503 786 572 8.
1168 505 1230 572 563

101 685 249 770 pervenit
265 685 307 753 ad
323 684 487 772 Nogthow
511 686 692 772 predictum
717 692 750 752 et
777 687 863 753 circa
887 686 1045 754 fossatum
1063 708 1122 772 per
1138 687 1226 773 quod

101 799 230 859 meatur
255 816 339 878 aqua
356 796 395 860 dc
411 795 528 880 Lapod
544 794 587 861 ad
602 793 766 880 Nogthow
782 802 831 862 est
849 797 936 862 meta
961 801 1068 863 terrea
1083 800 1116 862 11
1131 797 1233 863 arbor

101 901 200 966 silicis
217 924 312 969 cruce
328 905 456 988 signata
472 925 491 970 a
506 907 600 988 parte
626 903 819 972 occidentali
839 905 929 970 cuius
954 905 1163 972 occidentalis
1182 908 1233 971 est

101 1015 191 1077 terra
206 1013 281 1078 ville
297 1011 424 1078 Bulhas
439 1018 528 1077 terra
551 1035 627 1080 vero
653 1015 818 1080 orientalis
844 1017 990 1080 remanet
1015 1019 1102 1080 terre
1129 1013 1232 1097 Zocb,

102 1117 218 1184 deinde
234 1121 354 1186 transit
378 1121 483 1206 ipsum
500 1118 665 1205 Nogthow
689 1143 801 1188 versus
827 1121 1026 1189 occidentem
1065 1129 1097 1188 11
1112 1124 1147 1189 in
1170 1122 1233 1188 fine

100 1225 203 1310 ipsius
228 1226 392 1311 Nogthow
417 1249 476 1313 per
500 1227 666 1294 metodum
690 1228 832 1296 declinat
857 1231 898 1295 ad
923 1230 1121 1298 occidentem
1147 1232 1233 1296 inter

100 1333 204 1398 terras
221 1334 359 1400 arabiles
375 1336 407 1398 et
422 1336 569 1418 pervenit
584 1334 626 1400 ad
645 1337 821 1420 virgultum
837 1336 893 1403 ubi
908 1339 993 1404 inter
1009 1337 1089 1403 duas
1110 1338 1177 1422 scyl
1202 1343 1234 1401 et

101 1440 147 1504 tul
175 1444 224 1506 est
249 1446 336 1507 meta
352 1447 458 1507 terrea
475 1443 608 1526 antiqua
634 1443 720 1508 circa
737 1465 833 1528 quam
860 1449 969 1510 erecta
986 1449 1034 1510 est
1051 1466 1132 1511 nova
1148 1448 1234 1508 meta

101 1548 230 1632 etipsa
254 1549 352 1616 arbor
382 1550 432 1616 tul
457 1571 553 1616 cruce
578 1550 714 1635 signata,
753 1550 868 1616 deinde
898 1553 1046 1638 pervenit
1076 1551 1119 1618 ad
1149 1551 1234 1616 viam

101 1674 252 1740 magnam
284 1679 385 1742 prope
416 1657 512 1722 finem
542 1659 618 1724 ville
648 1657 771 1725 Balhas
802 1659 858 1725 ubi
889 1681 949 1745 pro
980 1665 1068 1728 meta
1100 1661 1233 1744 antiqua

101 1761 199 1832 arbor
215 1767 314 1832 silicis
331 1767 416 1832 circa
432 1767 522 1832 cuius
546 1771 698 1834 truncum
714 1774 747 1834 et
772 1768 915 1834 radicem
945 1773 1052 1835 erecta
1077 1774 1126 1835 est
1150 1790 1234 1836 nova

101 1876 207 1958 posita
237 1879 325 1940 meta
339 1876 433 1941 iuxta
458 1875 543 1942 viam
562 1875 751 1962 predictam,
784 1876 858 1944 indo
875 1878 994 1943 transit
1019 1878 1122 1963 ipsam
1147 1877 1231 1942 viam

102 1981 144 2049 ad
177 1990 305 2069 partem
331 1983 566 2050 occidentalem
590 1985 738 2050 metatim
763 1990 797 2051 et
821 1986 968 2070 pervenit
993 1985 1035 2051 ad
1060 1985 1182 2050 Eleuer
1197 1986 1231 2050 in

103 2092 208 2175 capite
234 2091 447 2177 Vechengata
472 2099 504 2158 et
529 2113 586 2177 per
610 2091 716 2177 ipsum
741 2091 862 2159 Elauer
888 2093 1033 2160 ascendit
1058 2116 1174 2178 parum
1191 2093 1234 2158 ad

106 2201 370 2284 septemtrionem
396 2205 429 2267 et
444 2201 562 2267 iterum
580 2200 646 2266 exit
662 2200 704 2266 ad
721 2199 921 2267 occidentem
937 2205 969 2267 et
985 2202 1132 2286 pervenit
1147 2201 1231 2267 viam

107 2307 282 2390 quamdam
307 2330 366 2392 per
383 2329 479 2392 quam
503 2309 608 2373 intrat
633 2307 675 2374 ad
701 2307 814 2374 silvam
839 2308 904 2394 byk
919 2330 978 2394 per
994 2315 1097 2374 metas
1113 2313 1235 2374 1111111

103 2417 257 2500 antiquas
281 2416 431 2482 videlicet
447 2422 479 2482 et
500 2437 616 2482 novam
642 2417 728 2482 circa
744 2414 891 2482 arborem
908 2417 1057 2502 gyrthan,
1081 2415 1235 2501 posthoc

106 2523 149 2588 ad
177 2524 313 2590 eandem
339 2528 465 2610 partem
491 2524 723 2590 occidentalem
741 2525 846 2590 eundo
863 2526 982 2592 transit
997 2525 1101 2610 ipsam
1118 2524 1230 2589 silvam

104 2634 146 2700 ad
172 2633 307 2700 fluvium
332 2634 450 2720 Ranya
471 2634 520 2700 'ad
543 2633 738 2720 Boyungata
762 2639 795 2700 et
819 2633 858 2699 de
874 2633 1071 2720 Boyungata
1087 2633 1129 2698 ad
1145 2631 1236 2717 Nog-

103 2763 187 2827 sceg,
203 2742 320 2808 deindo
337 2743 489 2826 gradiens
506 2742 626 2807 directe
643 2741 685 2808 ad
710 2743 791 2808 duas
807 2742 939 2809 arbores
955 2743 1006 2809 tul
1023 2763 1116 2808 cruce
1132 2743 1237 2826 signa·

103 2859 154 2918 tas
179 2851 238 2918 ubi
262 2857 337 2918 sunt
361 2857 447 2917 mete
471 2855 558 2917 terre
583 2853 718 2936 antique
734 2851 884 2918 videlicet
901 2858 934 2918 et
950 2873 1031 2919 nova
1048 2853 1134 2918 circa
1149 2852 1233 2918 viam

101 2981 161 3044 per
178 2982 276 3045 quam
291 2961 357 3026 itur
373 2960 416 3026 ad
433 2959 593 3044 Ohorgow
618 2963 651 3026 et
675 2959 717 3026 ab
741 2959 818 3025 hinc
842 2981 900 3043 per
924 2960 1029 3045 ipsam
1044 2961 1129 3026 viam
1145 2959 1236 3025 vadit

101 3090 205 3154 usque
230 3073 334 3135 metas
359 3068 433 3134 ville
459 3066 587 3153 Syntha
612 3067 701 3133 cuius
725 3089 803 3151 pars
828 3068 1047 3135 meridionalis
1073 3075 1123 3135 est
1146 3071 1237 3134 terra

100 3176 229 3242 Balhas
262 3197 336 3261 pars
361 3198 437 3243 vero
470 3176 745 3260 septemtrionalis
776 3183 922 3243 remanet
953 3181 1040 3243 terre
1072 3175 1174 3263 Zocb,
1199 3182 1233 3243 et

101 3291 178 3370 post
203 3283 331 3370 Syntha
356 3283 397 3350 ad
424 3284 687 3367 septemtrionem
713 3283 800 3350 cadit
824 3285 858 3350 in
882 3285 967 3351 viam
992 3305 1144 3369 magnam
1178 3305 1235 3369 per

104 3415 206 3477 quam
232 3394 301 3459 itur
332 3393 372 3459 de
398 3391 557 3476 Ohorgow
587 3390 629 3456 ad
654 3389 782 3476 Segusd
813 3395 845 3458 et
870 3393 917 3460 sic
940 3414 999 3478 per
1022 3394 1236 3478 ipsamaviam

104 3503 250 3568 declinat
266 3502 308 3568 ad
334 3503 491 3569 orientem
510 3506 542 3566 et
558 3502 704 3586 pervenit
723 3500 766 3567 ad
781 3499 963 3568 Balatatew
989 3507 1022 3568 et
1046 3524 1105 3588 per
1128 3502 1233 3587 ipsam

100 3613 187 3677 viam
205 3607 456 3695 Segusdiensem
481 3610 588 3676 veniet
610 3610 653 3676 ad
678 3610 834 3676 orientem
859 3611 967 3678 veniet
990 3633 1092 3696 usqne
1116 3611 1237 3676 Elever

99 3719 288 3805 predictum
305 3724 337 3785 et
353 3719 430 3785 dum
446 3719 513 3784 exit
529 3717 569 3784 de
585 3717 702 3784 Elaver
719 3717 859 3783 declinat
879 3715 918 3783 de
943 3718 1015 3802 ipsa
1037 3737 1160 3802 ‘magna
1186 3718 1236 3783 via

99 3832 133 3894 et
148 3828 251 3895 vertit
267 3826 309 3894 ad
334 3829 421 3893 viam
437 3824 610 3893 Geztbinei
637 3830 670 3891 et
695 3825 740 3890 111
755 3825 902 3890 metatim
918 3823 1076 3890 veniendo
1094 3825 1237 3909 quinque

98 3939 283 4022 permotas
301 3939 424 4001 terreas
449 3955 593 4020 unquam
615 3931 745 4017 quidem
770 3952 829 4016 per
853 3933 986 4000 arbores
1012 3954 1107 3999 cruce
1132 3932 1237 4018 signa·

98 4051 151 4110 tas
175 4043 328 4130 graditur
344 4065 403 4128 per
419 4041 555 4110 eandem
570 4042 655 4108 viam
671 4040 770 4106 vertit
780 4061 814 4106 se
831 4062 940 4107 versus
956 4041 1125 4108 meridiem
1141 4042 1238 4126 palis·

98 4173 159 4238 per
178 4158 215 4219 et
229 4153 378 4238 pervenit
402 4151 445 4217 ad
463 4151 601 4236 primam
627 4170 685 4214 seu
708 4149 921 4234 principalem
945 4153 1083 4231 metam3
1113 4155 1238 4236 postre-

98 4283 191 4328 mum
209 4259 400 4345 principalis
425 4265 515 4327 meta
540 4265 625 4324 terre
641 4255 777 4322 Bennelr
800 4257 914 4343 incipit
938 4279 959 4323 a
983 4261 1076 4340 parte
1101 4261 1238 4342 septem-

97 4370 236 4438 trionali
268 4371 303 4434 in
334 4373 444 4435 monte
484 4372 518 4434 et
547 4365 712 4432 vicinitate
751 4369 838 4430 terre
874 4361 952 4452 Gyn
982 4363 1140 4432 nobilium
1172 4386 1238 4433 cas-

97 4479 265 4546 trensium
295 4476 449 4543 videlicet
486 4474 525 4541 de
550 4473 684 4559 Simigio
724 4472 781 4539 ubi
812 4479 890 4539 sunt
920 4477 986 4539 tres
1016 4479 1102 4540 mete
1132 4479 1238 4540 terreo

99 4590 241 4672 antique
268 4589 387 4670 quarta
402 4606 479 4652 sero
500 4607 539 4650 ex
554 4605 637 4650 novo
648 4587 764 4666 erecta,
776 4580 892 4648 deinde
909 4581 950 4648 ad
960 4581 1095 4648 eandem
1111 4586 1239 4666 partem

97 4694 404 4784 septemtrionalem
429 4692 581 4760 intrando
606 4712 664 4776 per
689 4711 787 4758 unam
812 4690 898 4758 viam
924 4697 957 4756 et
981 4711 1041 4776 per
1059 4690 1180 4774 beyrch
1196 4689 1239 4754 ad

365 4795 368 4800 ’
1068 4797 1129 4863 36*
