3154 5474
685 505 779 568 1331.
1228 506 1290 570 573

155 684 262 768 gistro
279 683 430 769 Posouio,
447 683 548 750 Petro
565 683 729 768 quondam
746 683 877 765 decano,
890 683 990 748 Petro
1001 683 1291 768 SyculoJohamre

152 792 344 876 presbitero,
360 790 514 860 Johanne
539 793 698 858 etaltera
724 790 879 856 Johanne
904 813 943 857 ac
967 791 1093 859 Jacobo
1122 794 1288 877 magistris

154 900 339 984 ceterisque
357 901 520 966 canonicis
537 899 757 966 existentibus.

265 1065 350 1115 Veres
386 1065 489 1128 setyem
524 1063 655 1114 zsindron
680 1063 796 1127 litggbtt
820 1062 913 1126 pecstt
926 1061 1094 1127 nyomaival‚
1116 1065 1188 1116 folal
1214 1081 1290 1130 cyro·

153 1154 369 1220 graphummal;
388 1153 521 1218 eredetije
543 1169 575 1202 aa
590 1153 730 1204 orsz.ltdr
757 1153 856 1203 kincst.
880 1157 947 1203 oszt.
971 1154 1005 1202 N.
1031 1154 1064 1204 R.
1087 1155 1120 1203 A.
1145 1159 1222 1205 1535.
1247 1162 1290 1206 44.

154 1247 224 1310 dipl.
249 1247 321 1296 lter:
351 1249 430 1295 2895.
465 1245 611 1308 Ugyanott
641 1245 819 1308 megvannak
844 1259 860 1293 a
881 1245 996 1294 seritebb
1021 1243 1123 1294 idtzett
1147 1247 1289 1296 okleveletr

153 1337 185 1400 ia,
200 1337 267 1400 dipl.
282 1336 353 1386 ilar:
369 1339 447 1386 2684.
461 1351 497 1386 sz.
512 1351 536 1385 a.
565 1335 663 1386 Kdzli:
678 1335 787 1386 Koveics
801 1336 834 1384 N.

644 1515 800 1524 ι----

687 1753 762 1816 484.

156 1921 253 1982 1331.
270 1914 411 1983 Atridae·
426 1917 585 2004 kciptalan
603 1917 675 1982 elb'tt
694 1916 804 1982 Keleai
820 1915 913 2001 Moab
925 1919 1011 2000 defle
1029 1919 1167 2003 alitattp,
1185 1915 1284 1982 Alat-

154 2031 234 2092 ric'a
253 2027 385 2111 Bodroq
400 2028 584 2111 acirmeppei
599 2024 782 2110 belpsdpbea
802 2024 875 2088 eolo
890 2024 1128 2110 birtolejopukat
1144 2027 1286 2110 illoppm·

556 2133 661 2198 Pa‘lra
677 2133 885 2196 citrabcizzcik.

262 2293 450 2380 Capitulum
479 2293 611 2358 ecclesie
636 2291 798 2357 Budensis
816 2341 846 2356 ..
878 2290 919 2356 ad
953 2291 1176 2360 universorum
1202 2295 1283 2360 noti-

153 2407 237 2472 ciam
255 2455 286 2470 ..
318 2405 465 2469 volumus
496 2401 671 2485 pervenire,
702 2400 789 2484 quod
814 2399 976 2465 Michaele
1001 2401 1068 2467 filio
1094 2401 1219 2486 Moogh
1244 2403 1284 2467 de

150 2513 253 2580 Koka
271 2535 330 2598 pro
348 2533 380 2577 se
397 2517 430 2576 et
445 2532 505 2596 pro
522 2511 608 2576 dicto
625 2509 749 2594 Moogh
766 2514 860 2593 patre
877 2531 935 2575 suo
952 2509 992 2574 ab
1010 2532 1072 2574 una
1087 2517 1189 2594 parto,
1205 2513 1284 2576 item

151 2623 311 2707 magistro
327 2619 433 2684 Paulo
452 2619 539 2686 dioto
566 2618 706 2703 Magyar
731 2618 909 2684 castellano
926 2616 965 2682 de
982 2615 1108 2702 Gymus
1125 2639 1163 2682 ex
1179 2619 1284 2684 altera

150 2753 262 2797 coram
287 2728 380 2796 nobis
405 2727 620 2812 personaliter
646 2723 832 2792 constitutis
862 2727 1065 2810 propositum
1092 2727 1201 2792 extitit
1225 2748 1284 2809 por

149 2839 281 2906 eosdem
297 2889 328 2904 ..
361 2836 448 2922 quod
480 2857 575 2920 super
606 2834 778 2899 medietate
809 2835 1024 2918 possessionis
1056 2831 1215 2900 Oladrian
1248 2835 1282 2898 iu

148 2947 354 3013 meridionali
370 2948 463 3030 parte
479 2946 602 3010 iacente
619 2943 829 3027 possessionis
846 2943 996 3007 videlicet
1012 2944 1046 3007 in
1073 2942 1280 3008 comitaturis

148 3055 312 3140 Budrugh
347 3053 434 3120 eirca
464 3052 596 3119 flurium
629 3051 729 3137 Tyoia
760 3051 938 3117 adiacentis
977 3073 1036 3136 per
1052 3101 1084 3118 ..
1116 3051 1280 3116 Karolum

147 3185 259 3248 regem
275 3215 306 3230 ..
338 3163 494 3248 magistro
526 3159 626 3229 Gallo
658 3161 697 3226 de
723 3158 823 3226 Koka
855 3160 1020 3244 quondam
1051 3162 1195 3244 portario
1223 3183 1281 3226 suo

146 3271 245 3339 fratri
262 3271 413 3340 videlicet
423 3273 523 3356 ipsius
533 3269 705 3335 Michaelis
716 3265 775 3333 lilii
791 3268 917 3353 Moogh
927 3269 1055 3334 nomine
1065 3270 1279 3352 possessionis

147 3382 289 3448 hominis
300 3383 369 3448 sine
379 3381 534 3446 heredem
550 3379 669 3445 solacio
686 3375 870 3443 decedentis
886 3377 1009 3444 donata
1019 3383 1050 3442 et
1061 3379 1181 3444 collata
1197 3379 1283 3444 inter

147 3513 204 3558 eos
221 3492 389 3558 contencio
416 3489 577 3554 extitisset
602 3507 661 3570 pro
678 3507 715 3552 eo
733 3486 820 3569 quod
836 3485 1002 3570 predictus
1026 3487 1182 3570 magister
1197 3486 1282 3552 Pau-

145 3601 198 3666 lus
215 3600 321 3665 (lictus
336 3598 478 3682 Magyar
504 3595 639 3662 eandem
664 3593 870 3660 medietatem
886 3595 1098 3678 possessionis
1115 3592 1281 3678 Oladryau

145 3708 293 3794 predicte
318 3710 446 3773 mortuo
465 3706 534 3789 ipso
560 3703 715 3787 magistro
742 3699 840 3766 Gallo
865 3701 907 3767 ab
933 3700 1045 3767 eodem
1061 3752 1094 3768 ..
1125 3723 1202 3786 rege
1219 3701 1281 3768 sibi

145 3817 218 3883 dari
235 3821 268 3881 et
284 3814 422 3881 conferri
439 3864 445 3879 .
464 3863 470 3880 .
502 3811 699 3898 postulasset
714 3831 734 3874 a
749 3807 904 3874 frat-ribus
922 3813 953 3874 et
968 3811 1125 3894 proximis
1141 3810 1282 3894 predicti

145 3926 296 4009 magistri
312 3921 403 3990 Galli
424 3919 613 4002 alienand03
638 3916 769 3984 taudem
794 3935 852 3999 per
867 3917 1037 3982 consilium
1053 3922 1086 3982 ct
1103 3917 1280 3984 ordinacio-

143 4056 218 4098 nem
251 4032 409 4098 baronum
446 4033 479 4095 et
515 4028 607 4113 regni
640 4025 797 4092 nobilium
822 4045 861 4088 ao
886 4024 1026 4090 aliorum
1059 4027 1280 4110 quorumlibet

142 4141 324 4227 proborum
340 4141 482 4205 virorum
500 4159 597 4222 super
618 4135 729 4200 eadem
754 4134 927 4198 medietate
952 4136 1162 4217 possessionis
1179 4134 1280 4203 Olad-

146 4271 230 4335 ryan
246 4251 307 4316 tali
323 4247 419 4316 modo
437 4246 694 4327 concordassent,
710 4241 797 4326 quod
811 4239 949 4325 predicti
959 4239 1104 4308 Michael
1115 4243 1280 4329 etMoogh

142 4367 237 4444 pater
253 4381 330 4424 suus
355 4357 494 4442 receptis
522 4353 689 4438 sexaginta
714 4351 831 4415 marcis
857 4371 1045 4432 grossorum
1071 4351 1278 4418 denariorum

142 4466 314 4534 abeodem
339 4468 496 4550 magistro
522 4461 626 4530 Paulo
651 4459 791 4544 Magyar
817 4457 921 4522 eidem
946 4460 1103 4543 magistro
1123 4457 1229 4527 Paulo
1246 4509 1277 4527 ..

142 4599 216 4645 cum
234 4577 382 4643 omuibus
400 4576 466 4642 suis
492 4569 687 4639 utilitatibus
711 4570 870 4651 perpetuo
888 4570 919 4630 et
934 4567 1191 4636 irrevocabiliter
1205 4569 1278 4634 reli-

142 4687 300 4772 quissent,
325 4686 438 4751 literas
464 4685 564 4749 eciam
581 4678 746 4744 universas
764 4724 795 4740 ..
827 4695 924 4760 super
941 4675 1087 4760 sepefata
1103 4677 1277 4743 medietate
