3132 5470
328 437 394 498 320
681 451 870 498 uurouuoru
885 439 1100 498 ouuturrla.

327 617 525 696 strumenta;
541 612 627 677 unde
644 613 720 695 quia
736 613 865 678 iusticia
882 619 915 678 et
930 613 1107 679 communis
1132 612 1211 679 ordo
1221 613 1304 677 iuris
1317 611 1443 696 require·

327 723 386 788 bat
403 743 541 787 unacum
559 722 679 786 eisdem
697 728 838 804 quatuor
853 722 1014 787 iudicibus
1031 729 1065 786 et
1080 722 1155 787 aliis
1171 720 1337 787 nobilibus
1355 720 1443 786 nobis-

330 853 401 896 cum
413 831 447 894 iu
462 830 581 895 iudicio
607 829 822 895 assidentibus
837 829 1010 896 iudicando
1028 831 1243 896 commisimus
1260 829 1351 912 quod
1364 829 1442 893 iidem

328 937 386 1002 filii
402 937 428 1004 J
429 938 522 1003 aoobi
539 938 701 1022 predictas
717 938 845 1002 litteras
855 945 889 1002 et
899 960 1007 1003 eorum
1025 941 1242 1004 instrumenta
1261 961 1326 1022 que
1338 938 1442 1003 habeut

328 1047 410 1112 feria
435 1052 527 1112 sexta
552 1053 628 1112 ante
657 1045 776 1112 festum
810 1046 898 1112 beati
923 1046 1147 1113 Bartholomei
1173 1047 1316 1131 apostoli
1349 1051 1442 1112 contra

329 1156 416 1239 ipsos
432 1155 623 1221 udvornicos
640 1153 680 1218 de
697 1153 804 1220 'Poroh
816 1175 923 1221 coram
940 1156 1033 1222 nobis
1050 1161 1083 1220 et
1098 1155 1175 1240 ipsis
1192 1163 1336 1240 quatuor
1352 1154 1443 1220 iudici·

330 1264 391 1330 bus
407 1264 564 1329 nobilium
580 1263 719 1329 debeant
736 1263 895 1347 exhibere,
920 1286 985 1348 quo
1001 1266 1139 1330 termino
1154 1266 1349 1331 adveniente
1365 1263 1443 1328 iidem

331 1371 390 1437 filii
416 1371 535 1438 Jacobi
560 1379 789 1456 presentarunt
814 1372 970 1456 quasdam
995 1373 1124 1439 litteras
1150 1381 1301 1458 patentes
1328 1370 1443 1457 capituli

332 1481 540 1548 Posoniensis
564 1487 709 1546 tenorem
726 1482 910 1547 litterarum
926 1481 1070 1547 eiusdem
1096 1483 1231 1566 capituli
1260 1483 1444 1548 continentes

334 1591 451 1674 quibus
466 1590 585 1654 litteris
601 1590 676 1654 visis
692 1595 725 1654 et
741 1590 894 1672 perlectis
910 1591 985 1672 quia
1001 1590 1098 1654 iidem
1114 1590 1281 1656 udvornici
1299 1589 1340 1656 de
1358 1586 1444 1655 Torch
1531 1653 1532 1656 ,

333 1701 367 1763 in
384 1699 461 1784 ipsis
476 1698 595 1762 litteris
613 1697 691 1762 dicti
708 1699 842 1782 capituli
859 1719 922 1764 non
951 1699 1227 1764 coutentabantur
1251 1699 1309 1763 sed
1327 1698 1445 1781 origina-

335 1807 382 1872 les
397 1806 524 1872 litteras
541 1805 727 1870 earumdem
736 1806 923 1871 litterarum
933 1806 1090 1890 petebant
1105 1807 1250 1872 exhiberi
1267 1804 1445 1871 decrevimus

337 1921 370 1980 et
386 1912 559 1979 iudicando
587 1914 803 1978 commisimus
829 1914 916 1996 quod
932 1912 1030 1979 iidem
1056 1914 1115 1982 filii
1146 1914 1264 1980 Jacobi
1291 1915 1326 1978 in
1344 1912 1444 1979 octaris
1532 1909 1533 1958 l

337 2022 416 2088 dicti
433 2022 563 2086 termini
596 2021 720 2087 scilicet
736 2021 818 2087 feria
834 2029 925 2088 sexta
941 2029 1016 2107 post
1042 2022 1161 2088 festum
1186 2021 1275 2087 beati
1291 2019 1446 2087 Bartholo-

337 2131 401 2197 mei
417 2129 557 2213 apostoli
573 2129 747 2212 originales
763 2131 890 2196 litteras
906 2131 1068 2196 dictarum
1084 2131 1269 2196 litterarum
1287 2151 1392 2194 coram
1405 2149 1447 2192 uo·

338 2239 388 2305 bis
405 2237 546 2302 debeant
561 2243 749 2319 presentare
759 2265 766 2322 ;
777 2259 841 2321 quo
852 2237 904 2302 die
914 2243 948 2303 et
957 2239 1094 2304 termino
1111 2239 1260 2303 similiter
1276 2235 1448 2302 adveniente
1533 2223 1534 2240 ¹

339 2348 417 2412 licet
432 2345 531 2410 iidem
546 2344 606 2409 filii
622 2345 647 2410 J
648 2344 741 2410 acobi
759 2347 1016 2430 comparuissent
1034 2354 1143 2412 tamen
1159 2347 1246 2430 ipsas
1262 2344 1388 2410 litteras
1402 2343 1449 2407 ori·

341 2455 465 2540 ginales
482 2455 565 2518 sicut
581 2459 799 2520 assumserant
814 2455 989 2520 noluerunt
1005 2475 1064 2518 uec
1080 2459 1274 2519 curaverunt
1292 2451 1450 2519 exhibere:

342 2564 427 2629 uude
454 2565 532 2646 quia
547 2560 643 2626 iidem
660 2559 720 2626 filii
735 2561 878 2628 Pamlini
894 2564 929 2628 iu
946 2584 1045 2628 causa
1070 2563 1227 2647 premissa
1243 2562 1292 2626 sic
1309 2567 1451 2626 contuma-
1534 2565 1535 2596 ³

344 2694 398 2738 ces
415 2673 595 2738 extiterunt
620 2678 653 2736 et
678 2671 765 2754 ipsas
790 2671 918 2736 litteras
945 2671 1097 2736 exhibere
1123 2675 1283 2736 assumtae
1301 2671 1453 2734 noluerunt

344 2802 403 2847 nec·
419 2787 614 2846 curaverunt
640 2786 827 2864 presentare
856 2766 932 2862 quia
956 2781 1057 2846 eciam
1083 2780 1175 2846 nobis
1200 2779 1370 2845 videbatur
1383 2773 1454 2859 quod
1535 2853 1536 2856 Ἴ

345 2889 450 2955 dietus
475 2889 645 2954 Pamliuus
671 2895 793 2952 terram
818 2887 961 2971 ipsorum
987 2887 1235 2954 udvornioorum
1261 2882 1454 2952 nullomodo

346 2996 407 3062 sibi
432 2997 591 3079 potuisset
615 2995 825 3080 appropriare
850 3015 988 3060 unacum
1017 2994 1187 3060 comitibus
1219 2992 1355 3059 Andrea
1383 2991 1454 3056 dioto

350 3103 476 3188 Ohuua,
491 3104 592 3170 Petro
624 3103 663 3168 de
689 3100 867 3187 Gurgeteg,
883 3102 1004 3168 Pomsa
1020 3109 1053 3167 et
1068 3101 1248 3168 Benedioto
1272 3101 1339 3168 filio
1354 3099 1456 3182 Hegun

347 3210 507 3278 iudicibus
523 3213 679 3278 nobilium
696 3211 735 3275 de
752 3211 840 3276 dicto
858 3211 1016 3277 comitatu
1033 3217 1067 3276 et
1091 3213 1165 3276 aliis
1189 3211 1352 3276 nobilibus
1367 3197 1457 3274 nobis·

349 3344 421 3388 cum
438 3323 473 3386 in
488 3321 607 3386 iudicio
633 3319 848 3386 assidentibus
874 3319 1074 3386 decrevimus
1100 3319 1230 3386 eosdem
1256 3318 1339 3384 filios
1355 3313 1456 3382 Jacobi

346 3437 460 3498 contra
476 3431 562 3513 ipsos
578 3429 812 3494 udvornicosiu
830 3449 929 3494 causa
944 3431 1100 3512 premissa
1115 3429 1261 3512 legitime
1278 3425 1457 3491 remansisse.

346 3538 472 3606 Datum
487 3538 628 3622 Posonii,
640 3537 800 3604 dominica
816 3537 868 3602 die
884 3538 1118 3622 proximaante
1133 3537 1253 3602 festum
1270 3529 1457 3616 beatillgidii

349 3649 485 3731 abbatis,
503 3669 586 3712 anno
604 3646 727 3712 domiui
743 3645 796 3712 Μ0
812 3643 913 3714 000ο
930 3639 1022 3712 XX⁰
1038 3647 1184 3729 septimo.

457 3811 481 3860 A
496 3811 627 3876 pozsonyi
651 3811 841 3874 katptalannak
858 3809 1014 3860 »Diouisius
1039 3809 1072 3859 de
1086 3807 1179 3859 Torch
1193 3807 1227 3856 de
1252 3820 1364 3857 numero
1376 3804 1460 3852 udvor-

349 3903 491 3954 nicorum‹
506 3901 630 3951 lidrdsere
645 3905 721 3950 1³27.
735 3902 882 3950 november
903 3900 983 3952 loen
995 3899 1105 3950 kiadott
1114 3898 1273 3959 san-arabon
1283 3894 1403 3958 melynelr
1415 3905 1462 3942 ere.

351 3993 435 4060 ‹lsdje
448 4005 565 4056 megvau
578 4007 610 4041 az
624 4005 693 4042 orsz.
707 3991 761 4042 lter
773 3991 873 4040 kinost.
887 3993 953 4040 caat..
976 3991 1008 4040 N.
1024 3991 1056 4041 n.
1071 3989 1101 4039 A.
1117 3993 1176 4038 378Δ
1208 3993 1246 4037 tt.
1268 3985 1333 4050 dipl.
1352 3987 1382 4034 lt.
1396 3983 1462 4032 2452.

352 4083 451 4135 Kozli:
465 4083 567 4133 Vincas
581 4082 681 4132 (labor.
