3130 5470
531 495 626 558 1330.
644 513 738 558 sess.
757 497 807 557 ar.
912 462 916 470 ’
1168 495 1233 558 475

103 698 160 760 pro
178 673 339 742 tribunali
356 673 541 739 sedentibus
558 695 689 738 causam
706 693 797 738 suam
824 674 939 756 exequi
956 673 1160 738 commiserat
1177 696 1235 758 pro

101 784 250 872 predicta
276 784 407 850 domina
432 781 600 866 respondit
626 782 714 866 quod
739 783 810 866 ipsa
835 787 943 848 castra
969 789 1002 848 et
1018 783 1235 867 possessiones

102 899 207 960 essent
223 891 359 959 Nicolai
374 891 433 957 tilii
451 891 579 976 Batbyz
595 889 707 956 fratris
724 890 774 956 sui
791 896 823 956 et
840 913 878 956 ex
889 891 1101 975 permissione
1118 895 1151 956 et
1162 911 1235 956 con·

103 1024 198 1068 sensu
215 1001 338 1068 domiui
354 1001 439 1084 regis
455 1001 488 1066 in
514 999 634 1065 eisdem
651 1021 753 1084 usque
779 999 879 1064 vitam
904 979 996 1066 suam
1021 998 1179 1066 resideret
1203 1005 1236 1064 et

102 1115 288 1176 moraretur
298 1114 331 1174 et
341 1129 437 1193 super
454 1107 515 1173 hoc
531 1107 881 1202 instrumentadomini
892 1108 994 1173 nostri
1012 1108 1099 1191 regis
1110 1105 1236 1172 Karoli

102 1221 174 1303 ipsa
190 1218 323 1285 domina
338 1215 476 1282 haberet
491 1215 713 1300 racionabilis,
729 1237 788 1300 pro
809 1237 842 1281 se
859 1216 930 1300 ipso
946 1223 1056 1281 autem
1071 1215 1158 1281 idem
1174 1213 1234 1280 Ni-

103 1327 214 1392 colaus
230 1323 317 1392 filius
333 1324 461 1408 Bathyz
478 1309 645 1408 respondit
656 1345 693 1391 eo
705 1325 800 1391 modo
812 1325 900 1408 quod
916 1332 1057 1390 castrum
1073 1324 1235 1390 Berzetbs

104 1457 176 1500 cum
194 1431 454 1518 possessionibus
486 1440 520 1497 et
544 1433 630 1498 villis
656 1433 698 1498 ad
724 1435 831 1518 ipsum
856 1433 1081 1520 spectantibus
1105 1433 1237 1498 racione

103 1541 284 1609 concambii
301 1563 321 1606 a
337 1539 505 1625 Stephano
521 1539 588 1606 filio
604 1539 732 1606 Marius
749 1543 988 1626 consanguineo
1020 1563 1077 1606 suo
1094 1561 1154 1625 pro
1171 1540 1237 1605 suis

102 1649 360 1735 possessionibus
376 1649 583 1716 hereditariis
601 1655 685 1716 esset
701 1651 743 1716 ad
758 1673 873 1717 manus
901 1673 975 1718 suas
1001 1649 1188 1716 devolutum
1204 1654 1237 1714 et

103 1760 189 1826 idem
206 1758 394 1844 Stephanus
410 1758 547 1823 eundem
572 1759 725 1843 expedire
750 1758 792 1826 ab
818 1759 966 1826 omnibus
992 1760 1122 1826 racione
1139 1758 1238 1824 castri

102 1869 168 1938 iam
186 1867 268 1932 dicti
284 1865 458 1932 molestare
473 1865 654 1932 volentibus
671 1870 875 1934 assumsisset
900 1889 997 1952 super
1014 1867 1130 1951 quibus
1146 1867 1235 1932 litte-

101 1997 156 2040 ras
174 1973 395 2060 privilegiatos
412 1972 612 2042 honorabilis
629 1975 765 2059 capituli
782 1975 916 2042 ecclesie
932 1973 1167 2060 strigoniensis
1178 1974 1235 2040 ha-

100 2083 212 2166 beret,
228 2081 410 2166 predictum
426 2101 503 2146 rere
520 2086 664 2148 castrum
682 2081 945 2150 Karaznaborka
970 2107 1042 2150 eum
1060 2084 1235 2170 possessio·

100 2191 198 2258 nibus
234 2189 377 2256 eiusdem
402 2191 568 2256 annotatis
592 2191 671 2256 licet
695 2191 837 2275 quodam
862 2198 1007 2278 tempore
1032 2215 1091 2279 per
1121 2213 1237 2260 manus

101 2301 229 2366 alienas
246 2297 362 2364 suisset
379 2302 573 2383 occupatum
590 2303 699 2364 tamen
714 2301 783 2384 ipse
798 2301 868 2366 iure
895 2301 1084 2384 exequendo
1109 2299 1144 2366 id
1160 2299 1234 2366 adc-

100 2416 179 2494 ptus
197 2407 361 2473 extitisset
378 2411 411 2471 et
425 2405 546 2474 fratres
563 2407 620 2490 sui,
637 2429 735 2490 super
752 2430 816 2492 quo
832 2411 1051 2476 instrumenta
1067 2430 1102 2474 se
1116 2408 1237 2474 babere

102 2517 258 2598 astruxit,
291 2521 324 2581 et
354 2516 486 2598 insuper
509 2513 701 2581 Dominicus
725 2515 842 2586 Bubelr
866 2517 987 2584 Petrus
1013 2523 1046 2582 et
1069 2515 1238 2583 Jobannes

100 2627 224 2694 fratres
241 2625 386 2692 ciusdem
402 2625 442 2690 de
457 2625 615 2692 fratribus
632 2627 697 2692 suis
715 2632 748 2692 et
763 2628 805 2693 ab
831 2629 980 2695 omnibus
1006 2629 1079 2694 aliis
1096 2627 1235 2692 eundem

99 2734 283 2802 Nicolaum
298 2739 486 2799 tenerentur
502 2733 652 2818 expedire
669 2741 767 2818 prout
783 2735 818 2800 in
833 2735 952 2802 litteris
978 2735 1236 2819 privilegialibus

99 2844 243 2928 capituli
271 2842 403 2908 ecclesie
427 2840 601 2926 Agriensis
627 2863 660 2906 se
686 2842 896 2926 obligassent,
921 2845 1006 2910 unde
1031 2865 1089 2910 nos
1114 2844 1235 2910 auditis

97 2953 252 3038 parcium
269 2949 547 3035 proposicionibus
561 2972 703 3016 unacum
719 2951 883 3019 nobilibus
894 2951 1055 3019 iudicibus
1072 2957 1105 3018 et
1121 2952 1237 3017 iuratis

99 3041 375 3128 dicti'comitatns
391 3057 572 3124 Pestiensis
587 3059 766 3126 iudicantes
783 3061 972 3127 admisimus
998 3060 1085 3145 quod
1100 3061 1134 3125 in
1150 3064 1236 3126 octa-

96 3172 148 3236 vis
164 3168 258 3235 beati
274 3165 409 3250 Georgii
425 3167 569 3232 martiris
586 3189 672 3233 nunc
687 3169 831 3233 venturis
842 3168 931 3234 dicta
941 3169 1072 3236 domina
1081 3167 1233 3252 predicta

96 3299 160 3345 sna
176 3279 394 3343 instrumenta
410 3297 506 3360 super
522 3277 639 3342 castris
655 3280 687 3341 et
697 3275 953 3360 possessionibus
969 3276 1035 3341 suis
1050 3275 1232 3359 prenotatis

97 3395 132 3454 et
159 3385 324 3453 Nicolsus
349 3382 435 3449 filius
459 3383 588 3469 Bathyz
615 3384 762 3468 predicta
788 3406 847 3450 sua
871 3385 1087 3452 instrumenta
1112 3384 1230 3467 quibus

96 3493 324 3562 mediantibus
342 3514 414 3560 curn
431 3493 497 3558 suis
522 3495 729 3578 pertinenciis
754 3494 843 3560 dicta
867 3500 975 3560 castra
1000 3490 1234 3560 Oraznaborlra

97 3611 131 3669 et
148 3604 291 3668 Beruete
307 3599 470 3686 adipsum
487 3602 690 3685 pertinerent
705 3602 775 3686 ipso
801 3601 939 3668 termino
956 3606 1107 3667 teneatur
1123 3623 1232 3666 corani

95 3712 197 3778 nobis
214 3715 329 3776 contra
344 3708 520 3776 Nicolaum
535 3708 639 3774 filium
663 3708 835 3776 Benedicti
860 3709 900 3775 de
927 3707 1104 3796 Obytbnuk
1119 3729 1233 3792 preno-

95 3830 209 3888 tatum
227 3818 377 3884 exhibere
394 3817 512 3902 quibus
528 3817 605 3882 visis
622 3817 830 3884 decernemus
841 3819 874 3883 in
892 3839 989 3884 causa
1004 3817 1233 3904 premissaius·

95 3930 180 3995 ticia
197 3925 370 3992 mediante.
387 3925 512 3992 Datum
529 3925 671 3991 seeundo
688 3925 740 3991 dis
756 3927 1022 4011 congregacionis
1047 3932 1158 3992 nostre
1175 3948 1232 3990 an·

95 4037 232 4118 tedicte,
248 4035 320 4101 loeo
335 4041 519 4119 prenotato,
536 4056 621 4100 anno
638 4034 761 4100 domini
777 4035 832 4100 Μ0
849 4032 951 4101 0000
967 4035 1139 4101 tricesimo.

206 4197 281 4248 zaro
301 4197 392 4262 peccet
412 4199 588 4264 nyomaiva13
609 4199 739 4266 credetije
764 4213 796 4248 az
822 4213 892 4249 orsa.
915 4199 971 4249 ltdr
993 4199 1093 4251 kincst.
1116 4202 1182 4249 oszt.
1197 4199 1231 4248 N.

90 4293 124 4342 R.
139 4291 175 4341 A.
194 4293 275 4339 1547.
290 4291 331 4338 te.
344 4289 411 4353 dipl.
426 4289 497 4340 lter:
519 4293 597 4341 2585.
616 4287 714 4340 Kezli':
734 4289 838 4339 Vinczs
851 4289 952 4339 Gabor.

590 4539 620 4554 -η
629 4539 745 4550 -n—--a
