<?xml version="1.0" encoding="UTF-8"?>
<!DOCTYPE html PUBLIC "-//W3C//DTD XHTML 1.0 Transitional//EN"
    "http://www.w3.org/TR/xhtml1/DTD/xhtml1-transitional.dtd">
<html xmlns="http://www.w3.org/1999/xhtml" xml:lang="en" lang="en">
 <head>
  <title>
</title>
<meta http-equiv="Content-Type" content="text/html;charset=utf-8" />
  <meta name='ocr-system' content='tesseract 3.04.00' />
  <meta name='ocr-capabilities' content='ocr_page ocr_carea ocr_par ocr_line ocrx_word'/>
</head>
<body>
  <div class='ocr_page' id='page_1' title='image "./codexdiplomatic01nagygoog_0618.png"; bbox 0 0 3152 5472; ppageno 0'>
   <div class='ocr_carea' id='block_1_1' title="bbox 542 481 1241 544">
    <p class='ocr_par' dir='ltr' id='par_1_1' title="bbox 542 481 1241 544">
     <span class='ocr_line' id='line_1_1' title="bbox 542 481 1241 544; baseline 0 -2"><span class='ocrx_word' id='word_1_1' title='bbox 542 481 636 542; x_wconf 76' lang='lat'><strong>1332.</strong></span> <span class='ocrx_word' id='word_1_2' title='bbox 652 493 722 544; x_wconf 73' lang='lat' dir='ltr'><strong>tou.</strong></span> <span class='ocrx_word' id='word_1_3' title='bbox 742 483 791 543; x_wconf 85' lang='lat'><strong>17.</strong></span> <span class='ocrx_word' id='word_1_4' title='bbox 1181 483 1241 544; x_wconf 86' lang='grc'><strong>601</strong></span> 
     </span>
    </p>
   </div>
   <div class='ocr_carea' id='block_1_2' title="bbox 117 656 1292 2373">
    <p class='ocr_par' dir='ltr' id='par_1_2' title="bbox 117 656 1292 2373">
     <span class='ocr_line' id='line_1_2' title="bbox 117 656 1246 744; baseline 0.003 -22"><span class='ocrx_word' id='word_1_5' title='bbox 117 656 292 724; x_wconf 83' lang='lat' dir='ltr'><strong>Michaelis</strong></span> <span class='ocrx_word' id='word_1_6' title='bbox 309 658 426 725; x_wconf 89' lang='lat' dir='ltr'><strong>totales</strong></span> <span class='ocrx_word' id='word_1_7' title='bbox 441 659 708 743; x_wconf 86' lang='lat' dir='ltr'><strong>possessionarias</strong></span> <span class='ocrx_word' id='word_1_8' title='bbox 724 661 894 743; x_wconf 86' lang='lat' dir='ltr'>porciones</span> <span class='ocrx_word' id='word_1_9' title='bbox 915 681 990 726; x_wconf 87' lang='lat' dir='ltr'><strong>suas</strong></span> <span class='ocrx_word' id='word_1_10' title='bbox 1014 660 1049 725; x_wconf 95' lang='lat' dir='ltr'><strong>in</strong></span> <span class='ocrx_word' id='word_1_11' title='bbox 1073 661 1246 744; x_wconf 87' lang='lat' dir='ltr'><strong>possessio-</strong></span> 
     </span>
     <span class='ocr_line' id='line_1_3' title="bbox 122 767 1250 853; baseline 0.002 -23"><span class='ocrx_word' id='word_1_12' title='bbox 122 767 218 834; x_wconf 92' lang='lat' dir='ltr'><strong>nibus</strong></span> <span class='ocrx_word' id='word_1_13' title='bbox 228 767 384 853; x_wconf 85' lang='lat' dir='ltr'><strong>Myhaald</strong></span> <span class='ocrx_word' id='word_1_14' title='bbox 402 767 497 853; x_wconf 79' lang='lat' dir='ltr'><strong>Byky</strong></span> <span class='ocrx_word' id='word_1_15' title='bbox 508 773 542 832; x_wconf 89' lang='lat' dir='ltr'><strong>et</strong></span> <span class='ocrx_word' id='word_1_16' title='bbox 550 767 704 853; x_wconf 76' lang='lat' dir='ltr'><strong>Kelewyz</strong></span> <span class='ocrx_word' id='word_1_17' title='bbox 714 770 837 834; x_wconf 81' lang='lat' dir='ltr'><strong>voeatis</strong></span> <span class='ocrx_word' id='word_1_18' title='bbox 846 769 880 834; x_wconf 92' lang='lat' dir='ltr'><strong>in</strong></span> <span class='ocrx_word' id='word_1_19' title='bbox 890 769 1046 835; x_wconf 85' lang='lat' dir='ltr'><strong>comitatu</strong></span> <span class='ocrx_word' id='word_1_20' title='bbox 1056 767 1250 853; x_wconf 83' lang='lat' dir='ltr'><strong>Symigiensi</strong></span> 
     </span>
     <span class='ocr_line' id='line_1_4' title="bbox 124 876 1253 961; baseline 0.002 -23"><span class='ocrx_word' id='word_1_21' title='bbox 124 876 338 942; x_wconf 76' lang='lat' dir='ltr'>existentibus</span> <span class='ocrx_word' id='word_1_22' title='bbox 358 878 464 961; x_wconf 89' lang='lat' dir='ltr'><strong>ipsum</strong></span> <span class='ocrx_word' id='word_1_23' title='bbox 481 877 593 961; x_wconf 81' lang='lat' dir='ltr'><strong>quovis</strong></span> <span class='ocrx_word' id='word_1_24' title='bbox 610 879 694 942; x_wconf 86' lang='lat' dir='ltr'><strong>iusto</strong></span> <span class='ocrx_word' id='word_1_25' title='bbox 712 878 808 944; x_wconf 90' lang='lat' dir='ltr'><strong>titulo</strong></span> <span class='ocrx_word' id='word_1_26' title='bbox 825 878 1049 960; x_wconf 82' lang='lat' dir='ltr'><strong>contingentes</strong></span> <span class='ocrx_word' id='word_1_27' title='bbox 1066 898 1137 942; x_wconf 90' lang='lat' dir='ltr'><strong>cum</strong></span> <span class='ocrx_word' id='word_1_28' title='bbox 1152 877 1253 943; x_wconf 92' lang='lat' dir='ltr'><strong>omni·</strong></span> 
     </span>
     <span class='ocr_line' id='line_1_5' title="bbox 122 982 1252 1069; baseline 0.003 -22"><span class='ocrx_word' id='word_1_29' title='bbox 122 982 184 1047; x_wconf 91' lang='lat' dir='ltr'><strong>bns</strong></span> <span class='ocrx_word' id='word_1_30' title='bbox 210 985 276 1050; x_wconf 90' lang='lat' dir='ltr'><strong>suis</strong></span> <span class='ocrx_word' id='word_1_31' title='bbox 302 985 524 1050; x_wconf 87' lang='lat' dir='ltr'><strong>utilitatibus.</strong></span> <span class='ocrx_word' id='word_1_32' title='bbox 541 1035 548 1050; x_wconf 93' lang='lat'><strong>.</strong></span> <span class='ocrx_word' id='word_1_33' title='bbox 579 984 675 1051; x_wconf 86' lang='lat' dir='ltr'><strong>salvis</strong></span> <span class='ocrx_word' id='word_1_34' title='bbox 691 986 897 1069; x_wconf 82' lang='lat' dir='ltr'><strong>porcionibus</strong></span> <span class='ocrx_word' id='word_1_35' title='bbox 912 983 1050 1051; x_wconf 84' lang='lat' dir='ltr'><strong>Nicolao</strong></span> <span class='ocrx_word' id='word_1_36' title='bbox 1066 983 1134 1050; x_wconf 90' lang='lat' dir='ltr'><strong>filio</strong></span> <span class='ocrx_word' id='word_1_37' title='bbox 1151 983 1252 1051; x_wconf 82' lang='lat' dir='ltr'><strong>Ober-</strong></span> 
     </span>
     <span class='ocr_line' id='line_1_6' title="bbox 120 1089 1254 1178; baseline 0.003 -23"><span class='ocrx_word' id='word_1_38' title='bbox 120 1092 195 1156; x_wconf 86' lang='lat' dir='ltr'><strong>neel</strong></span> <span class='ocrx_word' id='word_1_39' title='bbox 223 1092 347 1158; x_wconf 89' lang='lat' dir='ltr'><strong>dudum</strong></span> <span class='ocrx_word' id='word_1_40' title='bbox 362 1099 400 1159; x_wconf 88' lang='lat' dir='ltr'><strong>ut</strong></span> <span class='ocrx_word' id='word_1_41' title='bbox 416 1092 547 1160; x_wconf 87' lang='lat' dir='ltr'><strong>dicebat</strong></span> <span class='ocrx_word' id='word_1_42' title='bbox 561 1093 787 1178; x_wconf 75' lang='lat' dir='ltr'><strong>impignoratio</strong></span> <span class='ocrx_word' id='word_1_43' title='bbox 803 1092 931 1178; x_wconf 85' lang='lat' dir='ltr'><strong>prefato</strong></span> <span class='ocrx_word' id='word_1_44' title='bbox 958 1093 1068 1159; x_wconf 88' lang='lat' dir='ltr'><strong>comiti</strong></span> <span class='ocrx_word' id='word_1_45' title='bbox 1093 1089 1195 1158; x_wconf 89' lang='lat' dir='ltr'><strong>Paulo</strong></span> <span class='ocrx_word' id='word_1_46' title='bbox 1223 1142 1230 1158; x_wconf 93' lang='lat'><strong>.</strong></span> <span class='ocrx_word' id='word_1_47' title='bbox 1246 1141 1254 1158; x_wconf 94' lang='lat'><strong>.</strong></span> 
     </span>
     <span class='ocr_line' id='line_1_7' title="bbox 121 1202 1254 1288; baseline 0.002 -22"><span class='ocrx_word' id='word_1_48' title='bbox 121 1223 182 1286; x_wconf 88' lang='lat' dir='ltr'><strong>pro</strong></span> <span class='ocrx_word' id='word_1_49' title='bbox 201 1203 386 1285; x_wconf 84' lang='lat' dir='ltr'><strong>quantitate</strong></span> <span class='ocrx_word' id='word_1_50' title='bbox 402 1204 537 1287; x_wconf 81' lang='lat' dir='ltr'><strong>pecunie</strong></span> <span class='ocrx_word' id='word_1_51' title='bbox 552 1202 793 1288; x_wconf 80' lang='lat' dir='ltr'><strong>infrascripto..</strong></span> <span class='ocrx_word' id='word_1_52' title='bbox 812 1202 1044 1268; x_wconf 82' lang='lat' dir='ltr'><strong>vendidisset..</strong></span> <span class='ocrx_word' id='word_1_53' title='bbox 1059 1206 1217 1287; x_wconf 88' lang='lat' dir='ltr'><strong>perpetuo</strong></span> <span class='ocrx_word' id='word_1_54' title='bbox 1229 1251 1254 1268; x_wconf 89' lang='lat'><strong>..</strong></span> 
     </span>
     <span class='ocr_line' id='line_1_8' title="bbox 123 1309 1255 1397; baseline -0.001 -22"><span class='ocrx_word' id='word_1_55' title='bbox 123 1309 337 1393; x_wconf 84' lang='lat' dir='ltr'><strong>possidendas</strong></span> <span class='ocrx_word' id='word_1_56' title='bbox 354 1361 361 1376; x_wconf 94' lang='lat'>.</span> <span class='ocrx_word' id='word_1_57' title='bbox 378 1363 385 1376; x_wconf 91' lang='lat'><strong>.</strong></span> <span class='ocrx_word' id='word_1_58' title='bbox 402 1315 567 1396; x_wconf 87' lang='lat' dir='ltr'><strong>pretaotss</strong></span> <span class='ocrx_word' id='word_1_59' title='bbox 587 1311 856 1397; x_wconf 85' lang='lat' dir='ltr'><strong>possessionarias</strong></span> <span class='ocrx_word' id='word_1_60' title='bbox 882 1311 1051 1396; x_wconf 86' lang='lat' dir='ltr'><strong>porciones</strong></span> <span class='ocrx_word' id='word_1_61' title='bbox 1077 1315 1255 1377; x_wconf 86' lang='lat' dir='ltr'><strong>memorato</strong></span> 
     </span>
     <span class='ocr_line' id='line_1_9' title="bbox 124 1415 1256 1504; baseline 0.003 -24"><span class='ocrx_word' id='word_1_62' title='bbox 124 1415 265 1484; x_wconf 82' lang='lat' dir='ltr'><strong>Nicoleo</strong></span> <span class='ocrx_word' id='word_1_63' title='bbox 282 1417 349 1484; x_wconf 89' lang='lat' dir='ltr'><strong>filio</strong></span> <span class='ocrx_word' id='word_1_64' title='bbox 367 1417 527 1485; x_wconf 83' lang='lat' dir='ltr'><strong>Cherneel</strong></span> <span class='ocrx_word' id='word_1_65' title='bbox 543 1441 602 1504; x_wconf 93' lang='lat' dir='ltr'><strong>pro</strong></span> <span class='ocrx_word' id='word_1_66' title='bbox 622 1421 756 1504; x_wconf 83' lang='lat' dir='ltr'><strong>pignore</strong></span> <span class='ocrx_word' id='word_1_67' title='bbox 776 1419 939 1502; x_wconf 82' lang='lat' dir='ltr'><strong>obligatos</strong></span> <span class='ocrx_word' id='word_1_68' title='bbox 958 1417 1155 1484; x_wconf 85' lang='lat' dir='ltr'><strong>redemcioni</strong></span> <span class='ocrx_word' id='word_1_69' title='bbox 1175 1417 1256 1483; x_wconf 90' lang='lat' dir='ltr'><strong>eius·</strong></span> 
     </span>
     <span class='ocr_line' id='line_1_10' title="bbox 128 1525 1258 1612; baseline 0.001 -22"><span class='ocrx_word' id='word_1_70' title='bbox 128 1526 202 1590; x_wconf 89' lang='lat' dir='ltr'><strong>dem</strong></span> <span class='ocrx_word' id='word_1_71' title='bbox 224 1525 351 1592; x_wconf 90' lang='lat' dir='ltr'><strong>comitis</strong></span> <span class='ocrx_word' id='word_1_72' title='bbox 375 1526 471 1592; x_wconf 87' lang='lat' dir='ltr'><strong>Pauli</strong></span> <span class='ocrx_word' id='word_1_73' title='bbox 489 1580 495 1594; x_wconf 93' lang='lat'>.</span> <span class='ocrx_word' id='word_1_74' title='bbox 515 1579 521 1592; x_wconf 95' lang='lat'>.</span> <span class='ocrx_word' id='word_1_75' title='bbox 538 1526 779 1612; x_wconf 88' lang='lat' dir='ltr'><strong>permittendo.</strong></span> <span class='ocrx_word' id='word_1_76' title='bbox 796 1578 803 1592; x_wconf 91' lang='lat'><strong>.</strong></span> <span class='ocrx_word' id='word_1_77' title='bbox 829 1547 1016 1592; x_wconf 81' lang='lat' dir='ltr'><strong>econverso</strong></span> <span class='ocrx_word' id='word_1_78' title='bbox 1041 1525 1127 1591; x_wconf 87' lang='lat' dir='ltr'><strong>idem</strong></span> <span class='ocrx_word' id='word_1_79' title='bbox 1153 1547 1258 1592; x_wconf 88' lang='lat' dir='ltr'><strong>comes</strong></span> 
     </span>
     <span class='ocr_line' id='line_1_11' title="bbox 126 1631 1257 1720; baseline 0.001 -22"><span class='ocrx_word' id='word_1_80' title='bbox 126 1633 252 1699; x_wconf 85' lang='lat' dir='ltr'><strong>Paulus</strong></span> <span class='ocrx_word' id='word_1_81' title='bbox 268 1636 417 1700; x_wconf 80' lang='lat' dir='ltr'><strong>universa</strong></span> <span class='ocrx_word' id='word_1_82' title='bbox 433 1635 552 1702; x_wconf 87' lang='lat' dir='ltr'><strong>iudicia</strong></span> <span class='ocrx_word' id='word_1_83' title='bbox 568 1686 575 1702; x_wconf 93' lang='lat'><strong>.</strong></span> <span class='ocrx_word' id='word_1_84' title='bbox 592 1687 599 1701; x_wconf 95' lang='lat'><strong>.</strong></span> <span class='ocrx_word' id='word_1_85' title='bbox 616 1657 754 1720; x_wconf 89' lang='lat' dir='ltr'><strong>quorum</strong></span> <span class='ocrx_word' id='word_1_86' title='bbox 770 1655 865 1702; x_wconf 86' lang='lat' dir='ltr'><strong>onere</strong></span> <span class='ocrx_word' id='word_1_87' title='bbox 876 1637 944 1720; x_wconf 87' lang='lat' dir='ltr'><strong>ipse</strong></span> <span class='ocrx_word' id='word_1_88' title='bbox 954 1636 1109 1717; x_wconf 86' lang='lat' dir='ltr'><strong>magister</strong></span> <span class='ocrx_word' id='word_1_89' title='bbox 1120 1631 1257 1719; x_wconf 84' lang='lat' dir='ltr'><strong>Stepho-</strong></span> 
     </span>
     <span class='ocr_line' id='line_1_12' title="bbox 127 1741 1258 1828; baseline 0.002 -22"><span class='ocrx_word' id='word_1_90' title='bbox 127 1763 188 1807; x_wconf 89' lang='lat' dir='ltr'><strong>nus</strong></span> <span class='ocrx_word' id='word_1_91' title='bbox 204 1749 320 1808; x_wconf 87' lang='lat' dir='ltr'><strong>contra</strong></span> <span class='ocrx_word' id='word_1_92' title='bbox 340 1744 510 1828; x_wconf 87' lang='lat' dir='ltr'><strong>quospiam</strong></span> <span class='ocrx_word' id='word_1_93' title='bbox 526 1794 533 1809; x_wconf 90' lang='lat'><strong>.</strong></span> <span class='ocrx_word' id='word_1_94' title='bbox 550 1797 557 1812; x_wconf 92' lang='lat'><em>.</em></span> <span class='ocrx_word' id='word_1_95' title='bbox 574 1744 687 1810; x_wconf 86' lang='lat' dir='ltr'><strong>ordine</strong></span> <span class='ocrx_word' id='word_1_96' title='bbox 706 1743 873 1810; x_wconf 86' lang='lat' dir='ltr'><strong>iudiciario</strong></span> <span class='ocrx_word' id='word_1_97' title='bbox 899 1743 1060 1809; x_wconf 73' lang='lat' dir='ltr'><strong>extitisset</strong></span> <span class='ocrx_word' id='word_1_98' title='bbox 1083 1741 1258 1808; x_wconf 87' lang='lat' dir='ltr'><strong>innodatus</strong></span> 
     </span>
     <span class='ocr_line' id='line_1_13' title="bbox 126 1851 1258 1938; baseline 0.002 -24"><span class='ocrx_word' id='word_1_99' title='bbox 126 1851 230 1915; x_wconf 89' lang='lat' dir='ltr'><strong>eidem</strong></span> <span class='ocrx_word' id='word_1_100' title='bbox 256 1852 413 1936; x_wconf 82' lang='lat' dir='ltr'><strong>magistro</strong></span> <span class='ocrx_word' id='word_1_101' title='bbox 430 1851 597 1938; x_wconf 85' lang='lat' dir='ltr'><strong>Stephano</strong></span> <span class='ocrx_word' id='word_1_102' title='bbox 623 1854 752 1938; x_wconf 90' lang='lat' dir='ltr'><strong>penitus</strong></span> <span class='ocrx_word' id='word_1_103' title='bbox 778 1859 811 1919; x_wconf 91' lang='lat' dir='ltr'><strong>et</strong></span> <span class='ocrx_word' id='word_1_104' title='bbox 835 1857 906 1920; x_wconf 86' lang='lat' dir='ltr'><strong>toto</strong></span> <span class='ocrx_word' id='word_1_105' title='bbox 932 1851 1028 1918; x_wconf 81' lang='lat' dir='ltr'><strong>salvis</strong></span> <span class='ocrx_word' id='word_1_106' title='bbox 1052 1851 1258 1936; x_wconf 88' lang='lat' dir='ltr'><strong>porcionibus</strong></span> 
     </span>
     <span class='ocr_line' id='line_1_14' title="bbox 127 1960 1258 2028; baseline 0.002 -5"><span class='ocrx_word' id='word_1_107' title='bbox 127 1960 388 2026; x_wconf 81' lang='lat' dir='ltr'><strong>adversariorum</strong></span> <span class='ocrx_word' id='word_1_108' title='bbox 405 1982 535 2028; x_wconf 88' lang='lat' dir='ltr'><strong>snorum</strong></span> <span class='ocrx_word' id='word_1_109' title='bbox 552 1961 591 2027; x_wconf 90' lang='lat' dir='ltr'><strong>de</strong></span> <span class='ocrx_word' id='word_1_110' title='bbox 608 1961 728 2028; x_wconf 89' lang='lat' dir='ltr'><strong>eisdem</strong></span> <span class='ocrx_word' id='word_1_111' title='bbox 752 1961 994 2028; x_wconf 86' lang='lat' dir='ltr'><strong>remanentibus</strong></span> <span class='ocrx_word' id='word_1_112' title='bbox 1017 1961 1194 2026; x_wconf 75' lang='lat' dir='ltr'><strong>relaxasset</strong></span> <span class='ocrx_word' id='word_1_113' title='bbox 1219 2010 1226 2025; x_wconf 93' lang='lat'>.</span> <span class='ocrx_word' id='word_1_114' title='bbox 1251 2009 1258 2025; x_wconf 90' lang='lat'><strong>.</strong></span> 
     </span>
     <span class='ocr_line' id='line_1_15' title="bbox 127 2067 1259 2154; baseline 0.001 -23"><span class='ocrx_word' id='word_1_115' title='bbox 127 2069 262 2152; x_wconf 88' lang='lat' dir='ltr'><strong>insuper</strong></span> <span class='ocrx_word' id='word_1_116' title='bbox 293 2074 422 2135; x_wconf 90' lang='lat' dir='ltr'><strong>centum</strong></span> <span class='ocrx_word' id='word_1_117' title='bbox 448 2091 570 2136; x_wconf 85' lang='lat' dir='ltr'><strong>marcas</strong></span> <span class='ocrx_word' id='word_1_118' title='bbox 596 2071 629 2135; x_wconf 90' lang='lat' dir='ltr'><strong>in</strong></span> <span class='ocrx_word' id='word_1_119' title='bbox 654 2075 784 2154; x_wconf 87' lang='lat' dir='ltr'><strong>promta</strong></span> <span class='ocrx_word' id='word_1_120' title='bbox 808 2071 946 2154; x_wconf 86' lang='lat' dir='ltr'><strong>pecunia</strong></span> <span class='ocrx_word' id='word_1_121' title='bbox 971 2069 1073 2134; x_wconf 86' lang='lat' dir='ltr'><strong>eidem</strong></span> <span class='ocrx_word' id='word_1_122' title='bbox 1104 2067 1259 2149; x_wconf 83' lang='lat' dir='ltr'><strong>magistro</strong></span> 
     </span>
     <span class='ocr_line' id='line_1_16' title="bbox 128 2173 1292 2262; baseline 0 -22"><span class='ocrx_word' id='word_1_123' title='bbox 128 2173 295 2260; x_wconf 82' lang='lat' dir='ltr'><strong>Stephano</strong></span> <span class='ocrx_word' id='word_1_124' title='bbox 312 2179 543 2262; x_wconf 79' lang='lat' dir='ltr'><strong>persolvisset.</strong></span> <span class='ocrx_word' id='word_1_125' title='bbox 569 2230 576 2245; x_wconf 93' lang='lat'><strong>.</strong></span> <span class='ocrx_word' id='word_1_126' title='bbox 602 2179 726 2245; x_wconf 84' lang='lat' dir='ltr'><strong>Datum</strong></span> <span class='ocrx_word' id='word_1_127' title='bbox 751 2179 785 2244; x_wconf 92' lang='lat' dir='ltr'><strong>in</strong></span> <span class='ocrx_word' id='word_1_128' title='bbox 811 2177 1011 2262; x_wconf 80' lang='lat' dir='ltr'><strong>Wissegrad,</strong></span> <span class='ocrx_word' id='word_1_129' title='bbox 1035 2177 1117 2244; x_wconf 84' lang='lat' dir='ltr'><strong>seria</strong></span> <span class='ocrx_word' id='word_1_130' title='bbox 1141 2181 1261 2262; x_wconf 84' lang='lat' dir='ltr'><strong>quartu</strong></span> <span class='ocrx_word' id='word_1_131' title='bbox 1289 2197 1292 2202; x_wconf 82' lang='grc'><strong>’</strong></span> 
     </span>
     <span class='ocr_line' id='line_1_17' title="bbox 128 2285 1261 2373; baseline 0.001 -24"><span class='ocrx_word' id='word_1_132' title='bbox 128 2285 278 2366; x_wconf 84' lang='lat' dir='ltr'><strong>proxima</strong></span> <span class='ocrx_word' id='word_1_133' title='bbox 302 2290 377 2351; x_wconf 88' lang='lat' dir='ltr'><strong>ante</strong></span> <span class='ocrx_word' id='word_1_134' title='bbox 402 2285 520 2354; x_wconf 88' lang='lat' dir='ltr'><strong>festum</strong></span> <span class='ocrx_word' id='word_1_135' title='bbox 544 2287 787 2373; x_wconf 88' lang='lat' dir='ltr'><strong>Penthecostes‚</strong></span> <span class='ocrx_word' id='word_1_136' title='bbox 811 2309 896 2354; x_wconf 85' lang='lat' dir='ltr'><strong>anno</strong></span> <span class='ocrx_word' id='word_1_137' title='bbox 932 2286 1054 2354; x_wconf 87' lang='lat' dir='ltr'><strong>domini</strong></span> <span class='ocrx_word' id='word_1_138' title='bbox 1084 2285 1261 2352; x_wconf 91' lang='lat' dir='ltr'><strong>Millesimo</strong></span> 
     </span>
    </p>
   </div>
   <div class='ocr_carea' id='block_1_3' title="bbox 129 2389 545 2462">
    <p class='ocr_par' dir='ltr' id='par_1_3' title="bbox 129 2389 545 2462">
     <span class='ocr_line' id='line_1_18' title="bbox 129 2389 545 2462; baseline 0.012 -5"><span class='ocrx_word' id='word_1_139' title='bbox 129 2389 232 2459; x_wconf 81' lang='grc'><strong>0000</strong></span> <span class='ocrx_word' id='word_1_140' title='bbox 246 2389 380 2458; x_wconf 85' lang='lat' dir='ltr'><strong>XXX⁰</strong></span> <span class='ocrx_word' id='word_1_141' title='bbox 395 2396 545 2462; x_wconf 77' lang='lat' dir='ltr'><strong>secundo,</strong></span> 
     </span>
    </p>
   </div>
   <div class='ocr_carea' id='block_1_4' title="bbox 129 2556 1261 2883">
    <p class='ocr_par' dir='ltr' id='par_1_4' title="bbox 129 2556 1261 2883">
     <span class='ocr_line' id='line_1_19' title="bbox 238 2556 1260 2626; baseline -0.003 -18"><span class='ocrx_word' id='word_1_142' title='bbox 238 2558 391 2623; x_wconf 75' lang='lat' dir='ltr'><strong>Hritlapjetn</strong></span> <span class='ocrx_word' id='word_1_143' title='bbox 412 2575 429 2610; x_wconf 85' lang='lat' dir='ltr'><strong>a</strong></span> <span class='ocrx_word' id='word_1_144' title='bbox 451 2575 524 2626; x_wconf 80' lang='lat' dir='ltr'><strong>nagy</strong></span> <span class='ocrx_word' id='word_1_145' title='bbox 537 2560 591 2610; x_wconf 88' lang='lat' dir='ltr'><strong>kir.</strong></span> <span class='ocrx_word' id='word_1_146' title='bbox 604 2558 697 2626; x_wconf 71' lang='lat' dir='ltr'><strong>peccet</strong></span> <span class='ocrx_word' id='word_1_147' title='bbox 711 2559 893 2624; x_wconf 81' lang='lat' dir='ltr'><strong>nyornsiva13</strong></span> <span class='ocrx_word' id='word_1_148' title='bbox 912 2556 1043 2622; x_wconf 82' lang='lat' dir='ltr'><strong>credetije</strong></span> <span class='ocrx_word' id='word_1_149' title='bbox 1056 2572 1089 2606; x_wconf 83' lang='lat' dir='ltr'><strong>az</strong></span> <span class='ocrx_word' id='word_1_150' title='bbox 1104 2571 1174 2607; x_wconf 85' lang='lat' dir='ltr'><strong>orsz.</strong></span> <span class='ocrx_word' id='word_1_151' title='bbox 1201 2556 1260 2606; x_wconf 77' lang='lat' dir='ltr'><strong>ltar</strong></span> 
     </span>
     <span class='ocr_line' id='line_1_20' title="bbox 129 2643 1260 2715; baseline -0.003 -20"><span class='ocrx_word' id='word_1_152' title='bbox 129 2647 233 2698; x_wconf 82' lang='lat' dir='ltr'><strong>kiucst.</strong></span> <span class='ocrx_word' id='word_1_153' title='bbox 247 2655 317 2700; x_wconf 84' lang='lat' dir='ltr'><strong>oszt.</strong></span> <span class='ocrx_word' id='word_1_154' title='bbox 331 2650 364 2700; x_wconf 86' lang='lat' dir='ltr'><strong>N.</strong></span> <span class='ocrx_word' id='word_1_155' title='bbox 378 2651 411 2700; x_wconf 84' lang='grc' dir='ltr'><strong>Β,</strong></span> <span class='ocrx_word' id='word_1_156' title='bbox 425 2650 457 2700; x_wconf 81' lang='grc' dir='ltr'><strong>Δ.</strong></span> <span class='ocrx_word' id='word_1_157' title='bbox 473 2655 515 2701; x_wconf 82' lang='grc'><strong>29.</strong></span> <span class='ocrx_word' id='word_1_158' title='bbox 530 2655 573 2702; x_wconf 80' lang='lat' dir='ltr'><strong>to.</strong></span> <span class='ocrx_word' id='word_1_159' title='bbox 587 2651 654 2715; x_wconf 83' lang='lat' dir='ltr'><strong>dipl.</strong></span> <span class='ocrx_word' id='word_1_160' title='bbox 668 2650 740 2700; x_wconf 79' lang='lat' dir='ltr'><strong>ltrtr:</strong></span> <span class='ocrx_word' id='word_1_161' title='bbox 756 2653 834 2700; x_wconf 76' lang='lat'><strong>2727.</strong></span> <span class='ocrx_word' id='word_1_162' title='bbox 859 2649 979 2713; x_wconf 81' lang='lat' dir='ltr'><strong>Megvsn</strong></span> <span class='ocrx_word' id='word_1_163' title='bbox 990 2649 1129 2712; x_wconf 69' lang='lat' dir='ltr'><strong>ugyanott</strong></span> <span class='ocrx_word' id='word_1_164' title='bbox 1141 2647 1163 2697; x_wconf 92' lang='lat'><strong>1.</strong></span> <span class='ocrx_word' id='word_1_165' title='bbox 1177 2643 1260 2709; x_wconf 77' lang='lat' dir='ltr'><strong>bajos</strong></span> 
     </span>
     <span class='ocr_line' id='line_1_21' title="bbox 129 2734 1261 2802; baseline 0 -17"><span class='ocrx_word' id='word_1_166' title='bbox 129 2736 224 2802; x_wconf 69' lang='lat' dir='ltr'><strong>kirtly</strong></span> <span class='ocrx_word' id='word_1_167' title='bbox 241 2743 319 2790; x_wconf 75' lang='lat'>1³⁶4.</span> <span class='ocrx_word' id='word_1_168' title='bbox 342 2741 410 2791; x_wconf 82' lang='lat' dir='ltr'><strong>febr.</strong></span> <span class='ocrx_word' id='word_1_169' title='bbox 426 2742 507 2791; x_wconf 68' lang='lat' dir='ltr'><strong>al-en</strong></span> <span class='ocrx_word' id='word_1_170' title='bbox 520 2741 579 2791; x_wconf 84' lang='lat' dir='ltr'><strong>kelt</strong></span> <span class='ocrx_word' id='word_1_171' title='bbox 591 2740 747 2791; x_wconf 76' lang='lat' dir='ltr'><strong>aitiratstbau</strong></span> <span class='ocrx_word' id='word_1_172' title='bbox 761 2740 792 2802; x_wconf 88' lang='lat' dir='ltr'><strong>is,</strong></span> <span class='ocrx_word' id='word_1_173' title='bbox 805 2739 839 2789; x_wconf 84' lang='lat' dir='ltr'><strong>N.</strong></span> <span class='ocrx_word' id='word_1_174' title='bbox 852 2739 884 2790; x_wconf 87' lang='lat' dir='ltr'><strong>R.</strong></span> <span class='ocrx_word' id='word_1_175' title='bbox 899 2737 931 2788; x_wconf 74' lang='lat' dir='ltr'><strong>A.</strong></span> <span class='ocrx_word' id='word_1_176' title='bbox 955 2741 1015 2788; x_wconf 71' lang='lat'><strong>643.</strong></span> <span class='ocrx_word' id='word_1_177' title='bbox 1041 2740 1081 2787; x_wconf 77' lang='lat' dir='ltr'><strong>lt.</strong></span> <span class='ocrx_word' id='word_1_178' title='bbox 1100 2734 1168 2802; x_wconf 84' lang='lat' dir='ltr'><strong>dipl.</strong></span> <span class='ocrx_word' id='word_1_179' title='bbox 1190 2734 1261 2785; x_wconf 73' lang='lat' dir='ltr'><strong>lter:</strong></span> 
     </span>
     <span class='ocr_line' id='line_1_22' title="bbox 131 2830 495 2883; baseline -0.005 -3"><span class='ocrx_word' id='word_1_180' title='bbox 131 2833 211 2880; x_wconf 80' lang='grc'>2643.</span> <span class='ocrx_word' id='word_1_181' title='bbox 226 2830 307 2881; x_wconf 76' lang='lat' dir='ltr'><strong>Kozli</strong></span> <span class='ocrx_word' id='word_1_182' title='bbox 321 2846 327 2881; x_wconf 73' lang='grc' dir='ltr'><strong><em>ε</em></strong></span> <span class='ocrx_word' id='word_1_183' title='bbox 341 2830 448 2883; x_wconf 68' lang='lat' dir='ltr'><strong>Koraos</strong></span> <span class='ocrx_word' id='word_1_184' title='bbox 461 2832 495 2882; x_wconf 87' lang='lat' dir='ltr'><strong>N.</strong></span> 
     </span>
    </p>
   </div>
   <div class='ocr_carea' id='block_1_5' title="bbox 622 3029 775 3038">
    <p class='ocr_par' dir='ltr' id='par_1_5' title="bbox 622 3029 775 3038">
     <span class='ocr_line' id='line_1_23' title="bbox 622 3029 775 3038; baseline -0.026 0"><span class='ocrx_word' id='word_1_185' title='bbox 622 3029 775 3038; x_wconf 71' lang='lat'><em>·——--··——-·</em></span> 
     </span>
    </p>
   </div>
   <div class='ocr_carea' id='block_1_6' title="bbox 133 3420 1270 3838">
    <p class='ocr_par' dir='ltr' id='par_1_6' title="bbox 135 3420 1270 3517">
     <span class='ocr_line' id='line_1_24' title="bbox 135 3420 1270 3517; baseline -0.009 -20"><span class='ocrx_word' id='word_1_186' title='bbox 135 3435 235 3497; x_wconf 86' lang='lat'><strong><em>1332.</em></strong></span> <span class='ocrx_word' id='word_1_187' title='bbox 259 3431 486 3517; x_wconf 83' lang='lat' dir='ltr'><strong>Vizsoly,jun.</strong></span> <span class='ocrx_word' id='word_1_188' title='bbox 504 3431 555 3494; x_wconf 84' lang='lat'><strong>17.</strong></span> <span class='ocrx_word' id='word_1_189' title='bbox 580 3429 728 3516; x_wconf 72' lang='lat' dir='ltr'><strong>Dropetb</strong></span> <span class='ocrx_word' id='word_1_190' title='bbox 761 3427 936 3495; x_wconf 85' lang='lat' dir='ltr'><strong>Viltermus</strong></span> <span class='ocrx_word' id='word_1_191' title='bbox 961 3425 1075 3512; x_wconf 75' lang='lat' dir='ltr'><strong>Saepes</strong></span> <span class='ocrx_word' id='word_1_192' title='bbox 1101 3429 1133 3490; x_wconf 87' lang='lat' dir='ltr'><strong>e&#39;s</strong></span> <span class='ocrx_word' id='word_1_193' title='bbox 1159 3420 1270 3508; x_wconf 79' lang='lat' dir='ltr'><strong>Ataej</strong></span> 
     </span>
    </p>

    <p class='ocr_par' dir='ltr' id='par_1_7' title="bbox 133 3532 1269 3625">
     <span class='ocr_line' id='line_1_25' title="bbox 133 3532 1269 3625; baseline -0.008 -21"><span class='ocrx_word' id='word_1_194' title='bbox 133 3539 330 3625; x_wconf 70' lang='lat' dir='ltr'><strong>eormeyye&#39;k</strong></span> <span class='ocrx_word' id='word_1_195' title='bbox 346 3538 529 3624; x_wconf 76' lang='lat' dir='ltr'><strong>fbispctnjo</strong></span> <span class='ocrx_word' id='word_1_196' title='bbox 560 3539 611 3602; x_wconf 80' lang='lat' dir='ltr'><strong>be&#39;t</strong></span> <span class='ocrx_word' id='word_1_197' title='bbox 635 3541 805 3622; x_wconf 70' lang='lat' dir='ltr'><strong>stirme9pe</strong></span> <span class='ocrx_word' id='word_1_198' title='bbox 835 3535 974 3600; x_wconf 77' lang='lat' dir='ltr'><strong>re&#39;sze&#39;rbt</strong></span> <span class='ocrx_word' id='word_1_199' title='bbox 997 3533 1169 3618; x_wconf 77' lang='lat' dir='ltr'><strong>Vizsolpon</strong></span> <span class='ocrx_word' id='word_1_200' title='bbox 1198 3532 1269 3595; x_wconf 83' lang='lat' dir='ltr'><strong>kb&#39;z·</strong></span> 
     </span>
    </p>

    <p class='ocr_par' dir='ltr' id='par_1_8' title="bbox 134 3639 1269 3838">
     <span class='ocr_line' id='line_1_26' title="bbox 134 3639 1269 3735; baseline -0.01 -21"><span class='ocrx_word' id='word_1_201' title='bbox 134 3649 265 3735; x_wconf 73' lang='lat' dir='ltr'><strong>pyttle&#39;st</strong></span> <span class='ocrx_word' id='word_1_202' title='bbox 283 3652 429 3725; x_wconf 73' lang='lat' dir='ltr'><strong>tortorio,</strong></span> <span class='ocrx_word' id='word_1_203' title='bbox 446 3671 467 3711; x_wconf 87' lang='lat' dir='ltr'><em>a</em></span> <span class='ocrx_word' id='word_1_204' title='bbox 490 3647 612 3731; x_wconf 74' lang='lat' dir='ltr'><strong>Koltoy</strong></span> <span class='ocrx_word' id='word_1_205' title='bbox 629 3648 716 3710; x_wconf 75' lang='lat' dir='ltr'><strong>Indo</strong></span> <span class='ocrx_word' id='word_1_206' title='bbox 732 3645 845 3732; x_wconf 69' lang='lat' dir='ltr'><strong>tapes·</strong></span> <span class='ocrx_word' id='word_1_207' title='bbox 869 3647 902 3709; x_wconf 83' lang='lat' dir='ltr'><strong>e&#39;s</strong></span> <span class='ocrx_word' id='word_1_208' title='bbox 918 3644 988 3709; x_wconf 73' lang='lat' dir='ltr'><strong>tolet</strong></span> <span class='ocrx_word' id='word_1_209' title='bbox 1003 3643 1169 3708; x_wconf 78' lang='lat' dir='ltr'><strong>bie-tokoin</strong></span> <span class='ocrx_word' id='word_1_210' title='bbox 1185 3639 1269 3704; x_wconf 60' lang='grc' dir='ltr'><strong>60ῡὸ-</strong></span> 
     </span>
     <span class='ocr_line' id='line_1_27' title="bbox 352 3750 1053 3838; baseline -0.014 -18"><span class='ocrx_word' id='word_1_211' title='bbox 352 3765 444 3820; x_wconf 86' lang='lat' dir='ltr'><strong>vetett</strong></span> <span class='ocrx_word' id='word_1_212' title='bbox 470 3753 665 3838; x_wconf 77' lang='lat' dir='ltr'><strong>tolvujlo&#39;sob</strong></span> <span class='ocrx_word' id='word_1_213' title='bbox 684 3753 845 3838; x_wconf 68' lang='lat' dir='ltr'><strong>dotpctban</strong></span> <span class='ocrx_word' id='word_1_214' title='bbox 864 3750 1053 3816; x_wconf 70' lang='lat' dir='ltr'><strong>itcteekcdik.</strong></span> 
     </span>
    </p>
   </div>
   <div class='ocr_carea' id='block_1_7' title="bbox 135 3904 1276 4761">
    <p class='ocr_par' dir='ltr' id='par_1_9' title="bbox 135 3904 1276 4761">
     <span class='ocr_line' id='line_1_28' title="bbox 244 3904 1272 4000; baseline -0.01 -16"><span class='ocrx_word' id='word_1_215' title='bbox 244 3912 316 3984; x_wconf 89' lang='lat' dir='ltr'><strong>Nos</strong></span> <span class='ocrx_word' id='word_1_216' title='bbox 332 3915 488 3997; x_wconf 87' lang='lat' dir='ltr'><strong>magister</strong></span> <span class='ocrx_word' id='word_1_217' title='bbox 503 3913 705 4000; x_wconf 84' lang='lat' dir='ltr'><strong>Wyllermus</strong></span> <span class='ocrx_word' id='word_1_218' title='bbox 720 3910 887 3996; x_wconf 85' lang='lat' dir='ltr'><strong>Drugettb</strong></span> <span class='ocrx_word' id='word_1_219' title='bbox 912 3929 1017 3977; x_wconf 91' lang='lat' dir='ltr'><strong>eomes</strong></span> <span class='ocrx_word' id='word_1_220' title='bbox 1042 3906 1083 3974; x_wconf 87' lang='lat' dir='ltr'><strong>de</strong></span> <span class='ocrx_word' id='word_1_221' title='bbox 1099 3904 1219 3992; x_wconf 79' lang='lat' dir='ltr'><strong>Sospes</strong></span> <span class='ocrx_word' id='word_1_222' title='bbox 1239 3913 1272 3974; x_wconf 88' lang='lat' dir='ltr'><strong>et</strong></span> 
     </span>
     <span class='ocr_line' id='line_1_29' title="bbox 135 4015 1272 4110; baseline -0.012 -17"><span class='ocrx_word' id='word_1_223' title='bbox 135 4027 174 4092; x_wconf 90' lang='lat' dir='ltr'><strong>de</strong></span> <span class='ocrx_word' id='word_1_224' title='bbox 194 4022 330 4110; x_wconf 84' lang='lat' dir='ltr'><strong>Wywar</strong></span> <span class='ocrx_word' id='word_1_225' title='bbox 341 4021 454 4089; x_wconf 86' lang='lat' dir='ltr'><strong>damus</strong></span> <span class='ocrx_word' id='word_1_226' title='bbox 464 4043 523 4106; x_wconf 92' lang='lat' dir='ltr'><strong>pro</strong></span> <span class='ocrx_word' id='word_1_227' title='bbox 540 4021 704 4104; x_wconf 89' lang='lat' dir='ltr'><strong>memoria,</strong></span> <span class='ocrx_word' id='word_1_228' title='bbox 715 4020 802 4104; x_wconf 86' lang='lat' dir='ltr'><strong>quod</strong></span> <span class='ocrx_word' id='word_1_229' title='bbox 817 4021 850 4085; x_wconf 94' lang='lat' dir='ltr'><strong>in</strong></span> <span class='ocrx_word' id='word_1_230' title='bbox 867 4017 1009 4103; x_wconf 82' lang='lat' dir='ltr'><strong>quadem</strong></span> <span class='ocrx_word' id='word_1_231' title='bbox 1018 4015 1272 4100; x_wconf 84' lang='lat' dir='ltr'><strong>congregacione</strong></span> 
     </span>
     <span class='ocr_line' id='line_1_30' title="bbox 135 4125 1273 4216; baseline -0.009 -18"><span class='ocrx_word' id='word_1_232' title='bbox 135 4137 248 4199; x_wconf 86' lang='lat' dir='ltr'><strong>nostra</strong></span> <span class='ocrx_word' id='word_1_233' title='bbox 279 4133 425 4216; x_wconf 85' lang='lat' dir='ltr'><strong>generali</strong></span> <span class='ocrx_word' id='word_1_234' title='bbox 450 4154 523 4197; x_wconf 89' lang='lat' dir='ltr'><strong>cum</strong></span> <span class='ocrx_word' id='word_1_235' title='bbox 542 4131 698 4198; x_wconf 88' lang='lat' dir='ltr'><strong>universis</strong></span> <span class='ocrx_word' id='word_1_236' title='bbox 723 4128 885 4197; x_wconf 88' lang='lat' dir='ltr'><strong>nobilibus</strong></span> <span class='ocrx_word' id='word_1_237' title='bbox 910 4131 1034 4213; x_wconf 85' lang='lat' dir='ltr'><strong>septem</strong></span> <span class='ocrx_word' id='word_1_238' title='bbox 1059 4125 1273 4192; x_wconf 81' lang='lat' dir='ltr'><strong>comitatuum</strong></span> 
     </span>
     <span class='ocr_line' id='line_1_31' title="bbox 136 4231 1273 4318; baseline -0.012 -10"><span class='ocrx_word' id='word_1_239' title='bbox 136 4245 323 4310; x_wconf 88' lang='lat' dir='ltr'><strong>nostrorum</strong></span> <span class='ocrx_word' id='word_1_240' title='bbox 339 4241 372 4306; x_wconf 93' lang='lat' dir='ltr'><strong>in</strong></span> <span class='ocrx_word' id='word_1_241' title='bbox 389 4246 503 4306; x_wconf 84' lang='lat' dir='ltr'><strong>octava</strong></span> <span class='ocrx_word' id='word_1_242' title='bbox 518 4238 590 4305; x_wconf 89' lang='lat' dir='ltr'><strong>festi</strong></span> <span class='ocrx_word' id='word_1_243' title='bbox 606 4238 840 4304; x_wconf 86' lang='lat' dir='ltr'><strong>Penthecostes</strong></span> <span class='ocrx_word' id='word_1_244' title='bbox 856 4236 890 4302; x_wconf 92' lang='lat' dir='ltr'><strong>in</strong></span> <span class='ocrx_word' id='word_1_245' title='bbox 906 4233 985 4300; x_wconf 84' lang='lat' dir='ltr'><strong>villo</strong></span> <span class='ocrx_word' id='word_1_246' title='bbox 997 4232 1103 4318; x_wconf 85' lang='lat' dir='ltr'><strong>Vysul</strong></span> <span class='ocrx_word' id='word_1_247' title='bbox 1121 4231 1164 4297; x_wconf 87' lang='lat' dir='ltr'><strong>ad</strong></span> <span class='ocrx_word' id='word_1_248' title='bbox 1189 4253 1273 4296; x_wconf 88' lang='lat' dir='ltr'><strong>eom·</strong></span> 
     </span>
     <span class='ocr_line' id='line_1_32' title="bbox 136 4337 1274 4436; baseline -0.014 -19"><span class='ocrx_word' id='word_1_249' title='bbox 136 4350 334 4436; x_wconf 77' lang='lat' dir='ltr'><strong>poscendum</strong></span> <span class='ocrx_word' id='word_1_250' title='bbox 367 4349 591 4426; x_wconf 84' lang='lat' dir='ltr'><strong>malefactores</strong></span> <span class='ocrx_word' id='word_1_251' title='bbox 622 4346 708 4413; x_wconf 87' lang='lat' dir='ltr'><strong>faeta</strong></span> <span class='ocrx_word' id='word_1_252' title='bbox 741 4347 827 4411; x_wconf 86' lang='lat' dir='ltr'><strong>inter</strong></span> <span class='ocrx_word' id='word_1_253' title='bbox 858 4349 966 4408; x_wconf 85' lang='lat' dir='ltr'><strong>cetera</strong></span> <span class='ocrx_word' id='word_1_254' title='bbox 996 4340 1153 4423; x_wconf 84' lang='lat' dir='ltr'><strong>magister</strong></span> <span class='ocrx_word' id='word_1_255' title='bbox 1182 4337 1274 4403; x_wconf 82' lang='lat' dir='ltr'><strong>Iwan</strong></span> 
     </span>
     <span class='ocr_line' id='line_1_33' title="bbox 136 4445 1273 4542; baseline -0.014 -15"><span class='ocrx_word' id='word_1_256' title='bbox 136 4462 224 4527; x_wconf 86' lang='lat' dir='ltr'><strong>filius</strong></span> <span class='ocrx_word' id='word_1_257' title='bbox 240 4457 353 4542; x_wconf 80' lang='lat' dir='ltr'><strong>Egidii</strong></span> <span class='ocrx_word' id='word_1_258' title='bbox 375 4457 414 4523; x_wconf 90' lang='lat' dir='ltr'><strong>de</strong></span> <span class='ocrx_word' id='word_1_259' title='bbox 430 4455 561 4523; x_wconf 88' lang='lat' dir='ltr'><strong>Kallow</strong></span> <span class='ocrx_word' id='word_1_260' title='bbox 578 4475 775 4538; x_wconf 84' lang='lat' dir='ltr'><strong>consurgens</strong></span> <span class='ocrx_word' id='word_1_261' title='bbox 791 4452 881 4534; x_wconf 86' lang='lat' dir='ltr'><strong>dixit,</strong></span> <span class='ocrx_word' id='word_1_262' title='bbox 898 4449 987 4535; x_wconf 90' lang='lat' dir='ltr'><strong>quod</strong></span> <span class='ocrx_word' id='word_1_263' title='bbox 1003 4446 1207 4530; x_wconf 83' lang='lat' dir='ltr'><strong>Pangracius</strong></span> <span class='ocrx_word' id='word_1_264' title='bbox 1233 4445 1273 4512; x_wconf 86' lang='lat' dir='ltr'><strong>de</strong></span> 
     </span>
     <span class='ocr_line' id='line_1_34' title="bbox 138 4553 1276 4654; baseline -0.012 -18"><span class='ocrx_word' id='word_1_265' title='bbox 138 4567 276 4654; x_wconf 74' lang='lat' dir='ltr'><strong>Scynne</strong></span> <span class='ocrx_word' id='word_1_266' title='bbox 294 4564 457 4650; x_wconf 84' lang='lat' dir='ltr'><strong>Georgius</strong></span> <span class='ocrx_word' id='word_1_267' title='bbox 474 4564 559 4631; x_wconf 89' lang='lat' dir='ltr'><strong>filius</strong></span> <span class='ocrx_word' id='word_1_268' title='bbox 573 4565 677 4650; x_wconf 83' lang='lat' dir='ltr'><strong>Egke,</strong></span> <span class='ocrx_word' id='word_1_269' title='bbox 693 4560 845 4630; x_wconf 85' lang='lat' dir='ltr'><strong>Andreas</strong></span> <span class='ocrx_word' id='word_1_270' title='bbox 861 4559 947 4626; x_wconf 85' lang='lat' dir='ltr'><strong>filins</strong></span> <span class='ocrx_word' id='word_1_271' title='bbox 958 4554 1094 4624; x_wconf 86' lang='lat' dir='ltr'><strong>Obndur</strong></span> <span class='ocrx_word' id='word_1_272' title='bbox 1104 4553 1276 4622; x_wconf 89' lang='lat' dir='ltr'><strong>etPetheu</strong></span> 
     </span>
     <span class='ocr_line' id='line_1_35' title="bbox 138 4663 1275 4761; baseline -0.013 -18"><span class='ocrx_word' id='word_1_273' title='bbox 138 4697 280 4761; x_wconf 83' lang='lat' dir='ltr'><strong>maguus</strong></span> <span class='ocrx_word' id='word_1_274' title='bbox 297 4697 336 4742; x_wconf 87' lang='lat' dir='ltr'><strong>ac</strong></span> <span class='ocrx_word' id='word_1_275' title='bbox 350 4674 525 4742; x_wconf 84' lang='lat' dir='ltr'><strong>Ladislaus</strong></span> <span class='ocrx_word' id='word_1_276' title='bbox 540 4672 627 4739; x_wconf 91' lang='lat' dir='ltr'><strong>filius</strong></span> <span class='ocrx_word' id='word_1_277' title='bbox 643 4669 804 4758; x_wconf 85' lang='lat' dir='ltr'><strong>Reynoldi</strong></span> <span class='ocrx_word' id='word_1_278' title='bbox 820 4667 901 4735; x_wconf 86' lang='lat' dir='ltr'><strong>feria</strong></span> <span class='ocrx_word' id='word_1_279' title='bbox 917 4671 1010 4734; x_wconf 87' lang='lat' dir='ltr'><strong>sexta</strong></span> <span class='ocrx_word' id='word_1_280' title='bbox 1025 4663 1174 4749; x_wconf 86' lang='lat' dir='ltr'><strong>proxima</strong></span> <span class='ocrx_word' id='word_1_281' title='bbox 1199 4669 1275 4747; x_wconf 89' lang='lat' dir='ltr'><strong>post</strong></span> 
     </span>
    </p>
   </div>
   <div class='ocr_carea' id='block_1_8' title="bbox 0 0 1604 5472">
    <p class='ocr_par' dir='ltr' id='par_1_10' title="bbox 0 0 1604 5472">
     <span class='ocr_line' id='line_1_36' title="bbox 0 0 1604 5472; baseline 0 0"><span class='ocrx_word' id='word_1_282' title='bbox 0 0 1604 5472; x_wconf 95' lang='lat' dir='ltr'><strong> </strong></span> 
     </span>
    </p>
   </div>
  </div>
 </body>
</html>
