3172 5462
531 477 625 539 1324.
637 483 716 539 111.
735 477 785 539 11.
1155 477 1218 540 153

100 657 335 742 presumpcione
365 655 596 722 rebellantium
626 676 798 721 numerosa
832 656 1041 724 multitudine
1066 655 1219 724 suffultus

101 765 231 832 callebat
257 765 344 850 quod
369 785 434 831 non
463 767 618 848 posuerat
642 764 791 830 metendo
816 764 1011 849 inpudenter
1042 766 1130 850 quod
1155 787 1220 832 non
1287 749 1289 752 ⁵

101 875 267 940 seminarat
283 871 305 959 (.
322 923 329 938 .
345 922 353 939 .
369 870 392 958 .)
407 873 554 957 lignandi
579 894 679 958 prope
696 873 861 939 civitatem
880 879 1024 940 nostram
1050 873 1220 942 0111111-

101 989 198 1049 catam
231 987 347 1048 contra
377 988 523 1049 nostram
555 983 759 1048 maiestatem
783 983 905 1048 bellum
930 984 1131 1050 committere
1156 1004 1220 1048 non

100 1091 263 1156 advertens
289 1089 377 1174 quod
392 1091 449 1176 qui
464 1091 612 1156 naturali
631 1089 760 1157 domino
786 1091 934 1156 resistere
960 1092 1082 1174 satagit
1106 1091 1221 1156 divinis

101 1199 360 1282 disposicionibus
390 1199 561 1265 manifeste
591 1199 721 1266 videtur
751 1201 893 1284 obuiare,
924 1221 988 1264 non
1013 1199 1222 1266 formidasset

101 1306 120 1392 (.
135 1358 141 1372 .
156 1359 162 1372 .
176 1304 199 1392 .)
218 1307 362 1373 Thomas
387 1309 549 1392 vvaywada
574 1308 756 1375 devocionis
773 1315 805 1374 11
820 1307 895 1374 fidei
910 1309 1035 1374 fervore
1060 1307 1221 1392 premuni-

101 1423 146 1480 tus
159 1437 218 1499 pro
234 1415 394 1482 fidelitate
409 1417 496 1500 regie
520 1437 636 1482 corone
660 1421 770 1482 nostre
795 1417 905 1483 debita
929 1418 1021 1483 nobis
1046 1423 1079 1482 et
1103 1417 1220 1481 nostris

100 1523 242 1588 fidelibus
258 1524 315 1606 qui
330 1530 409 1589 tuno
424 1524 590 1589 nobiscum
606 1523 743 1590 aderant
767 1525 854 1590 clare
877 1523 1078 1590 intuentibus
1101 1523 1221 1588 ibidem

100 1632 303 1697 laudabiliter
328 1631 523 1697 decertando
547 1632 753 1698 vehementer
770 1629 791 1718 (.
809 1683 816 1698 .
833 1683 840 1698 .
857 1629 879 1718 .)
895 1633 929 1697 bi
954 1633 1060 1698 divine
1088 1633 1221 1716 pietatis

99 1741 293 1804 immensitas
309 1739 376 1804 visa
392 1741 538 1823 propicia
554 1745 587 1806 et
610 1741 739 1806 unicam
763 1741 929 1806 lucernam
954 1743 987 1806 in
1013 1741 1107 1805 domo
1132 1741 1222 1823 regia

100 1849 215 1930 extingi
241 1869 306 1913 non
331 1869 426 1932 passa
450 1850 619 1915 victoriam
643 1847 737 1915 nobis
761 1849 878 1915 tribuit
901 1849 1148 1932 triumphalem;
1180 1848 1222 1913 ad

97 1955 152 2021 hec
182 1978 258 2022 cum
291 1979 349 2022 nos
380 1963 523 2023 castrum
556 1964 704 2024 nostrum
733 1957 920 2044 Wysegrad
953 1965 1103 2024 vocatum
1134 1957 1221 2042 quod

98 2085 151 2147 per
164 2064 186 2145 (.
203 2116 211 2130 .
230 2115 237 2130 .
255 2062 277 2152 .)
295 2089 326 2132 m
349 2065 511 2132 infidelem
535 2073 683 2132 nostrum
699 2069 733 2133 in
748 2068 957 2151 opprobrium
974 2072 1008 2133 et
1023 2072 1222 2133 contemtum

98 2175 194 2240 nostri
212 2175 380 2257 regiminis
396 2175 604 2242 detinebatur
628 2177 807 2260 expugnari
823 2175 1017 2259 fecissemus,
1033 2176 1118 2241 idem
1136 2175 1222 2240 Tho-

97 2303 161 2348 mas
199 2283 365 2368 waywada
403 2282 529 2349 tamdiu
567 2286 673 2368 ipsum
713 2290 855 2350 castrum
895 2285 1050 2350 adiuncta
1084 2285 1222 2349 aliorum

98 2390 239 2456 fidelium
263 2398 447 2457 nostrorum
472 2393 534 2458 sibi
559 2394 713 2460 societate
732 2392 859 2459 obsedit
877 2393 978 2458 donec
993 2394 1079 2459 idem
1095 2393 1138 2456 ad
1153 2393 1222 2456 lau-

98 2501 166 2566 dem
196 2507 232 2566 et
266 2501 421 2566 honorem
454 2503 542 2585 regio
581 2503 761 2568 maiestatis
792 2509 900 2569 nostre
933 2503 1043 2568 extitit
1073 2499 1223 2570 manibus
1270 2591 1272 2595 ι

96 2611 211 2675 nostris
228 2611 447 2692 assignatum
463 2632 529 2677 non
545 2631 618 2675 eum
633 2615 821 2676 terruerunt
850 2611 963 2676 mortis
994 2610 1079 2674 mine
1094 2630 1159 2674 non
1174 2631 1223 2674 re-

96 2737 164 2780 rum
179 2717 303 2782 damna
318 2738 384 2781 111
403 2717 618 2783 emulaciones
643 2738 702 2783 nec
726 2718 945 2801 proximorum
971 2722 1004 2781 et
1027 2718 1224 2782 servientum

95 2845 223 2889 suorum
240 2824 485 2892 interiecciones
509 2826 683 2910 exquibus
701 2825 848 2891 nonnulli
863 2825 998 2890 verbera
1024 2831 1056 2890 et
1080 2825 1224 2890 ludibria

95 2935 218 3016 experti
248 2933 396 2998 nonnulli
414 2935 516 2998 eciam
535 2955 593 3017 pro
611 2933 770 3000 fidelitate
789 2931 881 2998 nobis
900 2932 1011 2997 debita
1028 2933 1063 2997 in
1082 2955 1137 2998 ore
1156 2933 1223 3016 gla-

95 3039 137 3104 dii
151 3047 231 3106 sunt
249 3041 355 3126 occisi,
372 3061 431 3106 111
447 3041 510 3106 alie
525 3041 725 3107 tentaciones
741 3063 804 3124 que
823 3041 1000 3106 humanam
1010 3041 1224 3125 fragilitatem

94 3171 112 3212 a
127 3149 211 3214 bone
222 3150 424 3233 operacionis
439 3151 568 3233 incepto
579 3151 743 3234 proposito
754 3171 943 3216 consuevere
952 3172 1120 3234 revocare3
1146 3150 1224 3234 quid

93 3257 213 3340 plura?
240 3257 294 3324 hic
318 3257 380 3323 fuit
406 3260 462 3342 qui
478 3259 670 3343 evangelice
696 3259 854 3342 scripture
879 3280 1017 3342 sequens
1042 3259 1224 3324 doctrinam

93 3367 269 3450 abnegavit
294 3371 396 3432 semet
410 3368 516 3452 ipsum
543 3363 564 3452 (.
581 3417 588 3432 .
605 3418 611 3432 .
628 3364 651 3454 )
671 3388 706 3432 os
725 3373 824 3450 atquo
844 3387 901 3431 sua
921 3373 954 3431 et
969 3389 1027 3450 pro
1046 3368 1149 3432 nostri
1167 3366 1225 3432 ho-

94 3476 177 3540 noris
194 3480 374 3559 augmento
390 3475 508 3540 tollens
525 3495 651 3541 crucem
677 3497 769 3540 suam
792 3480 921 3540 secutus
947 3475 1056 3540 extitit
1079 3481 1225 3540 nostram

93 3585 216 3668 regiam
232 3583 456 3664 maiestatem
471 3605 530 3666 pro
546 3587 596 3648 tot
612 3583 713 3666 igitur
728 3589 762 3648 et
777 3584 877 3648 tantis
891 3581 1087 3648 fidelitatum
1103 3583 1225 3666 precla-

93 3696 134 3758 ris
150 3693 280 3758 meritis
306 3698 340 3758 et
360 3691 466 3759 adhuc
490 3692 638 3776 pluribus
664 3713 762 3776 quam
786 3693 931 3776 superius
958 3697 1033 3757 sunt
1058 3691 1225 3756 declarata

92 3804 239 3872 volentes
273 3802 377 3866 eidem
411 3801 535 3867 Thcme
558 3801 720 3887 waywade
745 3801 881 3885 aliquali
905 3800 1134 3866 retribucionis
1153 3820 1225 3884 pre-

93 3915 154 3978 mio
171 3914 207 3977 in
223 3911 537 3993 recompensativam
553 3909 806 3975 vicissitudinem
822 3915 856 3976 et
871 3932 1001 3975 suorum
1017 3910 1225 3974 serviciorum

91 4020 353 4086 satisfaccionem
384 4019 559 4102 aliqualem
592 4041 664 4084 cum
692 4020 735 4083 sit
760 4018 893 4102 dignum
918 4023 1018 4101 atque
1042 4018 1163 4082 iustum
1188 4022 1226 4082 ut

92 4129 188 4212 digua
204 4127 442 4213 impendantur
458 4127 564 4211 dignis
582 4133 614 4192 et
636 4149 770 4211 magnos
795 4127 924 4192 labores
950 4127 1079 4209 copiosa
1103 4147 1226 4190 meroes

92 4239 225 4302 resiciat
262 4242 296 4300 et
320 4241 492 4319 restauret,
524 4235 688 4319 quoddam
718 4233 878 4303 tributum
903 4231 1051 4300 Geerche
1076 4239 1225 4300 vocatum

91 4345 178 4429 quod
195 4366 297 4429 super
313 4366 432 4428 aquam
448 4341 597 4410 Geerche
621 4344 655 4408 in
671 4343 817 4410 confiniis
841 4347 927 4408 terro
950 4343 1105 4426 reginalis
1129 4340 1225 4426 Nyek

92 4457 263 4521 nominate
294 4454 329 4518 in
361 4441 517 4519 comitatu
548 4453 742 4519 Posoniensi
774 4452 940 4517 existentis
972 4451 1121 4534 exigitur,
1153 4473 1225 4516 oum

91 4567 177 4629 omni
210 4561 418 4647 plenitudino
451 4563 500 4626 sui
525 4562 604 4626 iuris
629 4562 692 4645 ipsi
718 4559 841 4626 Thome
866 4559 1025 4644 wayvvade
1041 4609 1048 4624 .
1066 4609 1072 4624 .
1090 4559 1226 4626 eontuli-

89 4695 159 4740 mus
174 4676 341 4759 perpetuo
356 4670 428 4737 iure
443 4669 670 4755 possidendum
688 4721 694 4736 .
711 4719 718 4736 .
742 4669 867 4736 Datum
891 4689 948 4753 per
963 4689 1077 4734 manus
1094 4667 1226 4733 discreti
