3240 5460
618 463 712 525 1322.
730 481 800 526 ocr.
822 464 850 526 6.
1255 469 1295 530 51

163 640 250 724 pelle
276 639 400 704 domiui
425 641 511 723 regis
534 639 672 705 vidimus
700 641 869 726 contineri,
888 644 1072 728 comparuit
1099 645 1133 708 in
1159 645 1298 711 termino

163 769 276 814 coram
301 748 403 832 nobis,
430 749 487 832 qui
511 748 635 814 scilicet
659 746 846 831 Stephanus
862 754 895 814 et
910 749 1068 817 Nicolaus
1083 753 1300 837 personaliter

163 861 419 942 comparuerunt
435 863 468 922 et
492 858 665 922 terminum
690 863 933 941 assumpserunt
958 859 1000 924 ad
1019 864 1200 946 qorssrrdeaos
1217 849 1297 928 reai-

164 967 276 1030 deacie
297 969 460 1051 presentis
485 970 642 1032 coercitas
668 964 789 1030 domini
813 967 900 1050 regis
925 966 968 1032 ad
992 969 1123 1051 plenam
1142 971 1300 1053 responsi-

162 1093 260 1137 onem
284 1071 475 1137 faciendam.
490 1071 617 1138 Datum
641 1071 813 1156 Zagrabie,
832 1073 970 1139 sabbato
993 1077 1140 1160 proximo
1168 1084 1243 1162 post
1258 1076 1301 1141 f.

162 1185 252 1245 stum
270 1181 359 1246 beati
376 1180 547 1246 Michaelis
570 1180 768 1267 archangeli,
784 1204 869 1248 auno
886 1181 1007 1249 domini
1023 1183 1077 1249 Μ0
1094 1183 1194 1252 000ο
1209 1185 1302 1251 XX⁰

162 1289 318 1355 secundo.

275 1435 347 1485 zaro
358 1433 450 1500 peccet
461 1435 635 1500 nyomaiva13
646 1437 777 1502 eredetije
786 1453 819 1488 az
831 1453 899 1489 orsz.
913 1438 969 1488 latr
981 1437 1080 1489 kinost.
1091 1443 1157 1489 oszt.
1171 1440 1204 1490 N.
1220 1441 1252 1490 R.
1266 1441 1301 1490 A.

167 1530 246 1576 1698.
262 1530 287 1575 5.
302 1525 370 1590 dipl.
385 1525 441 1575 latr
451 1539 458 1578 :
468 1528 546 1577 2125.
559 1525 658 1576 Kozli:
673 1527 776 1578 Vincze
790 1528 890 1578 Gabor.

708 1853 761 1916 41.

164 2017 263 2078 1322.
300 2013 442 2099 Zrlprrtb,
478 2023 535 2078 oct.
561 2017 590 2078 6.
626 2015 733 2078 Jotaos
768 2016 944 2101 tritorszo'pi
969 2015 1030 2080 tela
1066 2017 1185 2082 Dolech
1218 2029 1301 2084 acolt

159 2123 304 2186 hir-tolcot
316 2123 501 2207 Kaeaopolo
512 2125 544 2187 e's
556 2121 721 2186 Grochiua
731 2123 845 2202 kozorr,
856 2123 1040 2210 Radolffio
1057 2125 1151 2189 Pe'ter
1171 2151 1300 2212 rrrapoo-

160 2230 381 2296 szokadlo'oal
416 2229 497 2294 Saul
521 2230 676 2313 ficiculo:
718 2229 903 2294 Tomo'oaok
937 2235 968 2296 o's
1004 2231 1196 2298 Ulcera-eluet·
1226 2236 1301 2299 odo-

646 2342 829 2424 metapozzc.

274 2497 443 2564 Johanues
473 2497 576 2582 regali
601 2499 711 2582 gracia
735 2498 840 2564 banus
865 2501 969 2566 tocius
995 2498 1186 2566 Sclavoniae
1203 2551 1234 2566 ..
1259 2501 1303 2566 ad

160 2609 392 2673 universorum
407 2609 561 2674 noticiam
578 2657 585 2672 .
603 2657 609 2672 .
625 2607 743 2672 harum
762 2610 843 2672 serie
859 2609 1006 2674 volumus
1022 2611 1197 2693 pervenire,
1214 2612 1302 2695 quod

160 2716 381 2781 consideratis
413 2723 445 2780 et
469 2717 623 2799 inspectis
656 2715 870 2780 fidelitatibus
887 2766 893 2780 .
910 2767 917 2781 .
935 2719 1090 2783 comitum
1116 2717 1240 2784 Thome
1267 2727 1300 2784 et

160 2823 307 2889 Chernel
322 2823 463 2888 filiorum
479 2821 572 2890 Sauli
588 2824 744 2890 nobilium
770 2824 809 2888 de
826 2823 994 2890 Grochina
1011 2825 1104 2891 nobis
1121 2825 1300 2891 multifarie

160 2933 319 3014 impensis
335 2982 341 2996 .
358 2981 365 2996 .
383 2931 547 3015 quandam
557 2933 788 3014 possessionem
804 2932 932 3016 Dolech
948 2941 1097 2998 uocatam
1107 2936 1192 2998 inter
1207 2934 1298 2999 Kne-

160 3041 280 3123 sapola
297 3045 330 3102 et
345 3037 546 3104 Grochinam
562 3040 761 3122 existentem,
779 3061 877 3122 quam
896 3039 1016 3105 Petrus
1035 3041 1121 3106 filius
1133 3042 1302 3124 Rudolphi

159 3148 265 3213 titulo
291 3148 443 3211 emclonis
468 3168 489 3210 a
513 3145 588 3212 filiis
613 3147 744 3211 Louete
778 3149 933 3230 proximis
968 3150 1153 3214 eorumdem
1178 3149 1302 3215 Thome

140 3263 143 3266 ’
160 3265 201 3321 et
217 3255 359 3321 (lhernel
383 3256 578 3338 obtinuerat,
605 3263 638 3319 et
662 3262 796 3339 propter
812 3254 891 3320 dicti
906 3255 998 3320 Petri
1020 3255 1174 3320 heredum
1191 3278 1301 3320 caren-

160 3367 250 3431 oiam
276 3365 319 3428 ad
344 3371 488 3428 nostram
513 3364 641 3428 devenit
676 3363 894 3445 collacionem,
930 3365 1035 3446 ipsam
1071 3365 1302 3446 possessionem

159 3473 293 3538 Dolech
311 3473 446 3556 prefatis
462 3469 586 3536 Thome
604 3477 636 3535 et
648 3469 789 3536 Chernel
807 3521 813 3535 .
831 3521 838 3534 .
855 3469 1127 3553 quemadmodum
1138 3493 1196 3554 per
1212 3480 1302 3536 ante-

157 3581 291 3645 dictum
306 3579 443 3645 Petrum
469 3581 579 3645 extitit
603 3579 716 3644 habita
741 3586 774 3642 et
799 3599 944 3662 possessa
970 3577 1164 3661 assignando
1181 3581 1253 3644 iura
1270 3588 1303 3644 et

157 3689 388 3773 privilegiam
406 3709 521 3753 manus
537 3710 649 3752 eorum
668 3686 823 3769 dedimus,
834 3685 1025 3750 donavimus
1050 3691 1082 3750 et
1099 3688 1301 3752 contulimus.

156 3798 294 3866 Datum
311 3794 484 3880 Zagrabie,
500 3797 534 3860 in
558 3796 684 3860 octavis
708 3793 784 3859 festi
798 3795 888 3860 beati
914 3793 1089 3858 Michaelis
1105 3795 1301 3878 archangeli.

156 3928 252 3972 anno
269 3905 392 3971 domini
408 3904 462 3970 Μο
478 3903 579 3970 0000
597 3901 690 3968 XX⁰
708 3903 856 3969 secundc.

272 4053 372 4116 thgd
382 4051 499 4115 pecsetje
512 4048 644 4114 htdnyzik
657 4068 663 4114 ;
684 4049 813 4115 eredetije
826 4065 858 4100 az
870 4063 936 4098 orsa.
950 4050 983 4098 lt.
998 4047 1096 4098 kinost.
1109 4052 1175 4098 oszt.
1187 4050 1301 4100 N-R.A.

157 4149 242 4198 1534.
260 4147 303 4194 43.
318 4143 387 4206 dipl.
401 4143 432 4191 lt.
447 4145 525 4191 2126.
539 4143 636 4192 Kozli:
658 4142 761 4192 Vincas
776 4141 877 4190 (labor.

656 4392 814 4404 ...m
