3112 5466
328 462 392 521 270
681 477 869 522 insonnem
886 463 1104 522 (luminaria.

327 637 462 720 antiqno
480 643 510 700 et
527 637 701 702 statucioni
733 638 833 721 ipsius
850 636 1063 702 dimidietatie
1088 637 1218 702 racione
1234 637 1400 702 vicinitatis
1413 638 1441 701 in

325 745 417 809 nullo
438 745 681 811 contradiceret.

435 909 533 958 ramas
553 909 769 972 orsvngblronak
797 909 931 958 1351·ben
944 907 1239 970 lreltlttletlevelebel
1261 911 1334 972 moly
1355 910 1440 960 ezerinl

301 1029 306 1038 ·
330 999 486 1048 alontebbi
507 999 645 1048 olrlevelet
665 999 793 1048 Olrelefia
814 999 921 1060 Balara,
937 999 1039 1048 Mikros
1061 999 1119 1064 egri
1130 1001 1319 1064 pirspllkellen
1342 1001 1440 1050 indilolt

325 1091 428 1154 per-ben
455 1093 575 1138 mutatta
600 1090 654 1153 sel;
687 1089 786 1138 'lamae
806 1089 966 1154 crszagblrt
991 1090 1083 1139 ltelete
1105 1105 1223 1154 megvan
1247 1091 1397 1141 credetiben
1416 1106 1440 1140 aa

326 1195 394 1230 orsz.
409 1181 441 1229 lt.
452 1179 552 1229 lrincst.
575 1182 642 1227 oezt.
656 1177 689 1228 N.
703 1179 736 1229 R.
749 1179 781 1228 A.
794 1183 854 1230 620.
870 1183 910 1230 50.
925 1179 992 1242 dipl.
1006 1180 1037 1229 lt.
1052 1183 1130 1229 4163.
1144 1179 1243 1230 Kozli:
1266 1182 1345 1246 Nagy
1356 1180 1440 1245 Gyula.

851 1596 926 1660 248.

326 1777 421 1844 1327.
424 1781 499 1864 joa.
510 1777 540 1842 9.
557 1777 706 1884 Szobolcc
721 1781 891 1864 odrmcpye
906 1777 1078 1863 nliapctnjo
1094 1779 1127 1842 e‘s
1142 1777 1322 1842 birotorsai
1333 1781 1439 1844 Kozmo

368 1887 435 1970 ficit
451 1886 608 1951 Hearilcet
624 1885 851 1969 Abrohdrnfio
868 1885 1003 1971 Gerpely
1020 1885 1100 1950 clleo
1116 1885 1227 1950 eskilo-e
1243 1887 1398 1952 lr'o'telczik.

322 2097 325 2104 .
432 2045 504 2112 Nos
518 2047 675 2130 magister
689 2044 887 2110 Franciscus
902 2045 972 2111 vice
990 2045 1139 2128 magistri
1155 2045 1181 2112 J
1182 2045 1275 2112 acobi
1291 2067 1393 2114 comes
1406 2045 1439 2110 dc

323 2153 459 2221 Zoboch
475 2161 508 2220 et
518 2160 659 2240 quatuor
673 2152 796 2219 iudices
812 2153 852 2220 de
868 2153 980 2219 eodem
991 2153 1105 2220 damus
1119 2175 1179 2239 pro
1190 2156 1354 2239 memoria,
1364 2152 1440 2239 quod

324 2262 490 2331 Hemicus
505 2261 591 2328 filius
607 2258 725 2328 Ooeme
740 2263 843 2327 tercio
868 2281 902 2328 ec
918 2281 953 2327 se
977 2262 1137 2328 similibus
1160 2261 1268 2330 fucere
1293 2263 1385 2330 debet
1397 2285 1439 2328 aa·

326 2379 527 2438 crementum
544 2377 658 2438 contra
673 2368 870 2454 Gregorium
885 2368 990 2436 filium
1009 2367 1158 2438 Abraam
1173 2371 1208 2436 in
1224 2372 1346 2438 octavis
1360 2370 1440 2437 data-

322 2504 394 2548 rum
425 2482 626 2566 presencium
658 2501 766 2545 coram
791 2479 884 2544 nobie
908 2480 942 2545 in
966 2477 1070 2544 Kallo
1095 2501 1193 2564 super
1218 2501 1255 2546 eo
1280 2487 1318 2546 ut
1346 2482 1439 2565 ipsum
1543 2527 1544 2562 p

323 2588 521 2672 Gregorium
537 2589 697 2654 dominica
713 2588 765 2654 dic
789 2589 938 2672 proxima
962 2594 1040 2653 ante
1063 2587 1182 2654 festum
1206 2588 1295 2656 beati
1318 2586 1440 2654 Andree

322 2699 461 2784 apostoli
476 2705 556 2764 tuno
570 2699 605 2764 in
620 2699 763 2782 presenti
778 2699 813 2763 in
828 2699 907 2764 villa
922 2697 1052 2784 Kerecy
1078 2721 1145 2766 non
1168 2700 1366 2767 verberasset
1389 2721 1440 2766 nec

322 2809 493 2874 verberare
508 2807 645 2873 fecisset.
661 2807 787 2873 Datum
803 2807 837 2871 in
854 2806 906 2872 die
922 2807 1059 2874 sabbato
1075 2810 1223 2892 proximo
1233 2815 1440 2876 anteocteras

322 2916 509 3002 Epiphanio
541 2916 672 3000 domini,
704 2937 789 2982 anno
821 2915 965 2982 eiusdem
997 2916 1119 2982 domini
1150 2915 1204 2982 Μο
1229 2915 1330 2985 000⁰
1358 2915 1441 2982 ΧΧο
1542 2995 1543 3000 ¹

323 3027 469 3110 septimo.
1542 3043 1543 3068 ³

430 3187 583 3253 Httlapjrtn
595 3187 666 3253 ntgy
681 3187 832 3252 peccettcl;
851 3187 983 3253 credetije
1005 3205 1022 3240 a
1043 3190 1076 3240 N.
1099 3190 1294 3254 Muzenmban,
1314 3205 1330 3240 a
1351 3191 1440 3254 Killay

323 3294 359 3330 oa.
373 3281 446 3329 lban.
459 3279 557 3329 Kozli:
577 3277 702 3342 Tagtnyi
715 3279 749 3329 K.

809 3441 966 3450 ,ᾕ-

852 3658 927 3721 249.

324 3839 420 3903 1327.
446 3839 586 3925 Vizaoly,
595 3843 670 3925 jon.
690 3839 739 3902 13.
757 3837 866 3922 Fulop
885 3837 991 3900 addar
1016 3837 1089 3901 elon
1108 3793 1282 3922 Ldezlrifio
1299 3839 1440 3924 Lamperl

321 3973 341 4012 o
369 3947 490 4012 Go'mllr
515 3947 699 4034 varmeqyei
724 3945 902 4030 Eldoolpye
927 3955 1006 4010 rreoir'
1034 3944 1172 4010 lirrolot
1203 3947 1312 4012 Jonas
1331 3947 1441 4031 filinae

663 4054 836 4139 Eppedoclc
850 4051 1111 4138 cicazobocsottjo.

427 4215 498 4281 Noe
523 4216 696 4300 Philippus
726 4213 891 4298 palatinus
916 4213 1013 4280 iudex
1043 4235 1249 4281 comanorum
1283 4237 1385 4282 comes
1406 4213 1440 4279 de

323 4321 446 4409 Scepns
472 4331 505 4390 et
530 4325 570 4404 de
586 4324 713 4408 Wynar
738 4320 958 4405 significamus
975 4372 982 4387 .
998 4371 1006 4387 .
1023 4322 1111 4407 quod
1134 4321 1274 4408 Egidius
1290 4325 1374 4392 filius
1387 4322 1439 4390 Jo

319 4431 436 4498 hannis
451 4425 667 4518 personaliter
682 4437 793 4497 astans
809 4431 842 4495 in
858 4427 964 4514 figura
978 4429 1091 4497 iudicii
1108 4437 1222 4498 contra
1236 4432 1440 4520 Lampertum

320 4538 421 4606 filium
432 4541 588 4626 Ladialai,
599 4539 795 4624 Gregorinm
806 4544 839 4602 et
848 4537 1013 4604 Lazarum
1023 4538 1107 4606 filios
1123 4541 1265 4608 eiusdem
1284 4541 1441 4626 exquibus
1539 4605 1540 4608 ,

321 4653 354 4712 et
368 4670 428 4733 pro
454 4651 570 4734 quibus
586 4650 671 4716 idem
695 4647 893 4733 Lampertuo
919 4647 1065 4731 legitime
1096 4650 1212 4734 astitit,
1237 4651 1304 4732 egit
1333 4669 1442 4736 propo-
