3154 5474
543 537 638 600 133o.
655 554 723 598 rou.
744 535 793 598 15.
1168 537 1228 596 501

96 738 170 782 oum
188 715 507 801 ZlehoW‚cu1r·endo
525 738 583 801 per
614 717 728 781 silvam
761 712 896 800 (Ymor)
914 714 970 780 ubi
1001 721 1092 780 tenet
1108 721 1230 780 metam

96 846 169 890 cum
196 825 276 891 villa
300 825 459 912 Maythen
484 824 647 898 tendendo
672 848 730 909 per
755 847 855 890 unum
879 824 979 890 berch
1008 825 1042 889 in
1059 816 1228 909 superficie

96 934 190 999 vallis
224 931 250 999 J
252 935 483 1001 eseunadoliua
502 941 628 1001 .vocata
644 935 700 1000 ubi
716 940 807 1000 tenet
822 939 943 999 metam
968 955 1041 998 oum
1057 931 1227 1018 Maythen,
1316 977 1317 980 ,

95 1043 171 1106 inde
187 1065 247 1127 per
263 1046 366 1110 aciem
382 1047 477 1111 auius
493 1045 613 1110 montis
629 1065 691 1128 que
715 1042 1013 1128 Hedyesmalnieha
1038 1040 1228 1106 diciturde-

97 1151 251 1216 elinando
268 1153 474 1236 pervenitad
498 1175 599 1218 unum
615 1153 766 1218 rubetum
783 1173 839 1216 seu
864 1151 1042 1234 virgultum
1066 1149 1123 1214 ubi
1138 1155 1229 1215 tenet

96 1265 218 1324 metam
235 1282 308 1326 cum
325 1267 413 1327 terra
429 1259 537 1348 Belos,
549 1261 693 1352 saliendo
704 1263 788 1326 viam
804 1281 877 1326 eum
888 1281 954 1344 qua
963 1259 1027 1323 iret
1042 1259 1076 1324 in
1087 1264 1228 1325 castrum

99 1367 212 1434 Kassa
238 1373 396 1438 currendo
414 1372 537 1437 directe
553 1394 611 1456 per
627 1375 730 1438 aciem
747 1372 789 1437 ad
804 1393 904 1436 unum
920 1391 1056 1454 parvum
1073 1375 1225 1450 montem,

95 1476 171 1541 inde
187 1477 232 1542 ad
249 1479 407 1562 quasdam
423 1481 533 1565 spinas
550 1480 605 1546 ubi
623 1485 671 1545 est
681 1479 762 1564 fons,
778 1478 854 1543 inde
869 1500 927 1562 per
937 1477 1055 1542 vallem
1071 1477 1226 1560 Somorye

95 1591 247 1651 roc-atam
264 1589 425 1655 tendendo
442 1590 485 1655 ad
501 1597 632 1674 pratum
648 1588 836 1654 Kerekrcth
851 1592 1001 1653 vocatum
1017 1586 1075 1651 ubi
1092 1590 1141 1650 est
1151 1583 1224 1651 fons

94 1693 151 1758 ubi
167 1694 271 1763 habet
286 1703 405 1763 metam
423 1721 497 1764 cum
513 1699 672 1783 Zolopna,
690 1696 882 1764 declinando
906 1718 965 1781 per
980 1695 1120 1760 rivulum
1137 1693 1226 1759 cadit

93 1804 127 1866 in
143 1823 266 1886 aquam
282 1805 413 1890 Kysnes
428 1815 660 1893 nuncupatam,
677 1806 821 1872 saliendo
848 1826 967 1887 aquam
991 1804 1090 1870 Belos
1116 1825 1225 1870 ascen-

92 1911 200 1977 dendo
217 1919 359 1979 montem
375 1915 431 1980 ubi
446 1916 546 1982 habet
561 1923 683 1982 metam
699 1937 771 1981 cum
788 1913 925 1980 Leskow
942 1915 998 1997 qui
1013 1935 1104 1979 mons
1140 1911 1225 1979 Deel

93 2027 303 2106 nuncupatur
327 2022 383 2088 ubi
399 2031 488 2090 meta
504 2031 621 2109 terrea,
641 2024 715 2089 inde
733 2023 775 2088 ad
790 2023 915 2089 fontem
929 2023 964 2087 in
980 2043 1043 2106 quo
1060 2027 1109 2087 est
1124 2023 1219 2088 raka·

94 2129 288 2214 thyabokor,
304 2131 380 2197 inde
395 2133 429 2197 in
445 2134 531 2198 viam
556 2134 722 2218 publicam
747 2155 818 2198 cum
836 2153 902 2216 qua
917 2132 985 2196 itur
1015 2133 1048 2196 in
1064 2130 1221 2197 Bistriam

93 2238 256 2306 tendendo
283 2261 385 2323 usque
408 2239 546 2307 Nadasd
570 2263 630 2326 per
646 2243 806 2325 quendam
832 2241 983 2306 rubetam
1014 2241 1103 2306 cadit
1129 2242 1223 2307 iuxta

93 2347 106 2431 (
122 2397 252 2414 ......
268 2346 282 2432 )
298 2355 419 2414 metam
433 2351 543 2434 ibique
559 2353 667 2416 omnia
684 2352 900 2416 terminantur
917 2399 924 2414 .
941 2399 948 2414 .
964 2347 1089 2414 Datum
1106 2355 1221 2415 octavo

92 2455 143 2521 die
161 2459 293 2522 termini
309 2460 483 2542 prenotati,
501 2481 586 2524 anno
604 2458 725 2524 domini
741 2458 795 2523 Μ0
812 2455 913 2524 0000
928 2456 1069 2522 XXX0.

200 2622 299 2686 Fttggd
312 2621 405 2684 pecstt
417 2622 576 2686 nyomaival
589 2639 595 2686 ;
610 2621 742 2688 er·odetije
755 2623 858 2672 Fekete
872 2620 963 2686 Gyula
984 2621 1151 2672 birtoktban
1165 2621 1221 2670 Ht-

90 2709 275 2775 aas-nsnyen.
288 2711 369 2762 Kozlt
383 2729 388 2761 :
402 2712 484 2775 Pesty
498 2711 621 2777 Frigyes.

92 3238 190 3300 1330.
217 3237 458 3322 Viscpr·dd,jal.
472 3239 521 3302 15.
541 3239 604 3302 Pul
620 3237 806 3320 orszdpba'rd
822 3237 966 3300 Koiruisai
983 3235 1101 3300 Ldszlo'
1122 3239 1223 3301 Deuo-

88 3369 159 3409 cscr·
170 3355 252 3411 acolt
265 3345 408 3410 birtolco't
418 3370 439 3410 a
453 3347 582 3432 Parpai
599 3345 763 3410 Milclo'soo
775 3344 936 3408 elleboetett
953 3345 1221 3409 bataimaslcoda's

395 3453 667 3540 btrsdqafq'cten
684 3452 911 3535 lefoplaltalja.

199 3612 272 3680 Nos
288 3635 393 3680 comes
408 3614 533 3680 Paulus
549 3614 646 3678 iudex
662 3614 749 3678 curie
766 3661 773 3675 .
789 3661 796 3677 .
815 3611 936 3677 domini
952 3609 1072 3676 Karoli
1088 3661 1094 3676 .
1112 3662 1119 3677 .
1135 3613 1221 3694 regis
1320 3649 1324 3659 ·

87 3773 94 3790 .
112 3775 120 3790 .
139 3721 362 3807 significamus
380 3773 386 3788 .
404 3774 410 3788 .
427 3722 513 3805 quod
530 3743 603 3787 eum
620 3722 661 3786 ab
678 3720 905 3786 incarnacione
916 3719 1222 3786 dominiMillesimo

86 3829 194 3898 000⁰
211 3831 374 3896 tricesimo
400 3831 435 3894 in
450 3830 572 3896 oetavis
589 3828 775 3894 festivitatis
799 3829 888 3894 beati
915 3825 1048 3910 Georgii
1075 3829 1221 3894 martiris

87 3949 222 4008 tronum
238 3940 407 4006 iudiciario
423 3939 593 4024 potcstatis
608 3937 737 4003 favente
769 3938 1020 4020 cunctipotentis
1046 3937 1221 4003 clemencia

85 4054 321 4132 aunuenteque
337 4049 407 4132 ipso
424 4047 554 4113 domino
572 4053 682 4112 nostro
698 4047 775 4130 rege
791 4047 878 4111 omni
904 4043 1106 4128 plenitudine
1131 4049 1222 4128 pote·

86 4161 189 4224 statis
207 4157 303 4222 nobis
320 4157 526 4222 commissum
542 4153 734 4220 sedissemus
751 4159 783 4218 ct
799 4152 1000 4237 quibuslibet
1015 4151 1222 4235 litigantibus

85 4271 182 4334 iuxta
198 4267 401 4348 exigenoiam
419 4285 550 4329 suarum
568 4285 738 4328 causarum
754 4263 834 4326 iuris
850 4259 1069 4326 moderamine
1086 4281 1221 4342 congru-

85 4383 162 4443 ente
180 4376 363 4442 discussum
382 4379 415 4438 et
431 4372 701 4438 deliberacionem
717 4370 898 4436 faceremus
914 4367 1032 4434 nobilis
1049 4369 1098 4432 vir
1114 4389 1221 4432 comes

82 4485 250 4552 Nicolaus
265 4481 351 4547 filius
366 4481 521 4550 Vrbanus
538 4480 578 4546 de
593 4480 708 4564 Puryn
738 4480 772 4544 iu
799 4478 904 4544 medio
930 4478 1069 4543 aliorum
1085 4497 1221 4543 causan·

82 4597 173 4660 cium
201 4590 425 4676 consurgendo
449 4591 542 4656 nobis
566 4589 695 4654 litteras
721 4588 889 4654 citatorias
923 4585 1163 4652 evocaoiouales
1188 4589 1221 4650 et

83 4703 361 4797 proclamatorias
377 4706 552 4773 conventus
569 4700 608 4765 de
624 4701 721 4770 Lelez
744 4699 962 4787 capitulorum
993 4694 1163 4786 Agriensis
1188 4699 1221 4766 ot
