3132 5470
709 431 895 479 surouscnr
912 419 1127 479 ousrluvrlsn.

879 815 952 877 324.

352 979 446 1041 1328.
454 980 530 1062 jusu.
547 980 577 1040 9.
596 976 622 1042 Α
641 979 775 1041 *unacurt
790 977 949 1061 kulptoloa
968 979 995 1042 I.
1012 975 1139 1062 Kurolp
1155 977 1449 1062 ka'rdlpuohjeleutr',

348 1087 430 1170 hopy
442 1087 546 1170 reperi
556 1085 661 1150 birros
684 1086 749 1150 Vos
766 1083 930 1170 roeppc'bcu
946 1085 1092 1169 Rumpefl
1108 1083 1265 1149 Salomon
1272 1085 1383 1166 ficiunt·
1403 1085 1452 1148 Ml·

609 1193 753 1279 deity-auls
770 1193 856 1257 dact
871 1193 1031 1257 recruduit
1048 1193 1206 1276 drdlcsdpe.

457 1405 463 1420 .
480 1405 487 1420 .
504 1353 631 1419 Karolo
649 1355 660 1418 .’
673 1403 680 1418 .
695 1353 764 1438 regi
781 1403 788 1416 .
805 1403 811 1418 .
828 1354 1008 1437 capitulum
1036 1353 1169 1418 ecclesie
1184 1354 1291 1419 sancti
1305 1353 1452 1418 Michaelis

348 1463 532 1547 archangeli
564 1463 604 1528 de
629 1462 853 1530 Cestroserreo
887 1513 917 1528 ..
944 1463 1070 1528 litteras
1095 1469 1200 1528 vestre
1232 1463 1451 1529 celsitudinis..

348 1573 547 1656 recepimus.
565 1623 572 1636 .
588 1573 622 1636 in
638 1572 754 1655 quibus
770 1571 907 1636 vidimus
925 1573 1084 1638 contineri
1110 1573 1197 1656 quod
1223 1573 1365 1639 Michael
1385 1570 1451 1635 filius

348 1679 530 1746 Salomonis
545 1687 650 1744 vestre
667 1680 800 1744 dixisset
816 1681 978 1744 maiestati
996 1681 1083 1764 quod
1108 1682 1268 1764 possessio
1294 1681 1399 1765 Apa-ty
1412 1701 1451 1743 vo-

349 1795 421 1854 cata
436 1791 471 1854 in
488 1790 644 1854 comitatu
659 1787 775 1852 Ferrei
791 1785 901 1853 Oestri
917 1789 1056 1853 existens
1073 1811 1171 1872 quam
1195 1790 1349 1872 magister
1363 1789 1451 1854 Deseu

349 1897 542 1962 castellanus
559 1897 598 1961 de
613 1896 730 1979 szig
745 1897 786 1962 ab
803 1896 915 1962 eodem
931 1918 1104 1982 occupasse
1120 1899 1301 1964 dinoscitur
1316 1920 1372 1964 sua
1385 1902 1452 1962 esset

347 2006 544 2070 hereditaria
560 2057 566 2070 .
584 2056 590 2070 .
606 2005 751 2090 prefatus
767 2027 841 2069 vero
859 2006 1014 2086 magister
1029 2004 1139 2070 Deseu
1156 2005 1291 2071 dixisset
1308 2006 1452 2090 quodipss

347 2113 507 2196 possessio
532 2109 646 2197 Apaty
673 2111 715 2177 ad
742 2112 878 2178 eundem
903 2113 1098 2179 Michaelem
1123 2114 1157 2178 in
1183 2113 1273 2179 nullo
1290 2117 1454 2198 pertineret,

349 2243 445 2305 super
460 2243 524 2305 quo
541 2243 598 2305 per
615 2222 742 2288 litteras
768 2227 890 2286 vestras
916 2221 1051 2287 dedistis
1076 2221 1170 2286 nohis
1194 2223 1228 2286 in
1254 2223 1405 2307 preceptis
1425 2227 1454 2285 ut
1537 2269 1538 2282 ,

346 2352 419 2394 cum
435 2330 591 2413 magistro
609 2327 735 2394 Thomu
751 2331 867 2395 comite
884 2329 997 2395 Ferrei
1009 2327 1118 2395 Oestri
1128 2351 1229 2394 unum
1240 2351 1280 2393 ex
1290 2330 1380 2397 nobis
1394 2329 1452 2393 mit

347 2447 488 2503 teremus
505 2439 562 2522 qui
577 2439 778 2521 inquirerent
795 2459 814 2502 a
830 2438 942 2502 vicinis
952 2488 959 2502 .
970 2487 977 2502 .
988 2439 1088 2521 ipsius
1098 2438 1309 2521 possessionis
1325 2437 1452 2521 Apaty..

346 2555 455 2612 utrum
471 2548 542 2630 ipsa
557 2548 713 2630 possessio
730 2548 773 2612 sit
789 2547 988 2612 hereditaria
998 2547 1098 2628 ipsius
1113 2545 1287 2612 Michaelis
1302 2567 1359 2610 nec
1374 2567 1415 2627 ne,
1429 2549 1455 2607 et

345 2662 419 2738 post
446 2657 505 2719 hec
531 2655 705 2720 secundum
731 2655 818 2738 quod
834 2676 891 2737 psi·
916 2653 1044 2719 eosdem
1060 2655 1153 2720 nobis
1178 2655 1298 2719 veritas
1314 2657 1457 2720 constaret

345 2769 451 2828 vestre
468 2764 631 2828 maiestati
646 2763 913 2844 rescriberemus3
929 2783 1040 2826 vemm
1058 2783 1130 2826 cum
1145 2763 1261 2827 vestris
1271 2762 1420 2846 preceptis
1433 2809 1458 2824 ..

342 2870 472 2936 obedire
487 2877 654 2935 teneamur
670 2893 743 2935 cum
759 2869 931 2936 Gothardo
949 2869 989 2934 de
1005 2867 1099 2935 Ohou
1115 2891 1211 2953 quern
1242 2871 1382 2953 prelatus
1397 2890 1451 2932 ma·

344 2981 444 3063 gister
460 2978 602 3044 Thomas
627 2999 732 3043 comes
757 2978 870 3042 Ferrei
888 2977 997 3044 Oestru'
1021 2978 1138 3043 litteris
1164 2978 1230 3042 suis
1257 2974 1456 3042 mediantibus

343 3087 612 3152 voceetnomine
629 3084 736 3149 suiad
761 3085 823 3150 hoc
846 3085 1027 3150 destinaret
1052 3106 1163 3148 unum.
1178 3105 1217 3148 ex
1245 3086 1337 3150 nobis
1368 3081 1457 3164 magi·

343 3205 447 3261 strum
463 3195 658 3260 Michaelem
684 3199 850 3258 cantorem
882 3195 1118 3258 transmisimus
1150 3193 1191 3257 ad
1208 3195 1364 3277 premissa
1392 3211 1453 3282 exe-
1537 3209 1538 3224 ¹

344 3303 473 3387 quenda
490 3303 545 3386 qui
561 3302 603 3367 ad
618 3324 676 3368 nos
692 3303 810 3367 reversi
827 3353 833 3367 .
850 3353 857 3367 .
874 3304 1081 3368 retulerunt.
1098 3352 1104 3368 .
1122 3303 1210 3386 quod
1236 3303 1326 3368 dicta
1349 3317 1456 3384 posses,-

344 3413 391 3475 sio
415 3411 529 3494 Apsty
553 3411 653 3493 ipsius
677 3409 848 3476 Michaelis
864 3410 924 3476 filii
949 3411 1132 3478 Salamonis
1164 3409 1225 3476 filii
1250 3411 1373 3494 Rempe
1388 3411 1458 3472 esset
1537 3483 1538 3500 χ

344 3517 540 3582 hereditaria
556 3567 563 3581 .
580 3567 586 3582 .
604 3515 728 3582 Datum
753 3519 785 3584 in
812 3520 934 3585 octavis
960 3518 1114 3605 Corporis
1139 3517 1275 3604 Christi,
1301 3538 1383 3585 anno
1411 3510 1456 3577 M⁰

344 3623 445 3692 0000
460 3624 552 3690 XX⁰
568 3631 690 3691 octavo.

451 3787 580 3838 Zetrlatrtn
594 3789 685 3852 penset
698 3790 873 3854 nyomuival3
888 3790 1019 3856 credetije
1033 3807 1049 3840 a
1062 3791 1191 3856 Hoduszy
1204 3805 1243 3842 cs.
1257 3787 1456 3858 ajdndektbdls

344 3881 429 3930 szerk.
448 3881 707 3948 gyttjtemenytben.
