3154 5474
365 511 427 571 516
722 525 910 574 nurouuonr
926 507 1143 571 onnlurrla.

363 710 383 752 a
399 694 493 772 parte
509 687 710 754 meridionali
730 687 769 754 de
793 691 880 752 meta
895 685 970 752 ville
985 685 1150 752 Dominici
1166 683 1225 748 filii
1241 681 1362 748 Mathei
1377 679 1466 748 Scen-

366 796 562 880 chasmate,
588 796 703 862 deinde
719 797 809 863 radit
834 817 932 879 supra
948 795 1069 861 directe
1089 813 1199 860 versus
1216 799 1340 878 partem
1354 801 1467 876 septem-

363 907 535 971 trionalem
567 906 609 971 ad
644 907 886 990 separacionem
928 904 1065 970 duarum
1097 903 1221 970 riarum
1253 903 1309 967 ubi
1331 907 1398 968 sunt
1419 900 1468 964 due

363 1019 448 1080 mete
464 1021 569 1079 terree
595 1019 629 1079 et
644 1015 689 1080 ibi
706 1013 794 1080 cadit
809 1014 851 1080 ad
867 1015 952 1078 riam
978 1017 1011 1078 et
1027 1013 1060 1077 in
1077 1010 1190 1077 eadem
1215 1011 1267 1077 ria
1283 1010 1363 1078 cedit
1377 1029 1468 1074 versus

365 1122 499 1187 eandem
516 1128 641 1207 partem
665 1121 843 1188 admotam
867 1121 943 1186 ville
960 1119 1054 1188 Gord
1078 1127 1193 1186 vocate
1218 1126 1251 1185 et
1267 1119 1307 1185 de
1322 1118 1422 1184 eaden
1442 1118 1468 1180 in

365 1229 478 1295 eadem
494 1232 546 1295 ria
561 1229 708 1315 procedit
729 1251 840 1295 versus
866 1230 980 1295 silvam
1005 1227 1047 1294 ad
1073 1235 1139 1294 tres
1159 1228 1291 1294 arbores
1315 1226 1468 1310 vulgariter

365 1337 452 1403 lenio
481 1343 613 1404 vocatas
640 1359 702 1422 que
728 1343 803 1403 sunt
828 1359 928 1422 supra
952 1338 1060 1402 locum
1086 1337 1184 1402 castri
1217 1337 1276 1402 sub
1303 1335 1410 1420 quibus
1430 1342 1468 1398 est

365 1455 474 1514 terrea
489 1453 586 1531 meta,
617 1453 691 1532 post
716 1445 776 1512 hec
802 1445 945 1511 flectitur
971 1467 1080 1511 uersus
1105 1452 1232 1530 partem
1260 1444 1469 1512 occidentalem

366 1556 452 1621 cadit
468 1554 510 1621 ad
524 1555 657 1620 flurium
674 1553 763 1622 Gida
787 1559 936 1621 vocatum
961 1560 993 1619 st
1018 1555 1052 1620 in
1078 1555 1192 1621 ecdem
1216 1553 1314 1620 fluvio
1330 1550 1470 1620 descendit

364 1686 475 1731 versus
491 1671 618 1749 partem
633 1663 876 1731 meridionalem
901 1663 943 1730 ad
959 1685 1059 1729 unum
1075 1665 1181 1731 locum
1205 1665 1380 1730 rarabareu
1396 1681 1470 1726 roco·

367 1780 436 1838 tum
462 1772 501 1836 de
517 1774 587 1858 ipso
612 1771 710 1838 fluvio
736 1771 881 1838 saliendo
907 1770 997 1836 vadit
1023 1771 1145 1838 directe
1170 1772 1212 1838 ad
1237 1794 1336 1838 unum
1358 1776 1470 1856 puteum

367 1879 524 1963 hidegkut
559 1885 716 1965 vocaturn,
742 1879 858 1944 exinde
889 1877 978 1944 vadit
1009 1878 1051 1945 ed
1081 1887 1201 1945 metam
1232 1880 1307 1944 ville
1337 1873 1470 1946 Scemcha

364 1996 477 2054 vocate
503 1989 604 2056 stibi
629 1989 842 2070 terminatum
866 1989 943 2053 item
969 1989 1044 2072 quia
1069 1989 1226 2072 possessio
1241 1988 1355 2055 Felida
1377 1993 1471 2053 rocoa

363 2098 426 2182 ipsi
443 2097 568 2164 Thome
585 2098 736 2164 devoluta
751 2098 858 2163 minor
883 2105 916 2162 et
941 2095 1115 2163 infertilior
1142 2119 1211 2164 esse
1237 2097 1425 2182 dignoscitur
1446 2101 1470 2156 et

365 2208 524 2290 possessio
556 2205 639 2293 Poly
669 2212 784 2273 vocata
816 2205 1000 2290 quantitate
1033 2210 1066 2271 et
1101 2208 1260 2290 qualitate
1285 2207 1392 2272 melior
1414 2223 1469 2269 esse

362 2315 533 2382 ridebatur
548 2321 585 2382 ut
600 2321 711 2401 partes
728 2316 880 2382 dixerunt
898 2337 997 2381 unam
1024 2316 1219 2400 particulam
1244 2323 1329 2383 terre
1354 2316 1390 2382 de
1411 2316 1470 2399 ipsa

363 2425 563 2508 possessione
579 2424 662 2510 Poly
677 2429 792 2491 vocata
808 2425 966 2490 abscisam
982 2422 1085 2488 eidem
1102 2423 1225 2491 Thome
1241 2425 1284 2490 ad
1299 2427 1397 2511 ipsam
1411 2444 1470 2508 pos-

363 2531 536 2598 sessionem
552 2531 666 2598 Felids
682 2537 829 2597 uocatam
853 2531 1049 2597 addiderunt
1073 2554 1136 2617 que
1161 2533 1322 2618 particula
1339 2539 1416 2599 terre
1430 2531 1470 2596 his

364 2642 458 2710 metis
482 2647 519 2706 ut
545 2640 696 2708 dixerimt
721 2641 957 2707 circumdatur:
973 2641 1080 2726 prima
1105 2649 1192 2708 meta
1215 2643 1330 2728 incipit
1354 2666 1373 2709 a
1395 2646 1472 2727 perte

364 2750 570 2816 meridionali
586 2750 626 2815 de
642 2771 707 2816 una
723 2751 840 2817 arbore
850 2752 941 2836 pirea
950 2750 1078 2834 subque
1087 2757 1137 2817 eet
1146 2757 1234 2818 meta
1249 2759 1365 2836 terrea,
1374 2749 1472 2818 deinde

364 2859 452 2925 cadit
466 2860 501 2924 in
516 2881 616 2925 unum
631 2860 772 2925 rivulum
796 2863 829 2926 et
853 2861 887 2924 in
904 2859 1015 2927 eodem
1031 2861 1135 2928 rirulo
1161 2861 1251 2928 vadit
1274 2883 1383 2930 uersus
1406 2859 1472 2927 occi·

363 2966 494 3032 dentem
510 2971 544 3032 et
558 2988 616 3052 per
632 2967 792 3034 modicum
809 2969 843 3033 in
860 2967 972 3034 eodem
999 2968 1104 3036 eundo
1130 2971 1206 3037 salit
1229 2971 1271 3036 ad
1294 2992 1387 3038 unam
1403 2971 1473 3035 rium

363 3075 445 3140 etin
463 3075 576 3140 eadem
599 3077 650 3142 ria
665 3076 813 3161 procedit
829 3097 927 3160 supra
942 3097 1052 3142 versus
1076 3078 1186 3143 villam
1202 3078 1265 3147 Ida
1290 3086 1426 3146 vocatam
1447 3081 1474 3139 el

364 3182 452 3248 cadit
477 3181 519 3248 ad
543 3187 664 3250 metam
688 3185 763 3250 ville
784 3180 877 3250 Gord
902 3191 1014 3251 vocate
1047 3189 1079 3249 et
1104 3184 1144 3250 de
1169 3187 1241 3271 ipsa
1266 3193 1352 3254 meta
1377 3203 1471 3252 remus

362 3295 488 3375 partem
514 3291 703 3358 orientalem
735 3291 938 3376 procedendo
970 3291 1059 3358 vadit
1084 3293 1128 3358 ad
1162 3301 1282 3361 metam
1307 3295 1422 3381 Mykou
1447 3299 1472 3354 et

363 3397 480 3464 deinde
496 3399 539 3464 ad
553 3400 716 3467 modicum
733 3401 776 3466 ad
792 3401 927 3467 eandem
943 3407 1069 3484 partem
1085 3403 1290 3488 procedendo
1316 3403 1388 3469 dum
1402 3397 1473 3465 reni·

365 3512 419 3572 tur
453 3507 495 3573 ad
535 3513 658 3574 rectam
697 3515 824 3594 partem
858 3510 1002 3594 predicte
1037 3511 1162 3577 arboris
1201 3511 1343 3579 flectitur
1371 3513 1472 3576 iterum

363 3613 404 3678 ad
435 3620 560 3698 partem
600 3615 842 3683 meridionalem
883 3616 925 3682 ad
964 3617 1142 3701 predictam
1181 3619 1331 3686 arborem
1366 3620 1471 3704 piram

363 3730 396 3788 et
434 3721 480 3789 ibi
513 3725 728 3809 terminatur;
769 3724 920 3791 dixerunt
952 3728 1053 3792 eciam
1085 3735 1117 3794 et
1151 3735 1374 3796 assumserunt
1401 3722 1472 3810 quod

361 3833 595 3914 possessionem
633 3835 776 3918 ipsorum
811 3834 901 3919 Hyle
932 3841 1079 3901 vocatam
1120 3842 1153 3902 et
1186 3839 1300 3904 silvam
1336 3839 1368 3902 in
1404 3855 1471 3900 con·

361 3941 452 4004 muni
482 3947 661 4024 uterentur,
694 3949 727 4007 et
757 3943 791 4006 in
823 3943 943 4008 octavis
974 3944 1062 4010 beati
1091 3943 1263 4012 Michaelis
1306 3941 1471 4026 archangeli

362 4071 448 4115 nunc
473 4053 634 4135 venturis,
664 4058 774 4136 partes
798 4052 942 4137 predicte
969 4055 1126 4120 accedant
1158 4055 1200 4122 ad
1231 4050 1472 4123 adventuale

363 4156 473 4223 Jazow
497 4165 535 4223 ut
561 4165 782 4238 assumserunt
808 4167 840 4226 et
866 4181 961 4245 super
986 4163 1057 4247 ipsa
1083 4165 1238 4232 divisione
1263 4167 1373 4232 literas
1387 4163 1471 4249 ipsius

363 4270 537 4332 conventus
553 4273 704 4332 tenentur
721 4267 823 4333 facere
845 4271 986 4334 emanari
1004 4271 1184 4357 obligantes
1210 4294 1245 4338 se
1262 4274 1348 4359 quod
1372 4273 1396 4340 si
1419 4289 1471 4355 qun

362 4375 506 4459 premium
531 4398 596 4441 non
622 4376 791 4443 accederet
821 4376 861 4442 ad
886 4379 1067 4462 predictum
1093 4387 1283 4448 conventum
1317 4386 1350 4450 in
1373 4377 1472 4464 viginti

362 4487 478 4550 marcis
496 4489 610 4550 contra
635 4492 760 4571 partem
778 4485 847 4552 illic
862 4508 1023 4555 accessam
1040 4491 1292 4559 convinceretur.
1319 4493 1432 4559 Datum
1446 4489 1474 4554 in

363 4593 591 4678 Kuzepnemti,
609 4593 689 4660 seria
714 4597 815 4663 tercia
830 4599 979 4682 proxima
1001 4605 1075 4684 post
1092 4601 1285 4668 dominicam
1311 4599 1474 4687 Ramispul·

366 4723 500 4790 urorum,
517 4725 602 4770 anno
622 4705 741 4772 domini
758 4705 812 4771 Μο
829 4705 930 4775 000⁰
946 4704 1087 4776 XXX0.
1103 4709 1173 4778 Nos
1190 4719 1297 4779 autem
1313 4713 1423 4781 litteris
1436 4711 1474 4774 iu·
