3130 5470
698 478 873 526 anrounon
904 465 1120 525 onulamln.

873 755 945 816 376.

347 921 442 983 1329.
459 927 535 1006 sept.
554 916 606 980 17.
633 912 681 979 Aa
699 918 768 1002 egri
784 915 945 1000 taptalon
978 913 1007 978 I.
1025 913 1152 1000 Kciroly
1178 911 1353 997 bircidynad·
1370 911 1444 972 isat.

342 1051 416 1110 cap.
444 1023 792 1110 19·drrlreltsfdatrbb
809 1023 884 1086 372.
916 1047 956 1088 sz.
982 1045 1012 1086 α.
1029 1023 1132 1087 kerolt
1149 1019 1300 1086 oblevele't
1314 1022 1445 1095 dtiredo,

343 1131 507 1200 Clzatnott
523 1133 713 1196 Mildosaak
738 1131 890 1195 Berze'tbe
908 1133 941 1194 da
958 1129 1214 1194 Kruszouborkc
1230 1127 1368 1192 criraledc
1390 1125 1445 1189 aad

566 1239 800 1304 lateranam-<tt
808 1239 977 1323 jeleate‘set
996 1238 1247 1326 ippfcdgtatja:

449 1399 519 1466 Nos
543 1401 643 1484 igitur
667 1399 882 1484 peticionibus
912 1400 1028 1464 vestris
1043 1398 1199 1484 legitimis
1225 1397 1443 1480 acquiescentes

343 1533 416 1576 cum
432 1510 579 1595 predicto
610 1508 749 1576 Nicolao
764 1508 831 1575 filio
858 1507 883 1574 J
885 1509 1022 1574 ohannis
1046 1508 1176 1573 homine
1201 1512 1308 1571 vestro
1323 1509 1446 1568 nostrum

343 1621 488 1685 misimus
503 1618 665 1684 hominem
681 1620 786 1684 virum
802 1618 954 1682 idoneum
970 1617 1121 1682 videlicet
1147 1615 1305 1681 Thomam
1321 1611 1446 1679 sacerdo-

344 1733 410 1793 tem
441 1727 481 1791 de
498 1729 596 1792 choro
613 1733 724 1792 nostro
741 1725 783 1790 ad
799 1727 956 1810 premissa
983 1723 1179 1808 exequenda,
1205 1724 1262 1808 qui
1279 1723 1400 1786 demum
1413 1716 1446 1784 ad
1522 1757 1525 1842 p

343 1858 401 1900 uos
417 1837 536 1902 reversi
553 1835 647 1900 nobis
664 1834 866 1899 concorditer
883 1833 1074 1916 retulerunt,
1086 1832 1173 1916 quod
1189 1831 1272 1896 feria
1288 1835 1372 1895 sexta
1387 1849 1445 1912 pro

344 1945 433 2009 xima
449 1944 577 2009 seilicet
593 1944 626 2008 in
642 1945 764 2008 octavis
780 1941 972 2008 Natiuitatis
988 1941 1135 2026 Virginis
1161 1941 1300 2026 gloriose
1323 1938 1446 2024 proxime
1526 1972 1527 2032 p

343 2053 508 2136 preteritis
538 2057 718 2148 memorata
734 2057 843 2117 castra
857 2051 1018 2116 Berzethe
1045 2057 1078 2116 et
1104 2049 1337 2118 Oraznahurka
1352 2049 1446 2114 vocata
1527 2078 1528 2132 p

346 2181 385 2224 ac
400 2161 618 2242 possessiones
635 2159 837 2244 supradictas
853 2163 1051 2244 perveteres
1067 2165 1172 2224 metas
1197 2165 1231 2224 et
1257 2159 1399 2240 antiquas
1412 2155 1447 2216 vi·
1528 2182 1529 2226 t

345 2267 424 2332 cinis
434 2273 467 2332 et
477 2270 705 2334 commetaneis
716 2268 900 2333 earumdem
912 2267 1116 2353 presentibus
1131 2267 1362 2334 reambulando
1377 2285 1448 2330 reca-
1529 2286 1530 2310 ¹

343 2378 523 2462 ptivassent
539 2383 571 2443 et
596 2399 669 2443 cum
692 2377 839 2461 predicto
865 2379 1021 2461 magistro
1053 2376 1192 2443 Nicolao
1217 2376 1285 2444 filio
1301 2374 1448 2442 Benedicti
1530 2392 1531 2408 ¹

346 2483 512 2568 resignare
530 2491 563 2550 et
578 2485 762 2568 relinquere
779 2485 862 2549 sicut
877 2506 936 2550 sua
951 2485 1025 2549 iura
1039 2485 1219 2550 voluissent
1244 2483 1364 2550 Paulus
1378 2481 1448 2548 filius
1531 2496 1532 2516 ¹

343 2589 465 2656 Hunth
496 2591 645 2658 officialis
661 2592 778 2658 nobilis
795 2590 924 2657 domine
939 2591 1053 2656 relicte
1079 2589 1211 2657 Nicolai
1237 2591 1346 2658 fratris
1369 2590 1448 2656 Batia

344 2701 431 2784 ipsos
446 2701 480 2764 in
495 2698 578 2764 facie
594 2699 780 2764 earumdem
795 2699 1034 2783 possessionum
1059 2701 1128 2765 vice
1154 2707 1188 2766 et
1212 2700 1308 2766 serbo
1326 2699 1450 2766 eiusdem

346 2807 464 2874 nobilis
480 2808 608 2874 domine
624 2808 842 2892 prohibuisset
868 2828 966 2890 quam
998 2807 1127 2891 quidem
1151 2808 1294 2874 nobilem
1310 2809 1451 2874 dominam

347 2916 460 2982 eodem
476 2916 528 2981 die
544 2924 577 2982 et
593 2917 664 2983 loco
681 2921 795 2983 contra
811 2915 976 3002 prefatum
992 2915 1167 2982 Nicolaum
1184 2916 1285 2984 filium
1302 2915 1451 2984 Benedicti

345 3025 388 3091 ad
404 3029 544 3090 vestram
559 3027 759 3109 presenciam
776 3025 818 3090 ad
835 3028 966 3089 octavas
982 3022 1069 3089 beati
1094 3024 1268 3091 Michaelis
1285 3021 1450 3107 archangeli

344 3136 409 3200 iam
425 3139 577 3199 venturas
594 3138 790 3217 evocassent,
822 3139 943 3200 etcum
960 3132 1069 3197 omnia
1084 3135 1242 3217 premissa
1267 3156 1325 3219 per
1340 3131 1452 3198 modum

344 3241 552 3327 prehabitum
583 3263 642 3326 per
658 3242 787 3307 eosdem
802 3241 966 3306 hominem
982 3246 1124 3306 uestrum
1141 3247 1174 3308 et
1199 3247 1344 3308 nostrum
1358 3259 1451 3305 coram

344 3349 438 3414 nobis
454 3350 670 3414 recitarentur
700 3349 734 3414 in
752 3349 887 3414 instanti
903 3345 993 3413 Oikw
1009 3349 1150 3414 serviens
1174 3351 1323 3432 magistri
1339 3343 1450 3412 Nicolai

344 3454 403 3521 filii
420 3455 516 3522 Batiz
533 3477 591 3540 pro
624 3457 736 3522 eodem
761 3457 890 3523 dominc
915 3477 972 3522 suc
999 3477 1109 3522 coram
1135 3457 1229 3524 nobis
1255 3451 1451 3542 comparendo

348 3564 477 3630 eosdem
493 3564 657 3630 hominem
673 3572 817 3631 vestrum
834 3572 867 3631 et
883 3571 1031 3630 nostrum
1057 3565 1207 3632 similiter
1237 3589 1257 3632 a
1288 3563 1451 3632 statucicna

345 3680 379 3739 et
396 3673 618 3755 resignacione
645 3673 808 3740 dictorum
825 3679 1005 3740 castrorum
1022 3677 1055 3739 et
1070 3677 1310 3760 possessionum
1333 3669 1453 3758 preliba-

345 3788 456 3848 tarum
472 3783 541 3849 vice
558 3789 590 3848 et
605 3785 735 3849 nomine
759 3785 860 3868 ipsius
887 3784 1009 3850 domini
1024 3785 1075 3849 sui
1101 3805 1211 3850 coram
1235 3785 1327 3850 nobis
1341 3783 1452 3848 contra·

344 3889 436 3972 dixit,
454 3913 551 3975 quem
567 3891 697 3974 quidem
713 3890 888 3958 Nicolaum
898 3890 1001 3956 filium
1011 3891 1108 3957 Batia
1124 3893 1275 3958 similiter
1291 3889 1331 3957 ad
1340 3888 1453 3956 easdem

345 4004 477 4064 octavas
493 3998 581 4064 beati
612 3999 786 4065 Michaelis
802 4000 992 4084 archangeli
1009 4005 1123 4067 contra
1148 4001 1273 4067 dictum
1297 3999 1452 4067 Nicolaum

344 4105 447 4173 filium
463 4105 636 4174 Benedicti
651 4109 750 4174 iidem
765 4109 862 4176 homo
879 4116 984 4177 vester
1002 4116 1034 4175 et
1050 4116 1161 4176 noster
1178 4109 1454 4176 coramnobisero·

346 4221 469 4282 carnut.
485 4217 610 4284 Datum
635 4218 669 4281 in
686 4217 848 4284 dominica
873 4219 1020 4304 proxima
1044 4224 1118 4302 post
1133 4223 1266 4286 octavas
1281 4214 1455 4286 Nativitatis

347 4321 494 4407 Virginis
510 4326 660 4411 gloriose,
676 4347 761 4392 anno
778 4327 974 4412 supradicto,

452 4471 583 4521 Ztrlatetn
605 4471 697 4536 pecset
717 4472 892 4538 nyomaival;
913 4473 1042 4539 credetije
1067 4487 1100 4523 az
1125 4485 1195 4524 orsz.
1218 4475 1275 4526 ltstr
1295 4471 1387 4525 kincst.
1399 4475 1456 4522 cszt

345 4557 379 4612 N·
392 4557 425 4611 B.
438 4561 471 4610 A.
489 4564 565 4612 1547.
580 4565 621 4613 75.
635 4563 703 4627 dipl.
718 4563 789 4614 lter:
810 4567 888 4614 2558.
907 4563 1003 4613 Kozli:
1023 4564 1126 4614 Vincze
1140 4563 1242 4615 Gabar.

829 4723 987 4736 *tufi—-
