3240 5460
746 431 933 480 ansouroar
950 417 1166 480 onulnrrla.

932 815 983 876 30.

394 979 489 1041 1322.
498 977 563 1061 jul.
580 976 633 1039 28.
651 975 678 1040 I.
696 974 822 1058 Kdroly
838 975 950 1058 kiralp
974 955 1091 1062 [ipfalu
1108 985 1190 1042 acolt
1215 975 1317 1042 Sdroa
1341 981 1510 1064 odrmepya'

392 1085 543 1190 dirtoltot,
560 1086 687 1148 minida
703 1085 836 1147 haldra‘t
852 1107 873 1146 a
889 1085 1008 1168 saepest
1032 1085 1248 1170 ledptalanaal
1264 1089 1467 1170 mepjdratta,
1482 1111 1510 1152 oz

391 1193 481 1258 Aleos
497 1191 723 1276 aemzetsc'pbdl
738 1189 813 1254 eald
822 1190 1267 1277 MihdlyfldaakMpchkaelr
1278 1193 1509 1280 adomdapozzo.

499 1351 646 1417 Karolus
663 1400 694 1416 ..
719 1371 779 1415 rex
795 1401 801 1415 .
819 1399 826 1415 .
852 1349 895 1415 ad
926 1351 1149 1417 universorum
1183 1353 1385 1418 noticiam..
1409 1353 1510 1418 harum

392 1461 473 1526 serie
498 1461 646 1524 volumus
670 1459 845 1542 pervenire,
871 1459 959 1542 quod
984 1481 1058 1524 cum
1082 1459 1273 1544 magnificus
1297 1463 1346 1526 vir
1372 1463 1510 1545 magister

392 1566 515 1651 Mykch
531 1565 618 1632 filius
634 1565 806 1632 Michaelis
833 1565 872 1630 de
898 1588 1015 1650 genere
1039 1565 1136 1634 Alius
1161 1569 1258 1634 iudex
1285 1571 1373 1635 curie
1398 1570 1511 1635 domine

391 1677 501 1760 regine
517 1677 674 1742 consortis
689 1681 799 1740 nostre
816 1675 978 1740 carissime
1004 1697 1110 1742 comes
1126 1676 1166 1741 de
1183 1675 1285 1742 Sarus
1310 1683 1343 1742 et
1368 1678 1408 1743 de
1432 1677 1511 1744 Zem-

391 1783 466 1869 leyn
482 1834 512 1850 ..
538 1805 595 1848 sue
618 1782 787 1849 fidelitatis
817 1783 952 1848 servicia
976 1784 1069 1850 nobis
1096 1806 1324 1868 proponens..
1344 1786 1511 1870 quamdam

391 1892 503 1958 villam
528 1893 626 1957 castri
642 1891 745 1956 nostri
762 1887 863 1956 Sarus
878 1889 1015 1975 Wyfolu
1031 1899 1179 1959 vocatam
1194 1915 1253 1977 pro
1264 1895 1336 1958 suis
1351 1895 1511 1959 meritoriis

391 1999 662 2066 serviciisanobia
678 1999 739 2065 sibi
755 1999 827 2064 dari
842 2006 998 2083 perpetuo
1009 2002 1205 2084 postulasset
1222 2053 1228 2068 .
1245 2053 1252 2067 .
1269 2003 1414 2086 capitulo
1425 2004 1511 2070 eccle-

392 2110 437 2175 sie
453 2109 557 2174 sancti
572 2107 711 2172 Martini
727 2107 767 2172 de
784 2105 906 2190 Scepus
922 2107 1091 2174 dedimus.
1108 2159 1115 2174 .
1131 2111 1165 2175 in
1184 2111 1357 2196 mandatis,
1381 2119 1420 2177 ut
1441 2113 1512 2195 ipso

394 2239 467 2282 rum
492 2217 661 2281 mitterent
685 2215 895 2280 hominem..
922 2237 1029 2281 coram
1062 2240 1126 2302 quo
1158 2219 1248 2284 Kael
1278 2217 1365 2285 filius
1396 2219 1512 2285 Nicolai

391 2325 487 2390 homo
503 2331 614 2390 noster
628 2323 787 2389 accedens
803 2345 900 2406 super
917 2322 1033 2390 faciem
1059 2326 1145 2392 dicte
1170 2327 1245 2392 ville
1270 2327 1407 2412 Wyfolu
1423 2349 1512 2392 ream-

390 2432 533 2499 bulando
549 2453 607 2516 per
622 2439 746 2496 veteres
761 2436 865 2496 metas
881 2437 914 2496 et
930 2433 1083 2517 antiquas
1102 2440 1262 2499 statueret
1273 2435 1361 2501 dicto
1371 2437 1512 2520 magistro

390 2540 513 2627 Mykoh
529 2547 686 2626 perpetuo
702 2539 929 2623 possidendam
946 2590 953 2606 .
969 2591 976 2606 .
993 2542 1081 2626 quod
1101 2541 1232 2626 quidem
1243 2543 1422 2627 capitulum
1437 2549 1513 2626 post-

390 2649 522 2716 modum
537 2650 629 2715 nobis
645 2649 810 2732 rescripsit
834 2649 867 2713 in
892 2649 980 2714 hunc
1004 2650 1144 2716 modum.
1168 2649 1448 2717 Excellentissimo
1466 2649 1513 2714 do

391 2761 477 2824 mino
494 2779 551 2823 suo
567 2757 694 2823 Karolo
711 2757 762 2822 dei
778 2757 890 2840 gracia
909 2757 1028 2821 illustri
1053 2759 1122 2842 regi
1147 2756 1320 2842 Hungarie
1345 2759 1512 2844 capitulum

392 2867 525 2933 ecclesie
540 2866 628 2931 beati
644 2864 783 2930 Martini
799 2865 838 2930 de
856 2862 977 2949 Scepus
988 2916 994 2931 .
1006 2915 1013 2931 .
1024 2863 1120 2953 stb.*)

498 2974 612 3039 Prima
636 2979 724 3038 meta
748 2974 863 3057 incipit
888 2995 927 3038 ex
952 2981 1045 3057 parte
1069 2974 1145 3039 ville
1170 2976 1319 3059 magistri
1350 2973 1512 3060 Rylrolphy

391 3081 582 3148 Wrusalma
597 3088 709 3149 vocate
734 3102 755 3145 a
779 3083 877 3166 plaga
902 3083 1096 3149 occidentali
1120 3084 1213 3148 iuxta
1237 3082 1371 3149 flumum
1396 3083 1514 3149 Tarcha

275 3243 278 3248 .
391 3191 448 3257 ubi
463 3189 579 3256 fluvius
594 3189 747 3276 Lythoua
762 3195 896 3255 vocatus
913 3191 1000 3256 cadit
1016 3192 1049 3256 in
1066 3190 1202 3255 eundem
1227 3189 1361 3256 fluvium
1387 3190 1514 3268 Tarcha,

392 3306 424 3364 et
440 3299 515 3365 inde
531 3299 677 3383 procedit
690 3321 799 3364 versus
809 3299 993 3382 aquilonem
1009 3319 1109 3383 supra
1127 3299 1221 3363 iuxta
1237 3299 1376 3364 cundem
1391 3297 1514 3364 fluvium

390 3406 895 3492 Lythouaetpervenitadlocum
906 3407 1068 3492 quiKopu
1079 3406 1246 3473 diciturad
1257 3413 1378 3472 terram
1388 3407 1515 3472 fratrum

391 3515 622 3581 heremitarum
639 3516 760 3581 ordinis
777 3517 880 3580 sancti
889 3512 1070 3599 Augustini
1081 3515 1120 3580 de
1131 3513 1231 3581 Sarus
1248 3521 1281 3580 et
1296 3515 1417 3582 ibidem
1432 3516 1517 3579 iuxta

351 3665 353 3672 ,
391 3627 563 3709 antiquum
579 3631 721 3690 meatum
737 3621 827 3690 fluvii
842 3623 996 3708 Lythoua
1011 3625 1118 3689 vocati
1129 3631 1177 3688 est
1187 3630 1275 3689 meta
1285 3630 1400 3708 terrea,
1412 3619 1517 3689 deinde

391 3754 489 3817 super
503 3739 647 3798 meatum
664 3733 805 3797 eiusdem
821 3729 910 3796 fluvii
931 3730 1133 3798 ascendendo
1159 3731 1264 3796 tendit
1288 3752 1398 3796 versus
1423 3730 1517 3795 orien-

392 3847 466 3923 tem,
483 3841 658 3906 traseundo
683 3841 789 3924 ipsum
814 3839 947 3906 fluvium
969 3847 1001 3905 et
1025 3841 1137 3905 statim
1161 3837 1207 3904 ibi
1231 3844 1280 3904 est
1305 3845 1516 3914 malaterrae,

391 3948 507 4014 deinde
532 3947 710 4014 reflectitur
734 3969 843 4012 versus
869 3947 1034 4012 meridiem
1058 3947 1100 4012 ad
1124 3967 1242 4012 novum
1268 3951 1411 4011 meatum
1437 3940 1517 4009 fluvii

390 4055 545 4140 Lythoua
570 4064 602 4120 et
617 4056 664 4121 ibi
678 4057 770 4121 iuxta
789 4055 867 4120 litus
884 4055 1025 4120 eiusdem
1041 4053 1130 4119 fluvii
1147 4061 1195 4118 est
1220 4059 1308 4118 meta
1333 4060 1449 4135 terrea,
1472 4049 1518 4114 de·

391 4165 465 4229 inde
481 4185 539 4248 per
555 4186 672 4230 novum
688 4169 832 4228 meatum
849 4163 991 4228 eiusdem
1007 4161 1097 4228 fluvii
1116 4161 1263 4228 ascendit
1287 4184 1398 4227 versus
1422 4160 1517 4225 orien-

498 4343 524 4408 *)
537 4344 712 4396 Kdvetkezik
724 4359 740 4395 a
753 4344 943 4408 krtptalannak
955 4344 1098 4408 jelentdse,
1121 4344 1227 4409 Karoly
1251 4343 1400 4410 kirtlynak
1416 4338 1517 4396 Budam

393 4438 470 4485 1322.
484 4439 566 4484 mart.
582 4435 643 4484 l-dn
656 4435 716 4485 kalt
728 4435 908 4500 rendslettre‚
921 4451 937 4484 a
951 4435 1059 4486 Henrik
1073 4435 1204 4485 kanonok
1217 4435 1396 4500 kozbenjotte
1417 4429 1519 4484 mellett

392 4523 536 4588 teljesltett
547 4525 740 4588 salutauerat,
754 4527 877 4591 molybdl
890 4541 922 4576 az
942 4525 1055 4577 trdekes
1068 4525 1245 4591 hatdrp'drast,
1270 4539 1287 4574 a
1300 4525 1374 4576 mint
1395 4521 1518 4575 koveue

392 4615 437 4664 zik
451 4615 529 4679 egesz
543 4613 759 4679 te1·jedelmdben
772 4615 866 4681 adjuti.
