3172 5462
322 475 364 538 92
679 489 867 538 assoosonr
883 477 1099 537 ossiurrtu.

321 674 381 720 nos
405 653 525 720 reversi
559 654 759 721 concorditer
790 655 982 740 retulerunt,
1012 655 1101 740 quod
1130 677 1150 720 a
1174 655 1287 720 ricinis
1312 659 1346 720 et
1372 671 1452 720 com·-

321 765 480 829 metaneis
504 765 714 849 possessionis
739 765 840 848 ipsius
865 760 1029 830 Gothardi
1061 785 1118 829 scu
1151 764 1454 830 circumiacentibus

323 873 460 958 populis,
484 873 637 937 videlicet
662 873 694 936 in
719 873 796 938 silla
821 870 952 939 Nicolai
978 871 1038 938 filii
1053 872 1264 956 Zerethmeri,
1289 874 1370 938 item
1395 869 1453 937 Ni-

323 981 414 1047 colao
448 979 516 1048 filio
545 979 646 1063 Tyba,
681 978 807 1045 Thoma
841 978 909 1045 filio
944 979 1097 1064 Gregorii
1128 978 1353 1045 Bartholomei
1386 978 1453 1046 filio

323 1087 455 1173 Gogsni
480 1095 513 1154 et
537 1088 658 1174 Synnie
684 1111 722 1154 ao
752 1088 866 1174 Moyse
892 1095 923 1154 et
957 1087 1033 1154 filiis
1058 1089 1200 1154 eiusdem
1225 1087 1390 1154 nobilibus
1416 1089 1453 1153 de

323 1196 451 1284 Synnie,
476 1199 555 1262 item
580 1195 724 1263 Nicolao
740 1196 808 1262 filio
827 1195 942 1281 Bense,
968 1197 1141 1264 Dominioc
1172 1196 1239 1261 filio
1255 1195 1358 1278 Petri,
1384 1191 1454 1261 An-

322 1305 402 1370 drea
426 1303 493 1371 filio
526 1303 693 1389 Stephani,
723 1303 829 1370 Paulo
865 1303 931 1368 filio
956 1303 1077 1388 Egidii,
1101 1302 1231 1368 Briccic
1263 1302 1330 1368 filio
1362 1302 1454 1368 Mike

323 1419 357 1477 et
381 1411 520 1477 Nicolao
551 1411 619 1477 filio
653 1411 821 1477 Kezmerii
846 1411 1008 1477 nobilibus
1036 1411 1076 1476 de
1107 1410 1236 1494 TeuteS,
1259 1412 1339 1476 item
1364 1431 1455 1476 ano·

323 1521 442 1586 bilibus
474 1521 513 1586 de
538 1520 687 1606 Kopaoh,
703 1520 827 1605 Budur,
852 1520 961 1604 Anda,
986 1519 1124 1586 Nicolao
1151 1527 1184 1586 et
1209 1520 1455 1602 Bartholomeo,

323 1629 402 1692 item
418 1627 608 1694 anobilibus
625 1628 664 1694 de
681 1626 780 1714 Geor,
796 1629 898 1695 Petro
908 1627 975 1695 filio
991 1626 1121 1712 Oheme,
1132 1627 1299 1714 Stephano
1310 1627 1378 1694 filio
1394 1625 1455 1692 Al-

323 1736 431 1819 mand,
441 1733 615 1802 Salamone
631 1736 698 1802 filio
709 1733 850 1801 Adriani
862 1742 895 1802 et
911 1737 984 1802 aliis
999 1737 1154 1821 proximis
1165 1737 1360 1820 eorumdem,
1376 1737 1455 1801 item

324 1844 366 1909 ab
383 1845 538 1909 universis
563 1845 692 1929 populis
717 1845 756 1910 de
772 1843 928 1928 Kowach,
942 1846 1021 1910 item
1037 1867 1058 1910 a
1077 1845 1239 1912 nobilibus
1256 1845 1296 1911 de
1312 1843 1453 1930 Mydies,

323 1951 478 2036 Martiae,
502 1949 639 2019 Andrea
662 1959 695 2017 et
720 1953 792 2018 aliis
817 1953 971 2036 proximis
997 1953 1192 2035 eorumdem,
1211 1955 1289 2018 item
1316 1953 1359 2018 ab
1385 1955 1456 2018 uni·

327 2062 426 2126 versis
445 2063 574 2146 populis
599 2061 639 2126 de
664 2061 814 2146 Bolosey,
834 2062 1001 2126 scivissent
1026 2061 1132 2146 ipsum
1158 2059 1368 2127 Gothardum
1386 2063 1455 2127 sine

329 2169 485 2234 heredum
509 2170 628 2236 solacio
660 2171 833 2236 decessisse
859 2175 891 2234 et
915 2169 1076 2254 prefatam
1101 2171 1339 2255 possessionem
1364 2191 1458 2236 suain

325 2283 430 2342 vestre
445 2278 624 2344 maiestatis
641 2279 810 2344 collacioui
835 2279 1006 2363 pertinere,
1024 2301 1087 2362 que
1102 2277 1358 2363 possessionibus
1374 2277 1457 2345 filio-

324 2407 397 2450 rum
412 2384 575 2470 Dorozlay
598 2385 690 2451 me
716 2387 856 2471 Bolosey
872 2393 905 2452 et
921 2386 1074 2452 Thcwtus
1091 2386 1323 2472 circumdatur,
1341 2407 1456 2471 quam-

325 2493 456 2578 quidem
471 2495 799 2577 possessionemidem
814 2495 910 2562 homo
926 2501 1032 2561 vester
1049 2517 1157 2561 coram
1168 2496 1281 2561 eodem
1296 2497 1455 2579 magistro

324 2603 425 2668 Petro
441 2608 552 2668 nostro
578 2605 762 2670 testimonio
787 2626 945 2689 perversa
961 2619 995 2670 et
1018 2605 1170 2688 antiquas
1187 2609 1290 2669 metas
1305 2603 1457 2670 reambu·

325 2709 423 2774 lando
439 2711 556 2774 statuit
571 2711 689 2776 eisdem
705 2709 864 2796 Gregorio
882 2717 916 2777 et
931 2711 1098 2777 Duruzlao
1113 2711 1189 2777 filiis
1205 2712 1366 2778 Duruzlai
1381 2734 1454 2797 per-

325 2822 425 2902 petuo
440 2819 675 2903 possidendam,
699 2821 789 2886 nullo
807 2821 1046 2886 contradictore
1072 2821 1249 2904 existente;
1265 2821 1301 2885 in
1318 2821 1457 2904 qusqui-

326 2925 399 2990 dem
413 2927 613 3010 possessione
627 2949 686 2993 nec
703 2928 878 3011 ecclesiam,
893 2929 1029 3012 vineam,
1044 2927 1273 3011 molendinum,
1289 2949 1349 2994 nec
1364 2928 1456 2994 iuba·

327 3037 438 3118 gioncs
454 3056 523 3100 esse
547 3037 737 3120 retulerimt,
762 3037 819 3102 sed
843 3037 876 3100 in
901 3043 971 3102 toto
988 3037 1075 3102 silvis
1100 3035 1284 3102 nemoribus
1309 3043 1343 3101 et
1359 3037 1457 3102 terris

325 3143 504 3210 arabilibus
529 3145 570 3212 ad
596 3146 660 3210 tria
693 3150 804 3210 aratra
829 3141 1041 3209 sufficientem
1071 3144 1207 3210 eandem
1232 3143 1457 3228 affirmanrnt;

325 3274 437 3318 cursus
461 3273 536 3318 vero
561 3257 721 3318 metarum
747 3252 889 3318 eiusdem
907 3254 1114 3336 possessionis
1133 3253 1195 3318 hoo
1210 3251 1325 3317 ordine
1341 3251 1457 3318 distin·

325 3365 463 3442 guntur:
482 3361 569 3444 quod
583 3363 688 3445 prima
703 3367 798 3444 meta,
815 3382 877 3444 que
892 3362 1007 3445 incipit
1024 3382 1044 3424 a
1059 3368 1154 3445 parte
1169 3359 1263 3426 me
1279 3361 1373 3425 iuxta
1388 3366 1456 3423 ter-

324 3487 395 3530 ram
419 3465 560 3532 filiorum
584 3467 739 3533 Dorozlai
763 3491 864 3554 prope
880 3469 1014 3534 fluvium
1037 3468 1142 3552 Baba,
1168 3474 1217 3532 est
1242 3467 1276 3531 in
1302 3468 1456 3551 virgultis

326 3574 381 3640 ubi
397 3581 472 3641 sunt
488 3575 550 3642 due
566 3577 698 3642 arbores
713 3599 778 3642 una
795 3578 878 3642 ilicis
897 3579 1002 3643 altera
1027 3599 1102 3642 vero
1118 3577 1208 3661 pirus
1226 3583 1259 3642 et
1274 3582 1352 3642 sunt
1368 3582 1455 3642 mete

325 3689 438 3768 terres,
455 3684 570 3749 deinde
600 3708 734 3770 parvum
758 3687 923 3752 declinans
948 3687 990 3753 ad
1014 3693 1141 3771 partem
1166 3686 1336 3751 dexteram
1357 3707 1457 3770 super

325 3795 434 3878 spinas
469 3794 604 3858 tendens
629 3816 738 3860 versus
762 3801 889 3880 partem
917 3795 1214 3881 septemtrionalem
1238 3797 1387 3881 persenit
1411 3794 1457 3860 ad

324 3903 473 3987 viamque
483 3901 764 3988 venitaKowaoh,
775 3904 919 3970 saliendo
929 3903 1064 3969 eandem
1081 3903 1203 3970 directe
1214 3903 1375 3970 currendo
1385 3923 1456 3968 rer-

324 4031 378 4076 sus
397 4011 532 4078 eandem
541 4017 668 4096 partem
677 4015 824 4095 pervenit
833 4011 875 4078 ad
885 4012 969 4078 viam
979 4033 1041 4096 que
1060 4011 1179 4078 dicitur
1188 4011 1457 4097 Kormendutba,

325 4126 359 4184 et
375 4121 494 4186 abhinc
508 4121 598 4186 vadit
615 4121 656 4188 ad
672 4122 756 4186 viam
772 4122 919 4186 similiter
943 4121 1065 4186 directe
1082 4121 1240 4187 currendo
1257 4141 1319 4204 que
1335 4120 1458 4186 dicitur

325 4231 377 4297 via
393 4229 596 4296 Sabariensis
611 4231 644 4295 in
664 4229 800 4312 singulis
815 4227 898 4293 binis
921 4229 1016 4293 metis
1039 4227 1204 4312 veniendo,
1213 4226 1330 4292 deinde
1343 4211 1458 4292 autem

326 4339 460 4404 tendens
488 4358 597 4402 versus
623 4336 757 4402 eandem
781 4342 907 4420 partem
932 4336 1229 4420 septemtrionalem
1247 4336 1340 4400 iuxta
1356 4355 1456 4400 unam

325 4446 474 4512 arborem
488 4447 578 4531 pirus
594 4445 771 4510 silvestrem
787 4445 957 4510 vicinando
981 4445 1077 4509 terris
1093 4444 1251 4510 nobilium
1267 4442 1306 4507 de
1322 4441 1457 4508 Tewtus

327 4555 427 4618 currit
443 4555 485 4620 ad
500 4559 566 4619 tres
581 4558 685 4618 metas
700 4575 834 4638 magnas
850 4555 1022 4636 angulares
1046 4553 1080 4618 in
1104 4553 1245 4636 virgulto
1260 4551 1394 4635 positas,
1421 4561 1457 4618 et-

327 4660 441 4726 exinde
471 4660 635 4727 declinans
659 4681 769 4726 versus
785 4661 968 4746 aquilonem
986 4663 1071 4726 circa
1090 4667 1212 4726 terrem
1228 4657 1369 4724 filiorum
1385 4657 1456 4726 Do·
