3112 5466
569 477 664 537 1327.
682 480 753 538 uls.
776 477 822 540 [Ο.
1201 476 1265 537 279

132 661 203 739 pter
220 657 312 738 pacis
328 654 603 740 pulchritudinem
620 659 653 718 et
670 653 855 720 dileccionis
864 653 1030 718 vinculum
1041 652 1266 718 indissolubile

131 771 166 829 ut
181 765 223 831 de
240 766 346 831 medio
363 768 506 850 ipsorum
532 766 635 830 omnis
659 765 741 828 livor
765 764 885 828 invidio
907 767 1092 846 amputetur
1117 764 1150 828 in
1177 762 1266 828 diota

133 895 230 938 causa
255 873 297 938 ad
323 873 421 940 talem
448 878 602 956 perpetue
632 873 722 956 pacis
753 878 787 936 et
818 872 988 936 concordie
1004 916 1035 935 ..
1061 871 1266 936 devenissent

131 985 282 1048 unionem
299 1033 305 1046 .
323 1033 329 1047 .
347 982 433 1067 quod
449 981 588 1066 predicti
605 982 752 1064 magistri
769 980 860 1045 lwan
878 987 911 1046 et
926 979 1038 1046 Simon
1055 979 1175 1045 dictam
1191 1001 1265 1064 pos-

131 1093 305 1156 sessionem
321 1089 432 1156 Zooch
448 1093 597 1154 vocatam
624 1111 696 1154 cum
728 1089 876 1154 omnibus
907 1089 972 1154 suis
1004 1088 1204 1154 utilitatibus
1230 1095 1263 1152 et

130 1199 256 1264 iuribus
272 1203 382 1282 preter
398 1219 497 1262 unam
513 1197 671 1280 piscinam
689 1195 907 1281 Zoochfertey
934 1201 1084 1262 vocatam
1100 1197 1135 1261 in
1151 1196 1264 1262 eadem

130 1308 330 1391 possessione
345 1305 492 1371 habitam
510 1305 630 1369 eisdem
654 1303 820 1370 Luoacbio
839 1309 873 1370 et
889 1301 1050 1387 Gregorio
1068 1354 1074 1369 .
1091 1355 1098 1369 .
1115 1305 1262 1388 reliquis·

130 1423 201 1481 sent
217 1465 224 1480 .
243 1416 327 1499 ,ipsi
352 1435 427 1479 vero
451 1413 636 1480 Luoachius
652 1420 686 1479 ct
701 1411 883 1496 Gregorius
908 1413 1088 1498 predictam
1105 1416 1263 1498 piscinam

131 1523 347 1607 Zoochfertey
363 1523 563 1587 nominatam
587 1523 620 1586 in
645 1521 734 1587 diota
758 1521 958 1606 possessione
984 1523 1176 1587 existentem
1191 1545 1263 1606 prc-

131 1631 226 1696 dietis
243 1631 332 1696 Iwan
349 1637 381 1694 et
397 1629 523 1696 Simoni
549 1629 635 1694 dicte
652 1630 839 1694 donacionis
854 1635 964 1694 nostre
991 1631 1088 1696 titulo
1114 1631 1262 1716 reliquis-

129 1747 199 1804 sent
217 1791 225 1804 .
242 1790 248 1804 .
266 1760 303 1804 eo
323 1737 419 1803 modo
436 1789 442 1803 .
460 1789 466 1803 .
484 1738 571 1821 quod
598 1743 665 1803 tam
689 1738 786 1802 iidem
812 1737 997 1803 Lucaohius
1022 1745 1056 1804 et
1080 1738 1261 1822 Gregorius

130 1869 227 1930 quam
243 1849 385 1931 ipsorum
401 1847 611 1930 posteritates
638 1845 733 1910 dictis
748 1844 839 1910 Iwan
857 1850 890 1909 et
905 1842 1029 1910 Simoni
1054 1848 1260 1932 ipsorumque

129 1957 267 2038 posteris
291 1977 352 2039 pro
376 1954 592 2039 percipiendis
617 1953 776 2019 fructibus
807 1953 1009 2019 utilitatibus
1034 1961 1068 2020 et
1092 1955 1261 2040 questibus

130 2064 214 2129 dicte
231 2063 353 2146 piscine
368 2063 401 2128 in
418 2062 506 2127 dicta
522 2063 722 2146 possessione
746 2063 834 2127 omni
859 2069 1004 2146 tempore
1029 2062 1168 2128 liberum
1193 2063 1261 2127 adi·

129 2179 197 2236 tum
223 2177 258 2236 et
284 2193 342 2254 pro
368 2170 576 2235 extrahendis
600 2169 723 2235 retibus
750 2169 789 2234 de
816 2169 928 2236 eadem
959 2171 1098 2254 piscina.
1114 2171 1261 2254 spacium
1348 2223 1349 2232 ,

130 2287 215 2346 terre
231 2285 450 2363 opportunum
466 2301 591 2363 sempor
614 2278 692 2344 dare
717 2285 906 2344 tenerentur
931 2300 991 2344 nec
1015 2284 1158 2345 meatum
1174 2301 1260 2363 aque

128 2389 317 2453 inundantis
333 2387 372 2452 de
388 2385 484 2453 fluvio
502 2387 600 2471 Tycie
615 2389 719 2471 pisces
744 2389 778 2452 iu
804 2409 874 2452 eam
900 2387 1109 2472 producentis
1125 2394 1261 2471 possunt

129 2497 178 2560 rel
193 2496 303 2560 valent
327 2497 435 2578 aliquo
460 2517 604 2578 unquam
629 2501 773 2579 tempore
798 2496 935 2578 aliquali
960 2495 1127 2560 obstaculo
1153 2495 1259 2578 prohi-

127 2605 221 2684 bere3
251 2606 380 2670 litteras
396 2625 524 2689 quoque
541 2610 574 2670 et
589 2604 792 2688 privilegium
813 2625 876 2687 que
892 2604 1012 2668 dictam
1028 2605 1260 2688 possessionem

128 2735 167 2777 ex
184 2719 296 2778 nostra
312 2713 490 2779 donacione
514 2715 658 2796 ipsorum
683 2712 776 2778 Iwan
801 2717 834 2777 et
859 2712 998 2778 Simonis
1022 2712 1091 2776 fore
1116 2711 1259 2777 declara·

128 2821 209 2886 bant
224 2821 322 2886 iidem
338 2821 429 2886 Iwan
445 2827 479 2886 et
495 2820 607 2888 Simon
623 2821 719 2886 dictis
744 2819 910 2886 Lucachio
936 2826 969 2885 et
994 2817 1155 2904 Gregorio
1182 2821 1259 2884 assi-

127 2935 317 3011 gnorunt..
342 2929 467 2994 Datum
493 2930 527 2994 in
543 2927 736 3013 Wysegrad,
753 2929 786 2992 in
812 2927 984 3011 quindenis
1009 2926 1097 2993 beati
1123 2925 1259 3013 Georgii

129 3037 279 3120 martiris,
296 3058 381 3102 anuo
398 3036 520 3102 domini
535 3035 590 3101 Μ0
606 3033 707 3103 0000
723 3035 814 3100 XX⁰
834 3037 979 3120 septimo.

234 3200 384 3265 Hatlapjan
399 3199 491 3264 pecset
504 3200 680 3265 nyomaiva15
699 3199 830 3265 credetije
844 3215 876 3249 az
899 3215 969 3250 orsa.
994 3200 1049 3252 lter
1071 3202 1169 3252 kincst.
1191 3205 1258 3251 oszt.

128 3288 162 3338 N.
175 3289 206 3338 R.
222 3289 252 3340 A.
269 3295 329 3341 932.
347 3294 386 3340 18.
400 3290 466 3354 dipl.
480 3292 511 3341 lt.
527 3293 604 3340 2415.
619 3290 701 3341 Kozli
714 3307 719 3340 :
733 3290 837 3340 Vineae
851 3289 951 3341 aanor.

614 3488 771 3497 --—-—-.-

656 3688 730 3750 259.

131 3851 224 3914 1327.
252 3853 329 3934 maij
353 3853 402 3914 10.
422 3848 450 3913 Α
468 3851 751 3938 ,ᾳῃ-ιιῐαῃῖοὴόϊυιίννὶ
775 3849 935 3934 loc'plulca
961 3851 1150 3938 biaoapitja,
1175 3856 1258 3938 lroqy

129 3957 233 4024 Batoi
249 3959 331 4021 Elea
349 3961 380 4022 e‘s
397 3959 505 4022 Derras
522 3959 881 4044 doluire'aajdaquukqt
892 3959 924 4023 e's
935 3958 1172 4046 rudszolqriilrct
1189 3972 1258 4026 test·

166 4066 320 4131 ue‘rdlroels
338 4066 532 4130 Iocirrlcu‘aalt
548 4069 592 4130 50
608 4067 725 4132 matida
741 4067 895 4131 ‹teutdra'rt
911 4068 1064 4132 drdkdsea
1081 4069 1217 4132 elmltu'lr.

234 4225 422 4310 Capitulum
439 4227 572 4292 ecclesie
589 4227 819 4293 Transsilvane
836 4277 843 4292 .
860 4277 866 4292 .
889 4226 931 4292 ad
962 4229 1185 4295 universorum
1201 4252 1257 4297 no·

128 4335 282 4399 liciam..
308 4335 423 4400 harum
448 4337 528 4400 serie
560 4335 706 4401 volumus
738 4335 924 4421 parvenire,
956 4336 1043 4419 quod
1070 4339 1255 4404 constitutis

127 4465 236 4508 coram
260 4444 353 4510 nobis
377 4443 461 4510 Elek
492 4447 578 4511 dicto
602 4446 675 4512 rufo
701 4453 734 4512 ot
758 4443 906 4512 Dionisio
932 4445 1007 4512 filiis
1032 4445 1195 4513 Jobannis
1218 4449 1257 4514 de

127 4551 216 4616 Bala
227 4553 268 4617 ab
284 4574 350 4617 una
367 4560 467 4636 parte,
486 4560 518 4619 ot
543 4554 678 4620 [ruanka
703 4555 770 4620 filio
797 4555 940 4620 ciusdem
964 4554 1127 4622 Johannis
1152 4556 1255 4621 fratre

127 4659 292 4726 'eorumde
310 4661 419 4726 eadem
438 4682 477 4726 ex
494 4663 606 4747 altera,
623 4663 708 4728 idern
724 4663 809 4728 Elelr
825 4660 916 4728 rufus
942 4668 974 4728 et
1000 4662 1167 4729 Dionisius
1183 4683 1256 4729 con-
