3154 5474
554 508 647 572 1330.
666 524 734 570 run.
752 509 804 570 21.
1170 505 1233 569 505

103 685 197 750 sione
214 687 387 754 Deuecher
404 686 620 772 contingentis
636 685 727 750 nullo
753 687 992 752 contradictore
1018 685 1175 750 existente
1199 704 1238 748 ac

103 793 267 862 redimere
283 797 364 862 velle
380 801 545 862 asserente
562 801 598 861 ut
614 801 798 879 pretactum
814 801 863 860 est
889 793 995 860 eidem
1011 795 1122 860 comiti
1138 791 1236 858 Nico-

103 901 158 965 lao
176 901 218 968 de
234 901 346 988 Puryn
362 910 520 990 perpetuo
538 909 664 970 statuta
679 903 749 968 fore
765 924 806 968 ex
836 909 949 968 tenore
975 901 1136 968 dictarum
1151 903 1239 966 litte·
1326 957 1331 967 .

102 1029 220 1076 rarum
236 1012 372 1095 capituli
388 1009 561 1096 Agriensis
586 1011 819 1095 reperiebatur,
845 1010 919 1076 ideo
948 1009 1082 1076 eandem
1100 1009 1238 1075 terciam

103 1124 236 1201 partem
253 1119 341 1187 dicte
356 1121 609 1206 possessionarie
625 1121 786 1204 porcionis
797 1121 830 1184 in
841 1118 930 1185 dicta
945 1117 1123 1184 Dcwecher
1133 1109 1239 1202 ipsum

102 1225 301 1294 Ladislanm
316 1229 419 1294 filium
435 1227 546 1295 Alexii
565 1228 728 1314 quondam
746 1229 986 1312 contingentem
1004 1250 1077 1294 cum
1094 1227 1159 1292 suis
1175 1227 1239 1292 uti-

103 1335 261 1402 litatibus
277 1344 310 1403 et
325 1338 534 1422 pertinenciis
566 1337 724 1402 universis
757 1335 859 1401 eidem
891 1335 1001 1403 comiti
1033 1333 1173 1401 Nicolao
1199 1333 1240 1399 de

102 1442 224 1527 Puryn
239 1445 410 1512 iudiciaria
426 1446 625 1512 auctoritate
635 1445 891 1533 adiudicavimus
907 1451 1065 1530 perpetuo
1075 1441 1239 1528 possiden-

104 1549 184 1616 dam
203 1601 210 1616 .
227 1601 234 1616 .
250 1550 376 1618 Datum
392 1553 426 1617 iu
442 1553 653 1639 Wyssegrad‚
663 1553 819 1636 vigesimo
829 1552 969 1644 secundo
987 1552 1039 1617 die
1055 1550 1129 1616 festi
1145 1548 1241 1615 Nati·

105 1660 224 1724 uitatis
240 1659 330 1725 besti
345 1658 371 1726 J
373 1659 510 1727 ohannis
526 1661 686 1746 Baptiste²
705 1683 790 1727 anno
807 1662 929 1728 domini
945 1660 1122 1727 Millesimo
1139 1653 1241 1725 000⁰

103 1767 285 1834 tricesimo.

217 1931 315 1998 ango
337 1933 647 1999 pecstttdredeheirel;
676 1933 807 1998 credetijc
829 1947 860 1983 az
874 1927 952 1984 ‘orez-
975 1934 1029 1984 ltdr
1051 1932 1151 1982 kincst.
1174 1933 1241 1984 oszt.

102 2022 138 2071 N.
163 2023 196 2072 R.
212 2023 245 2072 Δ.
273 2027 347 2074 1535.
362 2027 405 2074 38.
419 2025 485 2089 dipl.
500 2024 570 2076 ltstr:
587 2029 665 2075 2625.
679 2023 777 2075 Korn:
792 2024 896 2075 Vincze
910 2023 1009 2075 Gabor.

595 2225 755 2233 ——-

641 2496 717 2558 432.

106 2677 207 2738 1330.
216 2674 284 2758 jul.
301 2677 351 2740 21.
370 2677 397 2740 A
422 2679 629 2761 consoppvc'rt
644 2689 774 2742 corruent
791 2679 862 2743 elon
889 2677 1048 2743 Soleoro'di
1079 2675 1174 2754 Illac,
1191 2681 1236 2737 ott

100 2786 136 2848 c's
164 2783 307 2867 Ozywap
332 2793 412 2848 uero
436 2783 620 2871 helyae'pben
650 2785 717 2850 leod
749 2785 966 2851 birtokrdszeit
999 2780 1096 2849 Chelai
1121 2783 1241 2846 Domo·

426 2893 522 2958 hosca
539 2893 725 2980 drdhjoppal
741 2897 926 2959 dtruba'zzo.

219 3069 407 3136 Conventus
432 3073 621 3138 monasterii
653 3073 759 3138 sancti
790 3071 902 3157 Egidii
935 3072 973 3137 de
999 3070 1135 3154 Simigio
1153 3119 1159 3134 .
1176 3119 1183 3134 .
1200 3067 1242 3133 ad

100 3179 336 3244 universorum
352 3177 536 3267 (noticiam)
553 3228 560 3244 .
577 3230 584 3245 .
600 3180 749 3248 volumus
766 3183 942 3266 pervenire,
954 3179 1042 3265 quod
1057 3175 1241 3244 Illeufilius

99 3287 228 3354 Vrbsn
254 3286 294 3352 de
319 3285 470 3354 Sukroud
495 3289 536 3353 ab
562 3311 627 3354 una
651 3297 758 3372 parte,
774 3289 931 3374 magister
946 3288 1138 3354 Dominicus
1153 3284 1240 3350 filius

100 3399 203 3464 Iwan
221 3397 262 3462 dc
288 3395 381 3464 (lheh
395 3397 437 3463 ab
452 3399 558 3464 altera
582 3419 690 3466 coram
707 3401 801 3466 nobis
826 3399 1043 3485 personaliter
1071 3394 1241 3462 constituti

101 3505 279 3591 predictus
294 3506 380 3572 Illeu
396 3509 511 3575 retulit
527 3559 534 3574 .
551 3559 558 3575 .
574 3515 612 3574 ut
637 3509 714 3593 quia
739 3509 830 3592 prole
856 3528 913 3574 seu
937 3504 1094 3572 heredum
1118 3501 1239 3568 solacio

98 3614 240 3681 domino
257 3615 452 3682 concedente
469 3622 594 3682 careret
609 3623 641 3682 et
657 3615 742 3682 idem
758 3616 912 3700 magister
927 3612 1118 3680 Dominicus
1134 3609 1240 3692 proxi-

98 3745 179 3790 mus
196 3746 275 3790 suus
292 3726 325 3790 in
351 3727 580 3792 necessitatum
596 3747 729 3792 suarum
746 3725 894 3791 articulis
920 3721 1066 3788 debitum
1091 3717 1240 3804 specialis

97 3833 297 3898 dileccionis
314 3832 434 3900 favoris
450 3840 482 3900 et
491 3835 682 3918 provisionis
698 3835 726 3899 ei
736 3832 954 3918 impendisset,
970 3828 1042 3895 ideo
1052 3829 1157 3912 ipsum
1172 3847 1239 3890 ma-

97 3945 249 4028 gistrum
266 3941 475 4010 Dominicum
490 3943 525 4008 in
550 3941 702 4008 heredem
719 3943 781 4008 sihi
806 3942 982 4024 recepisset
1007 3943 1040 4002 et
1063 3935 1166 4001 filium
1183 3933 1239 3998 ad-

97 4052 266 4138 optivum,
299 4051 438 4137 denique
454 4052 724 4138 possessionarias
755 4050 923 4136 porciones
954 4065 1030 4112 suas
1061 4045 1095 4110 iu
1126 4041 1240 4108 eadem

97 4160 272 4228 karoud
289 4165 321 4225 et
337 4161 371 4225 in
387 4158 527 4247 Ozywag
543 4162 650 4246 ipsum
667 4160 737 4224 iure
753 4157 954 4223 hereditario
971 4157 1196 4238 contingentes
1206 4150 1239 4213 in

96 4269 269 4337 comitatu
285 4265 470 4352 Simigiensi
486 4270 660 4334 existentes
686 4289 759 4332 cum
775 4267 932 4332 universis
948 4264 1135 4330 eammdom
1150 4263 1239 4329 utili-

95 4377 234 4444 tatibus
251 4425 259 4441 .
276 4427 283 4441 .
299 4398 339 4442 cc
353 4380 506 4461 porcione
515 4380 549 4444 in
559 4377 739 4462 parochiali
749 4376 885 4442 ecclesia
900 4374 943 4440 ad
958 4374 1112 4440 honorem
1128 4378 1239 4438 sancte

95 4487 215 4554 crucis
240 4486 276 4550 in
292 4483 405 4552 eadem
422 4485 564 4574 Ozywag
580 4491 768 4556 constructa
783 4487 890 4571 ipsum
915 4485 1118 4568 contingenti
1134 4483 1239 4549 eidem

93 4594 266 4678 magistro
283 4591 456 4663 Dominico
472 4647 479 4663 .
496 4647 503 4664 .
520 4596 662 4664 dedisset
678 4645 685 4660 .
703 4645 709 4660 .
725 4596 796 4660 iure
811 4598 969 4677 perpetuo
997 4597 1030 4657 et
1045 4591 1239 4658 irrevocabi-

93 4707 182 4778 liter
208 4701 376 4796 possidere
393 4699 400 4774 ζ
416 4755 424 4770 .
440 4705 566 4780 Datum
582 4705 719 4772 sabbato
736 4703 883 4790 proximo
914 4706 989 4796 post
1012 4700 1130 4768 festum
1148 4698 1240 4776 Divi-
