<?xml version="1.0" encoding="UTF-8"?>
<!DOCTYPE html PUBLIC "-//W3C//DTD XHTML 1.0 Transitional//EN"
    "http://www.w3.org/TR/xhtml1/DTD/xhtml1-transitional.dtd">
<html xmlns="http://www.w3.org/1999/xhtml" xml:lang="en" lang="en">
 <head>
  <title>
</title>
<meta http-equiv="Content-Type" content="text/html;charset=utf-8" />
  <meta name='ocr-system' content='tesseract 3.04.00' />
  <meta name='ocr-capabilities' content='ocr_page ocr_carea ocr_par ocr_line ocrx_word'/>
</head>
<body>
  <div class='ocr_page' id='page_1' title='image "./codexdiplomatic01nagygoog_0577.png"; bbox 0 0 3154 5474; ppageno 0'>
   <div class='ocr_carea' id='block_1_1' title="bbox 358 481 1141 543">
    <p class='ocr_par' dir='ltr' id='par_1_1' title="bbox 358 481 1141 543">
     <span class='ocr_line' id='line_1_1' title="bbox 358 481 1141 543; baseline -0.003 -1"><span class='ocrx_word' id='word_1_1' title='bbox 358 482 421 542; x_wconf 81' lang='grc'>560</span> <span class='ocrx_word' id='word_1_2' title='bbox 721 494 908 542; x_wconf 77' lang='lat' dir='ltr'>nrrocnom</span> <span class='ocrx_word' id='word_1_3' title='bbox 924 481 1141 543; x_wconf 72' lang='lat' dir='ltr'>ommuvrin.</span> 
     </span>
    </p>
   </div>
   <div class='ocr_carea' id='block_1_2' title="bbox 255 655 1550 4770">
    <p class='ocr_par' dir='ltr' id='par_1_2' title="bbox 355 655 1550 3133">
     <span class='ocr_line' id='line_1_2' title="bbox 357 655 1474 742; baseline -0.004 -20"><span class='ocrx_word' id='word_1_4' title='bbox 357 663 484 742; x_wconf 87' lang='lat' dir='ltr'>partem</span> <span class='ocrx_word' id='word_1_5' title='bbox 501 657 691 724; x_wconf 82' lang='lat' dir='ltr'>orientalem</span> <span class='ocrx_word' id='word_1_6' title='bbox 717 656 868 742; x_wconf 85' lang='lat' dir='ltr'>gradiens</span> <span class='ocrx_word' id='word_1_7' title='bbox 893 679 953 742; x_wconf 88' lang='lat' dir='ltr'>per</span> <span class='ocrx_word' id='word_1_8' title='bbox 969 659 1073 724; x_wconf 86' lang='lat' dir='ltr'>terras</span> <span class='ocrx_word' id='word_1_9' title='bbox 1089 657 1231 724; x_wconf 89' lang='lat' dir='ltr'>arabiles</span> <span class='ocrx_word' id='word_1_10' title='bbox 1247 657 1348 722; x_wconf 88' lang='lat' dir='ltr'>intrat</span> <span class='ocrx_word' id='word_1_11' title='bbox 1363 655 1474 738; x_wconf 85' lang='lat' dir='ltr'>virgul-</span> 
     </span>
     <span class='ocr_line' id='line_1_3' title="bbox 357 765 1473 850; baseline -0.003 -20"><span class='ocrx_word' id='word_1_12' title='bbox 357 771 426 831; x_wconf 86' lang='lat' dir='ltr'>tum</span> <span class='ocrx_word' id='word_1_13' title='bbox 443 765 606 850; x_wconf 86' lang='lat' dir='ltr'>quoddam</span> <span class='ocrx_word' id='word_1_14' title='bbox 624 766 706 831; x_wconf 87' lang='lat' dir='ltr'>etin</span> <span class='ocrx_word' id='word_1_15' title='bbox 729 766 799 850; x_wconf 88' lang='lat' dir='ltr'>ipso</span> <span class='ocrx_word' id='word_1_16' title='bbox 825 765 966 850; x_wconf 87' lang='lat' dir='ltr'>virgulto</span> <span class='ocrx_word' id='word_1_17' title='bbox 984 766 1132 850; x_wconf 87' lang='lat' dir='ltr'>pervenit</span> <span class='ocrx_word' id='word_1_18' title='bbox 1148 765 1286 832; x_wconf 85' lang='lat' dir='ltr'>adduas</span> <span class='ocrx_word' id='word_1_19' title='bbox 1301 767 1403 832; x_wconf 84' lang='lat' dir='ltr'>metas</span> <span class='ocrx_word' id='word_1_20' title='bbox 1418 769 1473 828; x_wconf 89' lang='lat' dir='ltr'>ter-</span> 
     </span>
     <span class='ocr_line' id='line_1_4' title="bbox 356 863 1473 952; baseline -0.002 -12"><span class='ocrx_word' id='word_1_21' title='bbox 356 898 428 942; x_wconf 86' lang='lat' dir='ltr'>reas</span> <span class='ocrx_word' id='word_1_22' title='bbox 444 898 517 942; x_wconf 89' lang='lat' dir='ltr'>cum</span> <span class='ocrx_word' id='word_1_23' title='bbox 533 876 702 942; x_wconf 82' lang='lat' dir='ltr'>arboribus</span> <span class='ocrx_word' id='word_1_24' title='bbox 727 875 854 942; x_wconf 87' lang='lat' dir='ltr'>silicum</span> <span class='ocrx_word' id='word_1_25' title='bbox 878 863 935 941; x_wconf 90' lang='lat' dir='ltr'>ubi</span> <span class='ocrx_word' id='word_1_26' title='bbox 951 879 1059 941; x_wconf 89' lang='lat' dir='ltr'>erecta</span> <span class='ocrx_word' id='word_1_27' title='bbox 1086 879 1136 941; x_wconf 88' lang='lat' dir='ltr'>est</span> <span class='ocrx_word' id='word_1_28' title='bbox 1162 876 1265 942; x_wconf 86' lang='lat' dir='ltr'>tercia</span> <span class='ocrx_word' id='word_1_29' title='bbox 1292 879 1376 940; x_wconf 89' lang='lat' dir='ltr'>meta</span> <span class='ocrx_word' id='word_1_30' title='bbox 1390 895 1473 952; x_wconf 80' lang='lat' dir='ltr'>nova,</span> 
     </span>
     <span class='ocr_line' id='line_1_5' title="bbox 357 982 1473 1070; baseline -0.004 -20"><span class='ocrx_word' id='word_1_31' title='bbox 357 985 473 1050; x_wconf 88' lang='lat' dir='ltr'>deinde</span> <span class='ocrx_word' id='word_1_32' title='bbox 505 1007 561 1068; x_wconf 88' lang='lat' dir='ltr'>per</span> <span class='ocrx_word' id='word_1_33' title='bbox 591 984 733 1050; x_wconf 78' lang='lat' dir='ltr'>leuatum</span> <span class='ocrx_word' id='word_1_34' title='bbox 774 984 925 1070; x_wconf 75' lang='lat' dir='ltr'><strong>graditur</strong></span> <span class='ocrx_word' id='word_1_35' title='bbox 963 985 1006 1049; x_wconf 87' lang='lat' dir='ltr'>ad</span> <span class='ocrx_word' id='word_1_36' title='bbox 1037 985 1173 1051; x_wconf 92' lang='lat' dir='ltr'>eandem</span> <span class='ocrx_word' id='word_1_37' title='bbox 1205 988 1331 1070; x_wconf 90' lang='lat' dir='ltr'>partem</span> <span class='ocrx_word' id='word_1_38' title='bbox 1362 982 1473 1048; x_wconf 77' lang='lat' dir='ltr'>directe</span> 
     </span>
     <span class='ocr_line' id='line_1_6' title="bbox 357 1088 1473 1178; baseline -0.004 -19"><span class='ocrx_word' id='word_1_39' title='bbox 357 1093 526 1168; x_wconf 91' lang='lat' dir='ltr'>deficiente</span> <span class='ocrx_word' id='word_1_40' title='bbox 543 1093 709 1160; x_wconf 75' lang='lat' dir='ltr'>vicinitate</span> <span class='ocrx_word' id='word_1_41' title='bbox 726 1099 811 1159; x_wconf 85' lang='lat' dir='ltr'>terre</span> <span class='ocrx_word' id='word_1_42' title='bbox 827 1093 927 1178; x_wconf 87' lang='lat' dir='ltr'>ipsius</span> <span class='ocrx_word' id='word_1_43' title='bbox 943 1088 1044 1158; x_wconf 87' lang='lat' dir='ltr'>Anda</span> <span class='ocrx_word' id='word_1_44' title='bbox 1066 1094 1151 1159; x_wconf 90' lang='lat' dir='ltr'>cirea</span> <span class='ocrx_word' id='word_1_45' title='bbox 1175 1093 1373 1158; x_wconf 88' lang='lat' dir='ltr'>vicinitatem</span> <span class='ocrx_word' id='word_1_46' title='bbox 1398 1097 1473 1156; x_wconf 72' lang='lat' dir='ltr'>tame</span> 
     </span>
     <span class='ocr_line' id='line_1_7' title="bbox 356 1201 1474 1288; baseline -0.004 -20"><span class='ocrx_word' id='word_1_47' title='bbox 356 1203 552 1288; x_wconf 87' lang='lat' dir='ltr'>populorum</span> <span class='ocrx_word' id='word_1_48' title='bbox 578 1202 616 1268; x_wconf 91' lang='lat' dir='ltr'>de</span> <span class='ocrx_word' id='word_1_49' title='bbox 642 1203 720 1268; x_wconf 91' lang='lat' dir='ltr'>villa</span> <span class='ocrx_word' id='word_1_50' title='bbox 736 1201 869 1270; x_wconf 86' lang='lat' dir='ltr'>Zakaeh</span> <span class='ocrx_word' id='word_1_51' title='bbox 885 1207 918 1268; x_wconf 93' lang='lat' dir='ltr'>et</span> <span class='ocrx_word' id='word_1_52' title='bbox 934 1203 1054 1268; x_wconf 88' lang='lat' dir='ltr'>transit</span> <span class='ocrx_word' id='word_1_53' title='bbox 1077 1223 1212 1288; x_wconf 88' lang='lat' dir='ltr'>parvam</span> <span class='ocrx_word' id='word_1_54' title='bbox 1238 1203 1354 1268; x_wconf 87' lang='lat' dir='ltr'>vallem</span> <span class='ocrx_word' id='word_1_55' title='bbox 1378 1221 1474 1266; x_wconf 86' lang='lat' dir='ltr'>unam.</span> 
     </span>
     <span class='ocr_line' id='line_1_8' title="bbox 356 1309 1473 1396; baseline -0.003 -22"><span class='ocrx_word' id='word_1_56' title='bbox 356 1311 560 1396; x_wconf 87' lang='lat' dir='ltr'>pervenitad</span> <span class='ocrx_word' id='word_1_57' title='bbox 576 1332 727 1395; x_wconf 86' lang='lat' dir='ltr'>magnam</span> <span class='ocrx_word' id='word_1_58' title='bbox 754 1310 903 1377; x_wconf 84' lang='lat' dir='ltr'>arborem</span> <span class='ocrx_word' id='word_1_59' title='bbox 924 1310 1021 1376; x_wconf 93' lang='lat' dir='ltr'>silicis</span> <span class='ocrx_word' id='word_1_60' title='bbox 1038 1333 1132 1377; x_wconf 87' lang='lat' dir='ltr'>cruce</span> <span class='ocrx_word' id='word_1_61' title='bbox 1157 1311 1319 1396; x_wconf 77' lang='lat' dir='ltr'>signatam</span> <span class='ocrx_word' id='word_1_62' title='bbox 1344 1309 1473 1394; x_wconf 81' lang='lat' dir='ltr'>positam</span> 
     </span>
     <span class='ocr_line' id='line_1_9' title="bbox 356 1416 1474 1505; baseline -0.004 -21"><span class='ocrx_word' id='word_1_63' title='bbox 356 1441 415 1504; x_wconf 87' lang='lat' dir='ltr'>pro</span> <span class='ocrx_word' id='word_1_64' title='bbox 432 1425 528 1505; x_wconf 86' lang='lat' dir='ltr'>meta,</span> <span class='ocrx_word' id='word_1_65' title='bbox 545 1420 659 1485; x_wconf 88' lang='lat' dir='ltr'>deinde</span> <span class='ocrx_word' id='word_1_66' title='bbox 675 1421 874 1486; x_wconf 87' lang='lat' dir='ltr'>vicinitatem</span> <span class='ocrx_word' id='word_1_67' title='bbox 890 1425 977 1487; x_wconf 86' lang='lat' dir='ltr'>terre</span> <span class='ocrx_word' id='word_1_68' title='bbox 1001 1419 1187 1486; x_wconf 89' lang='lat' dir='ltr'>eorumdem</span> <span class='ocrx_word' id='word_1_69' title='bbox 1212 1419 1405 1505; x_wconf 87' lang='lat' dir='ltr'>populorum</span> <span class='ocrx_word' id='word_1_70' title='bbox 1420 1416 1474 1481; x_wconf 84' lang='lat' dir='ltr'>Za-</span> 
     </span>
     <span class='ocr_line' id='line_1_10' title="bbox 355 1528 1473 1615; baseline -0.005 -21"><span class='ocrx_word' id='word_1_71' title='bbox 355 1529 460 1614; x_wconf 85' lang='lat' dir='ltr'>kaohy</span> <span class='ocrx_word' id='word_1_72' title='bbox 501 1531 548 1595; x_wconf 90' lang='lat' dir='ltr'>ita</span> <span class='ocrx_word' id='word_1_73' title='bbox 580 1529 731 1596; x_wconf 89' lang='lat' dir='ltr'>videlicet</span> <span class='ocrx_word' id='word_1_74' title='bbox 772 1528 859 1613; x_wconf 90' lang='lat' dir='ltr'>quod</span> <span class='ocrx_word' id='word_1_75' title='bbox 900 1551 978 1614; x_wconf 88' lang='lat' dir='ltr'>pars</span> <span class='ocrx_word' id='word_1_76' title='bbox 1010 1529 1283 1615; x_wconf 86' lang='lat' dir='ltr'>septemtrionalis</span> <span class='ocrx_word' id='word_1_77' title='bbox 1318 1533 1365 1594; x_wconf 89' lang='lat' dir='ltr'>est</span> <span class='ocrx_word' id='word_1_78' title='bbox 1395 1531 1473 1592; x_wconf 87' lang='lat' dir='ltr'>term</span> 
     </span>
     <span class='ocr_line' id='line_1_11' title="bbox 357 1635 1473 1722; baseline -0.005 -20"><span class='ocrx_word' id='word_1_79' title='bbox 357 1636 519 1702; x_wconf 88' lang='lat' dir='ltr'>dictorum</span> <span class='ocrx_word' id='word_1_80' title='bbox 535 1639 729 1722; x_wconf 87' lang='lat' dir='ltr'>populorum</span> <span class='ocrx_word' id='word_1_81' title='bbox 746 1635 899 1721; x_wconf 78' lang='lat' dir='ltr'>Zalacby</span> <span class='ocrx_word' id='word_1_82' title='bbox 915 1659 1081 1722; x_wconf 80' lang='lat' dir='ltr'>paravero</span> <span class='ocrx_word' id='word_1_83' title='bbox 1107 1637 1326 1704; x_wconf 87' lang='lat' dir='ltr'>meridionalis</span> <span class='ocrx_word' id='word_1_84' title='bbox 1340 1641 1473 1702; x_wconf 79' lang='lat' dir='ltr'>remanet</span> 
     </span>
     <span class='ocr_line' id='line_1_12' title="bbox 356 1742 1473 1831; baseline -0.004 -21"><span class='ocrx_word' id='word_1_85' title='bbox 356 1751 442 1810; x_wconf 87' lang='lat' dir='ltr'>terre</span> <span class='ocrx_word' id='word_1_86' title='bbox 460 1745 602 1830; x_wconf 75' lang='lat' dir='ltr'>Tolrsun,</span> <span class='ocrx_word' id='word_1_87' title='bbox 619 1746 660 1810; x_wconf 85' lang='lat' dir='ltr'>ad</span> <span class='ocrx_word' id='word_1_88' title='bbox 678 1745 813 1813; x_wconf 86' lang='lat' dir='ltr'>eandem</span> <span class='ocrx_word' id='word_1_89' title='bbox 837 1751 964 1830; x_wconf 90' lang='lat' dir='ltr'>partem</span> <span class='ocrx_word' id='word_1_90' title='bbox 996 1747 1103 1813; x_wconf 91' lang='lat' dir='ltr'>eundo</span> <span class='ocrx_word' id='word_1_91' title='bbox 1130 1767 1189 1831; x_wconf 88' lang='lat' dir='ltr'>per</span> <span class='ocrx_word' id='word_1_92' title='bbox 1215 1750 1321 1810; x_wconf 89' lang='lat' dir='ltr'>terras</span> <span class='ocrx_word' id='word_1_93' title='bbox 1345 1742 1473 1810; x_wconf 84' lang='lat' dir='ltr'>arabiles</span> 
     </span>
     <span class='ocr_line' id='line_1_13' title="bbox 358 1851 1470 1939; baseline -0.002 -23"><span class='ocrx_word' id='word_1_94' title='bbox 358 1851 502 1918; x_wconf 80' lang='lat' dir='ltr'>declinat</span> <span class='ocrx_word' id='word_1_95' title='bbox 537 1854 679 1939; x_wconf 86' lang='lat' dir='ltr'>palisper</span> <span class='ocrx_word' id='word_1_96' title='bbox 709 1875 819 1920; x_wconf 85' lang='lat' dir='ltr'>versus</span> <span class='ocrx_word' id='word_1_97' title='bbox 850 1855 1112 1938; x_wconf 79' lang='lat' dir='ltr'>septemtrionem</span> <span class='ocrx_word' id='word_1_98' title='bbox 1144 1860 1177 1921; x_wconf 87' lang='lat' dir='ltr'>et</span> <span class='ocrx_word' id='word_1_99' title='bbox 1207 1855 1353 1939; x_wconf 79' lang='lat' dir='ltr'>pervenit</span> <span class='ocrx_word' id='word_1_100' title='bbox 1383 1871 1470 1917; x_wconf 89' lang='lat' dir='ltr'>unum</span> 
     </span>
     <span class='ocr_line' id='line_1_14' title="bbox 359 1959 1471 2046; baseline -0.004 -22"><span class='ocrx_word' id='word_1_101' title='bbox 359 1961 499 2026; x_wconf 83' lang='lat' dir='ltr'>rivulum</span> <span class='ocrx_word' id='word_1_102' title='bbox 517 1969 549 2026; x_wconf 92' lang='lat' dir='ltr'>et</span> <span class='ocrx_word' id='word_1_103' title='bbox 566 1961 763 2028; x_wconf 89' lang='lat' dir='ltr'>transeundo</span> <span class='ocrx_word' id='word_1_104' title='bbox 788 1963 894 2046; x_wconf 90' lang='lat' dir='ltr'>ipsum</span> <span class='ocrx_word' id='word_1_105' title='bbox 911 1963 1051 2030; x_wconf 81' lang='lat' dir='ltr'>rivulum</span> <span class='ocrx_word' id='word_1_106' title='bbox 1076 1964 1117 2030; x_wconf 88' lang='lat' dir='ltr'>ad</span> <span class='ocrx_word' id='word_1_107' title='bbox 1142 1965 1300 2030; x_wconf 89' lang='lat' dir='ltr'>orientem</span> <span class='ocrx_word' id='word_1_108' title='bbox 1319 1959 1471 2028; x_wconf 84' lang='lat' dir='ltr'>descendit</span> 
     </span>
     <span class='ocr_line' id='line_1_15' title="bbox 356 2067 1471 2156; baseline -0.002 -24"><span class='ocrx_word' id='word_1_109' title='bbox 356 2067 442 2134; x_wconf 86' lang='lat' dir='ltr'>inira</span> <span class='ocrx_word' id='word_1_110' title='bbox 466 2067 506 2133; x_wconf 89' lang='lat' dir='ltr'>ad</span> <span class='ocrx_word' id='word_1_111' title='bbox 533 2076 659 2154; x_wconf 84' lang='lat' dir='ltr'>portem</span> <span class='ocrx_word' id='word_1_112' title='bbox 686 2070 993 2154; x_wconf 85' lang='lat' dir='ltr'>septemtrionalem,</span> <span class='ocrx_word' id='word_1_113' title='bbox 1020 2072 1054 2136; x_wconf 93' lang='lat' dir='ltr'>in</span> <span class='ocrx_word' id='word_1_114' title='bbox 1079 2073 1230 2138; x_wconf 85' lang='lat' dir='ltr'>orientali</span> <span class='ocrx_word' id='word_1_115' title='bbox 1261 2075 1354 2156; x_wconf 88' lang='lat' dir='ltr'>parte</span> <span class='ocrx_word' id='word_1_116' title='bbox 1383 2070 1471 2152; x_wconf 81' lang='lat' dir='ltr'>ipsius</span> 
     </span>
     <span class='ocr_line' id='line_1_16' title="bbox 357 2177 1472 2264; baseline -0.004 -22"><span class='ocrx_word' id='word_1_117' title='bbox 357 2178 451 2242; x_wconf 91' lang='lat' dir='ltr'>rivuli</span> <span class='ocrx_word' id='word_1_118' title='bbox 468 2178 627 2244; x_wconf 90' lang='lat' dir='ltr'>vicinatur</span> <span class='ocrx_word' id='word_1_119' title='bbox 642 2180 760 2245; x_wconf 89' lang='lat' dir='ltr'>iterato</span> <span class='ocrx_word' id='word_1_120' title='bbox 787 2200 860 2244; x_wconf 89' lang='lat' dir='ltr'>cum</span> <span class='ocrx_word' id='word_1_121' title='bbox 880 2183 967 2244; x_wconf 90' lang='lat' dir='ltr'>terra</span> <span class='ocrx_word' id='word_1_122' title='bbox 983 2179 1122 2264; x_wconf 81' lang='lat' dir='ltr'>predicti</span> <span class='ocrx_word' id='word_1_123' title='bbox 1138 2177 1240 2246; x_wconf 85' lang='lat' dir='ltr'>Anda</span> <span class='ocrx_word' id='word_1_124' title='bbox 1266 2180 1351 2245; x_wconf 91' lang='lat' dir='ltr'>circa</span> <span class='ocrx_word' id='word_1_125' title='bbox 1373 2197 1472 2260; x_wconf 87' lang='lat' dir='ltr'>quam·</span> 
     </span>
     <span class='ocr_line' id='line_1_17' title="bbox 358 2285 1472 2374; baseline -0.004 -24"><span class='ocrx_word' id='word_1_126' title='bbox 358 2287 514 2370; x_wconf 86' lang='lat' dir='ltr'>plurimas</span> <span class='ocrx_word' id='word_1_127' title='bbox 531 2287 663 2354; x_wconf 87' lang='lat' dir='ltr'>arbores</span> <span class='ocrx_word' id='word_1_128' title='bbox 679 2288 833 2374; x_wconf 86' lang='lat' dir='ltr'>pirorum,</span> <span class='ocrx_word' id='word_1_129' title='bbox 850 2287 892 2354; x_wconf 89' lang='lat' dir='ltr'>ab</span> <span class='ocrx_word' id='word_1_130' title='bbox 908 2288 983 2354; x_wconf 87' lang='lat' dir='ltr'>inde</span> <span class='ocrx_word' id='word_1_131' title='bbox 999 2289 1042 2354; x_wconf 87' lang='lat' dir='ltr'>ad</span> <span class='ocrx_word' id='word_1_132' title='bbox 1058 2293 1182 2374; x_wconf 89' lang='lat' dir='ltr'>partem</span> <span class='ocrx_word' id='word_1_133' title='bbox 1193 2289 1382 2355; x_wconf 87' lang='lat' dir='ltr'>orientalem</span> <span class='ocrx_word' id='word_1_134' title='bbox 1396 2285 1472 2351; x_wconf 81' lang='lat' dir='ltr'>circa</span> 
     </span>
     <span class='ocr_line' id='line_1_18' title="bbox 360 2391 1473 2483; baseline -0.004 -23"><span class='ocrx_word' id='word_1_135' title='bbox 360 2394 465 2462; x_wconf 89' lang='lat' dir='ltr'>dictas</span> <span class='ocrx_word' id='word_1_136' title='bbox 499 2396 632 2462; x_wconf 88' lang='lat' dir='ltr'>arbores</span> <span class='ocrx_word' id='word_1_137' title='bbox 657 2399 803 2482; x_wconf 90' lang='lat' dir='ltr'>pirorum</span> <span class='ocrx_word' id='word_1_138' title='bbox 828 2397 974 2463; x_wconf 82' lang='lat' dir='ltr'>ascendit</span> <span class='ocrx_word' id='word_1_139' title='bbox 999 2399 1090 2464; x_wconf 88' lang='lat' dir='ltr'>euius</span> <span class='ocrx_word' id='word_1_140' title='bbox 1113 2419 1189 2483; x_wconf 85' lang='lat' dir='ltr'>pars</span> <span class='ocrx_word' id='word_1_141' title='bbox 1215 2391 1473 2482; x_wconf 72' lang='lat' dir='ltr'>septemtrionalis</span> 
     </span>
     <span class='ocr_line' id='line_1_19' title="bbox 357 2503 1550 2590; baseline -0.003 -22"><span class='ocrx_word' id='word_1_142' title='bbox 357 2511 503 2570; x_wconf 90' lang='lat' dir='ltr'>remanet</span> <span class='ocrx_word' id='word_1_143' title='bbox 520 2505 584 2589; x_wconf 92' lang='lat' dir='ltr'>ipsi</span> <span class='ocrx_word' id='word_1_144' title='bbox 602 2503 710 2590; x_wconf 85' lang='lat' dir='ltr'>Anda,</span> <span class='ocrx_word' id='word_1_145' title='bbox 728 2511 760 2572; x_wconf 90' lang='lat' dir='ltr'>et</span> <span class='ocrx_word' id='word_1_146' title='bbox 786 2507 832 2572; x_wconf 87' lang='lat' dir='ltr'>sie</span> <span class='ocrx_word' id='word_1_147' title='bbox 854 2527 955 2590; x_wconf 88' lang='lat' dir='ltr'>prope</span> <span class='ocrx_word' id='word_1_148' title='bbox 981 2507 1104 2572; x_wconf 89' lang='lat' dir='ltr'>curiam</span> <span class='ocrx_word' id='word_1_149' title='bbox 1128 2507 1231 2590; x_wconf 88' lang='lat' dir='ltr'>ipsius</span> <span class='ocrx_word' id='word_1_150' title='bbox 1255 2503 1354 2572; x_wconf 83' lang='lat' dir='ltr'>Anda</span> <span class='ocrx_word' id='word_1_151' title='bbox 1376 2523 1472 2568; x_wconf 87' lang='lat' dir='ltr'>ascen·</span> <span class='ocrx_word' id='word_1_152' title='bbox 1549 2533 1550 2576; x_wconf 55' lang='lat' dir='ltr'>q</span> 
     </span>
     <span class='ocr_line' id='line_1_20' title="bbox 357 2611 1470 2698; baseline -0.003 -22"><span class='ocrx_word' id='word_1_153' title='bbox 357 2611 462 2678; x_wconf 75' lang='lat' dir='ltr'>(leudo</span> <span class='ocrx_word' id='word_1_154' title='bbox 478 2616 624 2698; x_wconf 87' lang='lat' dir='ltr'>pervenit</span> <span class='ocrx_word' id='word_1_155' title='bbox 640 2615 682 2680; x_wconf 91' lang='lat' dir='ltr'>ad</span> <span class='ocrx_word' id='word_1_156' title='bbox 698 2637 796 2680; x_wconf 90' lang='lat' dir='ltr'>unam</span> <span class='ocrx_word' id='word_1_157' title='bbox 812 2616 895 2681; x_wconf 87' lang='lat' dir='ltr'>viam</span> <span class='ocrx_word' id='word_1_158' title='bbox 912 2616 1129 2698; x_wconf 85' lang='lat' dir='ltr'>graminosam</span> <span class='ocrx_word' id='word_1_159' title='bbox 1153 2615 1195 2681; x_wconf 91' lang='lat' dir='ltr'>ad</span> <span class='ocrx_word' id='word_1_160' title='bbox 1211 2621 1329 2681; x_wconf 88' lang='lat' dir='ltr'>metam</span> <span class='ocrx_word' id='word_1_161' title='bbox 1344 2617 1470 2678; x_wconf 87' lang='lat' dir='ltr'>terream</span> 
     </span>
     <span class='ocr_line' id='line_1_21' title="bbox 357 2721 1472 2806; baseline -0.004 -22"><span class='ocrx_word' id='word_1_162' title='bbox 357 2721 466 2805; x_wconf 87' lang='lat' dir='ltr'>ibique</span> <span class='ocrx_word' id='word_1_163' title='bbox 493 2722 663 2806; x_wconf 85' lang='lat' dir='ltr'>angulabit</span> <span class='ocrx_word' id='word_1_164' title='bbox 686 2745 719 2789; x_wconf 86' lang='lat' dir='ltr'>sc</span> <span class='ocrx_word' id='word_1_165' title='bbox 745 2729 777 2789; x_wconf 90' lang='lat' dir='ltr'>et</span> <span class='ocrx_word' id='word_1_166' title='bbox 803 2722 934 2788; x_wconf 85' lang='lat' dir='ltr'>divertit</span> <span class='ocrx_word' id='word_1_167' title='bbox 951 2723 993 2788; x_wconf 90' lang='lat' dir='ltr'>ad</span> <span class='ocrx_word' id='word_1_168' title='bbox 1009 2723 1177 2789; x_wconf 87' lang='lat' dir='ltr'>meridiem</span> <span class='ocrx_word' id='word_1_169' title='bbox 1204 2722 1310 2790; x_wconf 90' lang='lat' dir='ltr'>eundo</span> <span class='ocrx_word' id='word_1_170' title='bbox 1336 2721 1472 2806; x_wconf 87' lang='lat' dir='ltr'>palisper.</span> 
     </span>
     <span class='ocr_line' id='line_1_22' title="bbox 357 2829 1549 2924; baseline -0.003 -32"><span class='ocrx_word' id='word_1_171' title='bbox 357 2829 430 2893; x_wconf 89' lang='lat' dir='ltr'>inde</span> <span class='ocrx_word' id='word_1_172' title='bbox 455 2831 574 2895; x_wconf 89' lang='lat' dir='ltr'>iterato</span> <span class='ocrx_word' id='word_1_173' title='bbox 600 2830 824 2898; x_wconf 88' lang='lat' dir='ltr'>adorientem</span> <span class='ocrx_word' id='word_1_174' title='bbox 850 2839 882 2896; x_wconf 94' lang='lat' dir='ltr'>et</span> <span class='ocrx_word' id='word_1_175' title='bbox 913 2833 1060 2916; x_wconf 87' lang='lat' dir='ltr'>pervenit</span> <span class='ocrx_word' id='word_1_176' title='bbox 1089 2853 1190 2897; x_wconf 92' lang='lat' dir='ltr'>unum</span> <span class='ocrx_word' id='word_1_177' title='bbox 1215 2853 1327 2898; x_wconf 87' lang='lat' dir='ltr'>nemus</span> <span class='ocrx_word' id='word_1_178' title='bbox 1343 2849 1472 2914; x_wconf 89' lang='lat' dir='ltr'>parvum</span> <span class='ocrx_word' id='word_1_179' title='bbox 1548 2909 1549 2924; x_wconf 11' lang='grc' dir='ltr'>χ</span> 
     </span>
     <span class='ocr_line' id='line_1_23' title="bbox 357 2938 1472 3026; baseline -0.004 -22"><span class='ocrx_word' id='word_1_180' title='bbox 357 2938 472 3004; x_wconf 87' lang='lat' dir='ltr'>exinde</span> <span class='ocrx_word' id='word_1_181' title='bbox 489 2941 532 3006; x_wconf 90' lang='lat' dir='ltr'>ad</span> <span class='ocrx_word' id='word_1_182' title='bbox 551 2941 718 3007; x_wconf 87' lang='lat' dir='ltr'>meridiem</span> <span class='ocrx_word' id='word_1_183' title='bbox 735 2943 820 3008; x_wconf 89' lang='lat' dir='ltr'>circa</span> <span class='ocrx_word' id='word_1_184' title='bbox 836 2947 942 3008; x_wconf 89' lang='lat' dir='ltr'>terras</span> <span class='ocrx_word' id='word_1_185' title='bbox 957 2941 1098 3007; x_wconf 86' lang='lat' dir='ltr'>arabiles</span> <span class='ocrx_word' id='word_1_186' title='bbox 1114 2941 1293 3026; x_wconf 84' lang='lat' dir='ltr'>gradiendo</span> <span class='ocrx_word' id='word_1_187' title='bbox 1318 2938 1472 3006; x_wconf 85' lang='lat' dir='ltr'>deficiente</span> 
     </span>
     <span class='ocr_line' id='line_1_24' title="bbox 356 3047 1472 3133; baseline -0.001 -22"><span class='ocrx_word' id='word_1_188' title='bbox 356 3047 422 3112; x_wconf 91' lang='lat' dir='ltr'>iam</span> <span class='ocrx_word' id='word_1_189' title='bbox 448 3048 614 3114; x_wconf 83' lang='lat' dir='ltr'>vicinitate</span> <span class='ocrx_word' id='word_1_190' title='bbox 646 3055 734 3115; x_wconf 90' lang='lat' dir='ltr'>terre</span> <span class='ocrx_word' id='word_1_191' title='bbox 765 3047 866 3115; x_wconf 87' lang='lat' dir='ltr'>Anda</span> <span class='ocrx_word' id='word_1_192' title='bbox 898 3050 1045 3133; x_wconf 87' lang='lat' dir='ltr'>pervenit</span> <span class='ocrx_word' id='word_1_193' title='bbox 1076 3050 1176 3116; x_wconf 87' lang='lat' dir='ltr'>alium</span> <span class='ocrx_word' id='word_1_194' title='bbox 1195 3072 1308 3116; x_wconf 89' lang='lat' dir='ltr'>nemus</span> <span class='ocrx_word' id='word_1_195' title='bbox 1323 3068 1434 3114; x_wconf 88' lang='lat' dir='ltr'>nucum</span> <span class='ocrx_word' id='word_1_196' title='bbox 1446 3049 1472 3106; x_wconf 83' lang='lat' dir='ltr'>et</span> 
     </span>
    </p>

    <p class='ocr_par' dir='ltr' id='par_1_3' title="bbox 255 3151 1548 4770">
     <span class='ocr_line' id='line_1_25' title="bbox 255 3151 1473 3242; baseline -0.004 -22"><span class='ocrx_word' id='word_1_197' title='bbox 255 3169 259 3180; x_wconf 90' lang='grc'><strong>’</strong></span> <span class='ocrx_word' id='word_1_198' title='bbox 357 3157 524 3240; x_wconf 89' lang='lat' dir='ltr'>spinarum</span> <span class='ocrx_word' id='word_1_199' title='bbox 555 3179 593 3222; x_wconf 91' lang='lat' dir='ltr'>ac</span> <span class='ocrx_word' id='word_1_200' title='bbox 627 3159 772 3242; x_wconf 88' lang='lat' dir='ltr'>pirorum</span> <span class='ocrx_word' id='word_1_201' title='bbox 803 3160 897 3224; x_wconf 88' lang='lat' dir='ltr'>cuius</span> <span class='ocrx_word' id='word_1_202' title='bbox 928 3151 1004 3242; x_wconf 83' lang='lat' dir='ltr'>pars</span> <span class='ocrx_word' id='word_1_203' title='bbox 1029 3159 1195 3226; x_wconf 88' lang='lat' dir='ltr'>orientalis</span> <span class='ocrx_word' id='word_1_204' title='bbox 1226 3162 1371 3226; x_wconf 88' lang='lat' dir='ltr'>remanet</span> <span class='ocrx_word' id='word_1_205' title='bbox 1399 3161 1473 3220; x_wconf 85' lang='lat' dir='ltr'>terre</span> 
     </span>
     <span class='ocr_line' id='line_1_26' title="bbox 357 3263 1548 3353; baseline -0.003 -25"><span class='ocrx_word' id='word_1_206' title='bbox 357 3264 490 3330; x_wconf 84' lang='lat' dir='ltr'>ecclesie</span> <span class='ocrx_word' id='word_1_207' title='bbox 516 3263 717 3350; x_wconf 85' lang='lat' dir='ltr'>Simigiensis</span> <span class='ocrx_word' id='word_1_208' title='bbox 742 3267 891 3351; x_wconf 79' lang='lat' dir='ltr'>Terpech</span> <span class='ocrx_word' id='word_1_209' title='bbox 915 3272 1028 3332; x_wconf 88' lang='lat' dir='ltr'>vocate</span> <span class='ocrx_word' id='word_1_210' title='bbox 1059 3290 1136 3353; x_wconf 90' lang='lat' dir='ltr'>pars</span> <span class='ocrx_word' id='word_1_211' title='bbox 1166 3289 1243 3335; x_wconf 88' lang='lat' dir='ltr'>vero</span> <span class='ocrx_word' id='word_1_212' title='bbox 1275 3263 1472 3335; x_wconf 80' lang='lat' dir='ltr'>occidentalis</span> <span class='ocrx_word' id='word_1_213' title='bbox 1547 3331 1548 3348; x_wconf 12' lang='grc' dir='ltr'>χ</span> 
     </span>
     <span class='ocr_line' id='line_1_27' title="bbox 356 3372 1472 3460; baseline -0.001 -24"><span class='ocrx_word' id='word_1_214' title='bbox 356 3377 443 3437; x_wconf 88' lang='lat' dir='ltr'>terre</span> <span class='ocrx_word' id='word_1_215' title='bbox 470 3372 611 3458; x_wconf 80' lang='lat' dir='ltr'>Topsun,</span> <span class='ocrx_word' id='word_1_216' title='bbox 641 3375 756 3440; x_wconf 90' lang='lat' dir='ltr'>deinde</span> <span class='ocrx_word' id='word_1_217' title='bbox 782 3375 824 3440; x_wconf 90' lang='lat' dir='ltr'>ad</span> <span class='ocrx_word' id='word_1_218' title='bbox 850 3375 1050 3441; x_wconf 88' lang='lat' dir='ltr'>occidentem</span> <span class='ocrx_word' id='word_1_219' title='bbox 1076 3375 1270 3443; x_wconf 88' lang='lat' dir='ltr'>declinando</span> <span class='ocrx_word' id='word_1_220' title='bbox 1291 3396 1389 3460; x_wconf 85' lang='lat' dir='ltr'>usqne</span> <span class='ocrx_word' id='word_1_221' title='bbox 1412 3392 1472 3457; x_wconf 82' lang='lat' dir='ltr'>prr-</span> 
     </span>
     <span class='ocr_line' id='line_1_28' title="bbox 359 3481 1472 3568; baseline -0.004 -22"><span class='ocrx_word' id='word_1_222' title='bbox 359 3481 483 3547; x_wconf 89' lang='lat' dir='ltr'>dictum</span> <span class='ocrx_word' id='word_1_223' title='bbox 508 3483 648 3548; x_wconf 89' lang='lat' dir='ltr'>rivulum</span> <span class='ocrx_word' id='word_1_224' title='bbox 675 3483 780 3549; x_wconf 87' lang='lat' dir='ltr'>eundo</span> <span class='ocrx_word' id='word_1_225' title='bbox 805 3485 951 3568; x_wconf 89' lang='lat' dir='ltr'>pervenit</span> <span class='ocrx_word' id='word_1_226' title='bbox 976 3485 1066 3550; x_wconf 88' lang='lat' dir='ltr'>cuius</span> <span class='ocrx_word' id='word_1_227' title='bbox 1091 3505 1168 3568; x_wconf 86' lang='lat' dir='ltr'>pars</span> <span class='ocrx_word' id='word_1_228' title='bbox 1192 3483 1412 3550; x_wconf 86' lang='lat' dir='ltr'>meridionalis</span> <span class='ocrx_word' id='word_1_229' title='bbox 1434 3483 1472 3542; x_wconf 81' lang='lat' dir='ltr'>est</span> 
     </span>
     <span class='ocr_line' id='line_1_29' title="bbox 361 3587 1473 3676; baseline -0.002 -23"><span class='ocrx_word' id='word_1_230' title='bbox 361 3595 448 3654; x_wconf 88' lang='lat' dir='ltr'>terra</span> <span class='ocrx_word' id='word_1_231' title='bbox 473 3589 622 3675; x_wconf 79' lang='lat' dir='ltr'>Terpech</span> <span class='ocrx_word' id='word_1_232' title='bbox 638 3613 712 3675; x_wconf 88' lang='lat' dir='ltr'>pars</span> <span class='ocrx_word' id='word_1_233' title='bbox 737 3613 812 3657; x_wconf 87' lang='lat' dir='ltr'>vero</span> <span class='ocrx_word' id='word_1_234' title='bbox 838 3592 1111 3676; x_wconf 87' lang='lat' dir='ltr'>septemtrionalis</span> <span class='ocrx_word' id='word_1_235' title='bbox 1137 3599 1286 3659; x_wconf 88' lang='lat' dir='ltr'>remanet</span> <span class='ocrx_word' id='word_1_236' title='bbox 1302 3599 1385 3658; x_wconf 87' lang='lat' dir='ltr'>terre</span> <span class='ocrx_word' id='word_1_237' title='bbox 1400 3587 1473 3671; x_wconf 81' lang='lat' dir='ltr'>Top-</span> 
     </span>
     <span class='ocr_line' id='line_1_30' title="bbox 362 3697 1473 3787; baseline -0.005 -25"><span class='ocrx_word' id='word_1_238' title='bbox 362 3719 431 3780; x_wconf 87' lang='lat' dir='ltr'>sun,</span> <span class='ocrx_word' id='word_1_239' title='bbox 447 3698 554 3786; x_wconf 90' lang='lat' dir='ltr'>ibique</span> <span class='ocrx_word' id='word_1_240' title='bbox 571 3699 688 3766; x_wconf 89' lang='lat' dir='ltr'>transit</span> <span class='ocrx_word' id='word_1_241' title='bbox 703 3701 809 3785; x_wconf 89' lang='lat' dir='ltr'>ipsum</span> <span class='ocrx_word' id='word_1_242' title='bbox 825 3701 965 3766; x_wconf 89' lang='lat' dir='ltr'>rivulum</span> <span class='ocrx_word' id='word_1_243' title='bbox 984 3701 1027 3767; x_wconf 88' lang='lat' dir='ltr'>ad</span> <span class='ocrx_word' id='word_1_244' title='bbox 1051 3702 1185 3767; x_wconf 88' lang='lat' dir='ltr'>eandem</span> <span class='ocrx_word' id='word_1_245' title='bbox 1201 3706 1328 3787; x_wconf 87' lang='lat' dir='ltr'>partem</span> <span class='ocrx_word' id='word_1_246' title='bbox 1345 3697 1473 3766; x_wconf 88' lang='lat' dir='ltr'>occiden-</span> 
     </span>
     <span class='ocr_line' id='line_1_31' title="bbox 362 3808 1471 3896; baseline 0.001 -24"><span class='ocrx_word' id='word_1_247' title='bbox 362 3808 460 3873; x_wconf 87' lang='lat' dir='ltr'>talem</span> <span class='ocrx_word' id='word_1_248' title='bbox 487 3809 528 3873; x_wconf 88' lang='lat' dir='ltr'>ad</span> <span class='ocrx_word' id='word_1_249' title='bbox 545 3813 649 3876; x_wconf 87' lang='lat' dir='ltr'>terras</span> <span class='ocrx_word' id='word_1_250' title='bbox 674 3811 813 3876; x_wconf 87' lang='lat' dir='ltr'>arabiles</span> <span class='ocrx_word' id='word_1_251' title='bbox 830 3815 863 3875; x_wconf 90' lang='lat' dir='ltr'>et</span> <span class='ocrx_word' id='word_1_252' title='bbox 887 3811 933 3876; x_wconf 90' lang='lat' dir='ltr'>sic</span> <span class='ocrx_word' id='word_1_253' title='bbox 952 3810 1057 3876; x_wconf 91' lang='lat' dir='ltr'>eundo</span> <span class='ocrx_word' id='word_1_254' title='bbox 1073 3813 1221 3896; x_wconf 88' lang='lat' dir='ltr'>pervenit</span> <span class='ocrx_word' id='word_1_255' title='bbox 1237 3834 1337 3877; x_wconf 89' lang='lat' dir='ltr'>unam</span> <span class='ocrx_word' id='word_1_256' title='bbox 1351 3811 1430 3874; x_wconf 87' lang='lat' dir='ltr'>viam</span> <span class='ocrx_word' id='word_1_257' title='bbox 1447 3817 1471 3867; x_wconf 84' lang='lat' dir='ltr'>et</span> 
     </span>
     <span class='ocr_line' id='line_1_32' title="bbox 362 3915 1472 4003; baseline -0.005 -26"><span class='ocrx_word' id='word_1_258' title='bbox 362 3915 537 3998; x_wconf 87' lang='lat' dir='ltr'>peripsam</span> <span class='ocrx_word' id='word_1_259' title='bbox 554 3917 637 3982; x_wconf 88' lang='lat' dir='ltr'>viam</span> <span class='ocrx_word' id='word_1_260' title='bbox 654 3916 757 3983; x_wconf 89' lang='lat' dir='ltr'>flectit</span> <span class='ocrx_word' id='word_1_261' title='bbox 773 3939 806 3984; x_wconf 90' lang='lat' dir='ltr'>se</span> <span class='ocrx_word' id='word_1_262' title='bbox 817 3917 859 3984; x_wconf 90' lang='lat' dir='ltr'>ad</span> <span class='ocrx_word' id='word_1_263' title='bbox 875 3919 1042 3984; x_wconf 88' lang='lat' dir='ltr'>meridiem</span> <span class='ocrx_word' id='word_1_264' title='bbox 1054 3923 1086 3984; x_wconf 92' lang='lat' dir='ltr'>et</span> <span class='ocrx_word' id='word_1_265' title='bbox 1102 3919 1247 4003; x_wconf 87' lang='lat' dir='ltr'>pervenit</span> <span class='ocrx_word' id='word_1_266' title='bbox 1261 3941 1360 3985; x_wconf 92' lang='lat' dir='ltr'>unam</span> <span class='ocrx_word' id='word_1_267' title='bbox 1368 3921 1472 3982; x_wconf 84' lang='lat' dir='ltr'>metam</span> 
     </span>
     <span class='ocr_line' id='line_1_33' title="bbox 361 4025 1546 4110; baseline -0.001 -23"><span class='ocrx_word' id='word_1_268' title='bbox 361 4031 500 4090; x_wconf 87' lang='lat' dir='ltr'>terream</span> <span class='ocrx_word' id='word_1_269' title='bbox 517 4025 551 4090; x_wconf 91' lang='lat' dir='ltr'>in</span> <span class='ocrx_word' id='word_1_270' title='bbox 568 4027 715 4110; x_wconf 87' lang='lat' dir='ltr'>opposito</span> <span class='ocrx_word' id='word_1_271' title='bbox 743 4027 818 4093; x_wconf 93' lang='lat' dir='ltr'>ville</span> <span class='ocrx_word' id='word_1_272' title='bbox 835 4027 968 4110; x_wconf 80' lang='lat' dir='ltr'>Topsun</span> <span class='ocrx_word' id='word_1_273' title='bbox 988 4025 1151 4093; x_wconf 84' lang='lat' dir='ltr'>antedicta</span> <span class='ocrx_word' id='word_1_274' title='bbox 1179 4028 1266 4093; x_wconf 90' lang='lat' dir='ltr'>circa</span> <span class='ocrx_word' id='word_1_275' title='bbox 1291 4028 1471 4093; x_wconf 86' lang='lat' dir='ltr'>vicinitatem</span> <span class='ocrx_word' id='word_1_276' title='bbox 1545 4061 1546 4072; x_wconf 61' lang='lat'>2</span> 
     </span>
     <span class='ocr_line' id='line_1_34' title="bbox 362 4131 1473 4222; baseline -0.003 -26"><span class='ocrx_word' id='word_1_277' title='bbox 362 4131 503 4198; x_wconf 88' lang='lat' dir='ltr'>eiusdem</span> <span class='ocrx_word' id='word_1_278' title='bbox 530 4137 740 4218; x_wconf 85' lang='lat' dir='ltr'>possessionis</span> <span class='ocrx_word' id='word_1_279' title='bbox 767 4136 898 4202; x_wconf 87' lang='lat' dir='ltr'>ecclesie</span> <span class='ocrx_word' id='word_1_280' title='bbox 917 4135 1118 4218; x_wconf 82' lang='lat' dir='ltr'>Simigiensis</span> <span class='ocrx_word' id='word_1_281' title='bbox 1138 4135 1288 4222; x_wconf 80' lang='lat' dir='ltr'>Terpech</span> <span class='ocrx_word' id='word_1_282' title='bbox 1305 4133 1473 4220; x_wconf 82' lang='lat' dir='ltr'>supradicte</span> 
     </span>
     <span class='ocr_line' id='line_1_35' title="bbox 361 4242 1473 4330; baseline -0.004 -24"><span class='ocrx_word' id='word_1_283' title='bbox 361 4246 489 4325; x_wconf 88' lang='lat' dir='ltr'>aparte</span> <span class='ocrx_word' id='word_1_284' title='bbox 505 4243 666 4326; x_wconf 82' lang='lat' dir='ltr'>orientali,</span> <span class='ocrx_word' id='word_1_285' title='bbox 684 4246 791 4330; x_wconf 85' lang='lat' dir='ltr'>sicque</span> <span class='ocrx_word' id='word_1_286' title='bbox 817 4246 936 4310; x_wconf 88' lang='lat' dir='ltr'>iterato</span> <span class='ocrx_word' id='word_1_287' title='bbox 966 4245 1062 4310; x_wconf 89' lang='lat' dir='ltr'>vertit</span> <span class='ocrx_word' id='word_1_288' title='bbox 1082 4265 1115 4310; x_wconf 86' lang='lat' dir='ltr'>se</span> <span class='ocrx_word' id='word_1_289' title='bbox 1132 4245 1175 4310; x_wconf 88' lang='lat' dir='ltr'>ad</span> <span class='ocrx_word' id='word_1_290' title='bbox 1192 4245 1388 4311; x_wconf 86' lang='lat' dir='ltr'>occidentem</span> <span class='ocrx_word' id='word_1_291' title='bbox 1403 4242 1473 4306; x_wconf 86' lang='lat' dir='ltr'>inter</span> 
     </span>
     <span class='ocr_line' id='line_1_36' title="bbox 361 4343 1545 4446; baseline -0.002 -30"><span class='ocrx_word' id='word_1_292' title='bbox 361 4355 465 4416; x_wconf 88' lang='lat' dir='ltr'>terras</span> <span class='ocrx_word' id='word_1_293' title='bbox 482 4352 621 4418; x_wconf 87' lang='lat' dir='ltr'>arabiles</span> <span class='ocrx_word' id='word_1_294' title='bbox 637 4359 669 4418; x_wconf 89' lang='lat' dir='ltr'>et</span> <span class='ocrx_word' id='word_1_295' title='bbox 696 4355 843 4439; x_wconf 89' lang='lat' dir='ltr'>pervenit</span> <span class='ocrx_word' id='word_1_296' title='bbox 867 4359 1017 4420; x_wconf 89' lang='lat' dir='ltr'>truncum</span> <span class='ocrx_word' id='word_1_297' title='bbox 1044 4354 1210 4420; x_wconf 87' lang='lat' dir='ltr'>cniusdam</span> <span class='ocrx_word' id='word_1_298' title='bbox 1227 4355 1352 4420; x_wconf 88' lang='lat' dir='ltr'>arboris</span> <span class='ocrx_word' id='word_1_299' title='bbox 1368 4347 1473 4426; x_wconf 73' lang='lat' dir='ltr'>cerasii,</span> <span class='ocrx_word' id='word_1_300' title='bbox 1502 4343 1505 4351; x_wconf 49' lang='lat'><em>⁴</em></span> <span class='ocrx_word' id='word_1_301' title='bbox 1544 4441 1545 4446; x_wconf 5' lang='grc' dir='ltr'>ἵ</span> 
     </span>
     <span class='ocr_line' id='line_1_37' title="bbox 361 4459 1474 4547; baseline -0.002 -24"><span class='ocrx_word' id='word_1_302' title='bbox 361 4459 435 4523; x_wconf 90' lang='lat' dir='ltr'>inde</span> <span class='ocrx_word' id='word_1_303' title='bbox 461 4461 502 4526; x_wconf 88' lang='lat' dir='ltr'>ad</span> <span class='ocrx_word' id='word_1_304' title='bbox 530 4462 707 4546; x_wconf 84' lang='lat' dir='ltr'>virgultum</span> <span class='ocrx_word' id='word_1_305' title='bbox 738 4463 779 4529; x_wconf 66' lang='lat' dir='ltr'>ael</span> <span class='ocrx_word' id='word_1_306' title='bbox 812 4463 945 4530; x_wconf 87' lang='lat' dir='ltr'>eandem</span> <span class='ocrx_word' id='word_1_307' title='bbox 976 4468 1105 4547; x_wconf 87' lang='lat' dir='ltr'>partem</span> <span class='ocrx_word' id='word_1_308' title='bbox 1133 4463 1368 4529; x_wconf 85' lang='lat' dir='ltr'>occidentalem</span> <span class='ocrx_word' id='word_1_309' title='bbox 1398 4459 1474 4526; x_wconf 75' lang='lat' dir='ltr'>euius</span> 
     </span>
     <span class='ocr_line' id='line_1_38' title="bbox 362 4563 1474 4657; baseline -0.004 -27"><span class='ocrx_word' id='word_1_310' title='bbox 362 4567 583 4634; x_wconf 82' lang='lat' dir='ltr'>meridionalia</span> <span class='ocrx_word' id='word_1_311' title='bbox 608 4593 685 4655; x_wconf 88' lang='lat' dir='ltr'>pars</span> <span class='ocrx_word' id='word_1_312' title='bbox 711 4577 760 4638; x_wconf 87' lang='lat' dir='ltr'>est</span> <span class='ocrx_word' id='word_1_313' title='bbox 785 4577 870 4638; x_wconf 90' lang='lat' dir='ltr'>terre</span> <span class='ocrx_word' id='word_1_314' title='bbox 896 4569 1045 4656; x_wconf 76' lang='lat' dir='ltr'>Terpech</span> <span class='ocrx_word' id='word_1_315' title='bbox 1071 4593 1091 4638; x_wconf 91' lang='lat' dir='ltr'>a</span> <span class='ocrx_word' id='word_1_316' title='bbox 1116 4577 1208 4657; x_wconf 84' lang='lat' dir='ltr'>parte</span> <span class='ocrx_word' id='word_1_317' title='bbox 1235 4563 1474 4656; x_wconf 83' lang='lat' dir='ltr'>septemtrionali</span> 
     </span>
     <span class='ocr_line' id='line_1_39' title="bbox 362 4671 1544 4770; baseline -0.006 -30"><span class='ocrx_word' id='word_1_318' title='bbox 362 4680 448 4740; x_wconf 79' lang='lat' dir='ltr'>teme</span> <span class='ocrx_word' id='word_1_319' title='bbox 465 4677 600 4762; x_wconf 80' lang='lat' dir='ltr'>&#39;Popsun</span> <span class='ocrx_word' id='word_1_320' title='bbox 616 4685 817 4764; x_wconf 72' lang='lat' dir='ltr'>remanente,</span> <span class='ocrx_word' id='word_1_321' title='bbox 834 4679 1004 4764; x_wconf 86' lang='lat' dir='ltr'>evmdoque</span> <span class='ocrx_word' id='word_1_322' title='bbox 1021 4701 1079 4764; x_wconf 87' lang='lat' dir='ltr'>per</span> <span class='ocrx_word' id='word_1_323' title='bbox 1104 4701 1258 4764; x_wconf 82' lang='lat' dir='ltr'>magnum</span> <span class='ocrx_word' id='word_1_324' title='bbox 1279 4681 1420 4764; x_wconf 87' lang='lat' dir='ltr'>spacimn</span> <span class='ocrx_word' id='word_1_325' title='bbox 1442 4671 1474 4738; x_wconf 84' lang='lat' dir='ltr'>ml</span> <span class='ocrx_word' id='word_1_326' title='bbox 1543 4755 1544 4770; x_wconf 11' lang='grc' dir='ltr'>χ</span> 
     </span>
    </p>
   </div>
   <div class='ocr_carea' id='block_1_3' title="bbox 1527 5061 1543 5426">
    <p class='ocr_par' dir='ltr' id='par_1_4' title="bbox 1527 5061 1543 5426">
     <span class='ocr_line' id='line_1_40' title="bbox 1527 5061 1543 5426; baseline 0 0"><span class='ocrx_word' id='word_1_327' title='bbox 1527 5061 1543 5426; x_wconf 87' lang='lat' dir='ltr'>l</span> 
     </span>
    </p>
   </div>
   <div class='ocr_carea' id='block_1_4' title="bbox 0 0 1585 5474">
    <p class='ocr_par' dir='ltr' id='par_1_5' title="bbox 0 0 1585 5474">
     <span class='ocr_line' id='line_1_41' title="bbox 0 0 1585 5474; baseline 0 0"><span class='ocrx_word' id='word_1_328' title='bbox 0 0 1585 5474; x_wconf 95' lang='lat' dir='ltr'> </span> 
     </span>
    </p>
   </div>
  </div>
 </body>
</html>
