<?xml version="1.0" encoding="UTF-8"?>
<!DOCTYPE html PUBLIC "-//W3C//DTD XHTML 1.0 Transitional//EN"
    "http://www.w3.org/TR/xhtml1/DTD/xhtml1-transitional.dtd">
<html xmlns="http://www.w3.org/1999/xhtml" xml:lang="en" lang="en">
 <head>
  <title>
</title>
<meta http-equiv="Content-Type" content="text/html;charset=utf-8" />
  <meta name='ocr-system' content='tesseract 3.04.00' />
  <meta name='ocr-capabilities' content='ocr_page ocr_carea ocr_par ocr_line ocrx_word'/>
</head>
<body>
  <div class='ocr_page' id='page_1' title='image "./codexdiplomatic01nagygoog_0626.png"; bbox 0 0 3152 5472; ppageno 0'>
   <div class='ocr_carea' id='block_1_1' title="bbox 544 515 1238 581">
    <p class='ocr_par' dir='ltr' id='par_1_1' title="bbox 544 515 1238 581">
     <span class='ocr_line' id='line_1_1' title="bbox 544 515 1238 581; baseline -0.004 0"><span class='ocrx_word' id='word_1_1' title='bbox 544 516 639 581; x_wconf 76' lang='lat'>1332.</span> <span class='ocrx_word' id='word_1_2' title='bbox 655 532 726 581; x_wconf 79' lang='lat' dir='ltr'>aux.</span> <span class='ocrx_word' id='word_1_3' title='bbox 745 519 795 580; x_wconf 83' lang='lat'>30.</span> <span class='ocrx_word' id='word_1_4' title='bbox 1174 515 1238 578; x_wconf 87' lang='grc'>609</span> 
     </span>
    </p>
   </div>
   <div class='ocr_carea' id='block_1_2' title="bbox 107 689 1246 889">
    <p class='ocr_par' dir='ltr' id='par_1_2' title="bbox 107 689 1246 889">
     <span class='ocr_line' id='line_1_2' title="bbox 110 689 1246 782; baseline -0.004 -20"><span class='ocrx_word' id='word_1_5' title='bbox 110 694 183 762; x_wconf 91' lang='lat' dir='ltr'>dem</span> <span class='ocrx_word' id='word_1_6' title='bbox 200 699 323 766; x_wconf 87' lang='lat' dir='ltr'>terram</span> <span class='ocrx_word' id='word_1_7' title='bbox 339 695 556 762; x_wconf 84' lang='lat' dir='ltr'>Bedesfeulde</span> <span class='ocrx_word' id='word_1_8' title='bbox 572 695 754 782; x_wconf 90' lang='lat' dir='ltr'>..predicto</span> <span class='ocrx_word' id='word_1_9' title='bbox 764 695 921 776; x_wconf 83' lang='lat' dir='ltr'>magistro</span> <span class='ocrx_word' id='word_1_10' title='bbox 933 689 1043 760; x_wconf 84' lang='lat' dir='ltr'>Blasio</span> <span class='ocrx_word' id='word_1_11' title='bbox 1055 699 1087 760; x_wconf 91' lang='lat' dir='ltr'>et</span> <span class='ocrx_word' id='word_1_12' title='bbox 1097 694 1123 760; x_wconf 89' lang='lat' dir='ltr'><strong>J</strong></span> <span class='ocrx_word' id='word_1_13' title='bbox 1124 693 1246 760; x_wconf 86' lang='lat' dir='ltr'>ohanni</span> 
     </span>
     <span class='ocr_line' id='line_1_3' title="bbox 107 801 1243 889; baseline -0.002 -19"><span class='ocrx_word' id='word_1_14' title='bbox 107 803 205 871; x_wconf 85' lang='lat' dir='ltr'>fratri</span> <span class='ocrx_word' id='word_1_15' title='bbox 221 827 281 872; x_wconf 91' lang='lat' dir='ltr'>suo</span> <span class='ocrx_word' id='word_1_16' title='bbox 296 804 461 873; x_wconf 84' lang='lat' dir='ltr'>antedicto</span> <span class='ocrx_word' id='word_1_17' title='bbox 478 857 485 872; x_wconf 93' lang='lat'><strong>.</strong></span> <span class='ocrx_word' id='word_1_18' title='bbox 501 855 508 872; x_wconf 93' lang='lat'>.</span> <span class='ocrx_word' id='word_1_19' title='bbox 525 805 719 872; x_wconf 90' lang='lat' dir='ltr'>contulimus</span> <span class='ocrx_word' id='word_1_20' title='bbox 735 855 743 870; x_wconf 94' lang='lat'><strong>.</strong></span> <span class='ocrx_word' id='word_1_21' title='bbox 760 854 766 870; x_wconf 94' lang='lat'><em>.</em></span> <span class='ocrx_word' id='word_1_22' title='bbox 791 803 918 869; x_wconf 90' lang='lat' dir='ltr'>Datum</span> <span class='ocrx_word' id='word_1_23' title='bbox 932 803 967 868; x_wconf 92' lang='lat' dir='ltr'>in</span> <span class='ocrx_word' id='word_1_24' title='bbox 983 801 1192 889; x_wconf 82' lang='lat' dir='ltr'>Wyssegrud‚</span> <span class='ocrx_word' id='word_1_25' title='bbox 1208 803 1243 868; x_wconf 90' lang='lat' dir='ltr'>in</span> 
     </span>
    </p>
   </div>
   <div class='ocr_carea' id='block_1_3' title="bbox 107 911 1245 1091">
    <p class='ocr_par' dir='ltr' id='par_1_3' title="bbox 107 911 1245 1091">
     <span class='ocr_line' id='line_1_4' title="bbox 107 911 1245 1000; baseline 0 -22"><span class='ocrx_word' id='word_1_26' title='bbox 107 913 191 980; x_wconf 87' lang='lat' dir='ltr'>festo</span> <span class='ocrx_word' id='word_1_27' title='bbox 207 912 379 982; x_wconf 86' lang='lat' dir='ltr'>beatorum</span> <span class='ocrx_word' id='word_1_28' title='bbox 394 914 488 981; x_wconf 90' lang='lat' dir='ltr'>Petri</span> <span class='ocrx_word' id='word_1_29' title='bbox 507 921 540 981; x_wconf 94' lang='lat' dir='ltr'>et</span> <span class='ocrx_word' id='word_1_30' title='bbox 555 913 651 981; x_wconf 86' lang='lat' dir='ltr'>Pauli</span> <span class='ocrx_word' id='word_1_31' title='bbox 672 913 902 1000; x_wconf 88' lang='lat' dir='ltr'>apostolorum,</span> <span class='ocrx_word' id='word_1_32' title='bbox 928 933 1014 978; x_wconf 90' lang='lat' dir='ltr'>anno</span> <span class='ocrx_word' id='word_1_33' title='bbox 1044 911 1166 980; x_wconf 89' lang='lat' dir='ltr'>domini</span> <span class='ocrx_word' id='word_1_34' title='bbox 1190 911 1245 978; x_wconf 78' lang='grc' dir='ltr'>Μ0</span> 
     </span>
     <span class='ocr_line' id='line_1_5' title="bbox 109 1019 527 1091; baseline 0 -3"><span class='ocrx_word' id='word_1_35' title='bbox 109 1020 213 1089; x_wconf 83' lang='grc' dir='ltr'>000ο</span> <span class='ocrx_word' id='word_1_36' title='bbox 229 1019 362 1089; x_wconf 81' lang='grc' dir='ltr'>ΧΧΧ0</span> <span class='ocrx_word' id='word_1_37' title='bbox 378 1025 527 1091; x_wconf 89' lang='lat' dir='ltr'>secundo.</span> 
     </span>
    </p>
   </div>
   <div class='ocr_carea' id='block_1_4' title="bbox 109 1182 1247 1346">
    <p class='ocr_par' dir='ltr' id='par_1_4' title="bbox 109 1182 1247 1346">
     <span class='ocr_line' id='line_1_6' title="bbox 218 1182 1247 1257; baseline -0.002 -17"><span class='ocrx_word' id='word_1_38' title='bbox 218 1188 374 1256; x_wconf 75' lang='lat' dir='ltr'>Hatlapjen</span> <span class='ocrx_word' id='word_1_39' title='bbox 398 1203 473 1255; x_wconf 77' lang='lat' dir='ltr'>nagy</span> <span class='ocrx_word' id='word_1_40' title='bbox 496 1189 582 1240; x_wconf 85' lang='lat' dir='ltr'>kerek</span> <span class='ocrx_word' id='word_1_41' title='bbox 606 1187 700 1254; x_wconf 81' lang='lat' dir='ltr'>penset</span> <span class='ocrx_word' id='word_1_42' title='bbox 712 1182 898 1257; x_wconf 63' lang='lat' dir='ltr'>snyomaiva13</span> <span class='ocrx_word' id='word_1_43' title='bbox 919 1185 1051 1253; x_wconf 85' lang='lat' dir='ltr'>credetije</span> <span class='ocrx_word' id='word_1_44' title='bbox 1063 1202 1096 1238; x_wconf 81' lang='lat' dir='ltr'>ez</span> <span class='ocrx_word' id='word_1_45' title='bbox 1109 1201 1177 1238; x_wconf 87' lang='lat' dir='ltr'>orez.</span> <span class='ocrx_word' id='word_1_46' title='bbox 1191 1187 1247 1238; x_wconf 82' lang='lat' dir='ltr'>lttr</span> 
     </span>
     <span class='ocr_line' id='line_1_7' title="bbox 109 1277 1209 1346; baseline 0.002 -18"><span class='ocrx_word' id='word_1_47' title='bbox 109 1279 215 1329; x_wconf 83' lang='lat' dir='ltr'>kinost.</span> <span class='ocrx_word' id='word_1_48' title='bbox 227 1283 295 1330; x_wconf 84' lang='lat' dir='ltr'>oszt.</span> <span class='ocrx_word' id='word_1_49' title='bbox 308 1280 417 1331; x_wconf 83' lang='lat' dir='ltr'>Paulin.</span> <span class='ocrx_word' id='word_1_50' title='bbox 431 1280 464 1331; x_wconf 93' lang='lat' dir='ltr'>de</span> <span class='ocrx_word' id='word_1_51' title='bbox 477 1279 547 1330; x_wconf 80' lang='lat' dir='ltr'>Lad.</span> <span class='ocrx_word' id='word_1_52' title='bbox 562 1285 586 1331; x_wconf 77' lang='lat'>7.</span> <span class='ocrx_word' id='word_1_53' title='bbox 601 1283 625 1331; x_wconf 82' lang='grc'>3.</span> <span class='ocrx_word' id='word_1_54' title='bbox 639 1278 706 1346; x_wconf 84' lang='lat' dir='ltr'><strong>dipl.</strong></span> <span class='ocrx_word' id='word_1_55' title='bbox 720 1279 793 1331; x_wconf 80' lang='lat' dir='ltr'>lttr:</span> <span class='ocrx_word' id='word_1_56' title='bbox 808 1283 887 1330; x_wconf 78' lang='lat'><strong>2736.</strong></span> <span class='ocrx_word' id='word_1_57' title='bbox 900 1277 999 1329; x_wconf 74' lang='lat' dir='ltr'>Kozli:</span> <span class='ocrx_word' id='word_1_58' title='bbox 1013 1278 1095 1343; x_wconf 81' lang='lat' dir='ltr'>Nagy</span> <span class='ocrx_word' id='word_1_59' title='bbox 1108 1277 1209 1344; x_wconf 79' lang='lat' dir='ltr'>Gyula.</span> 
     </span>
    </p>
   </div>
   <div class='ocr_carea' id='block_1_5' title="bbox 606 1513 760 1526">
    <p class='ocr_par' dir='ltr' id='par_1_5' title="bbox 606 1513 760 1526">
     <span class='ocr_line' id='line_1_8' title="bbox 606 1513 760 1526; baseline 0 -4"><span class='ocrx_word' id='word_1_60' title='bbox 606 1513 760 1526; x_wconf 65' lang='lat'>..-....-.</span> 
     </span>
    </p>
   </div>
   <div class='ocr_carea' id='block_1_6' title="bbox 645 1785 719 1848">
    <p class='ocr_par' dir='ltr' id='par_1_6' title="bbox 645 1785 719 1848">
     <span class='ocr_line' id='line_1_9' title="bbox 645 1785 719 1848; baseline 0.014 -1"><span class='ocrx_word' id='word_1_61' title='bbox 645 1785 719 1848; x_wconf 76' lang='lat'><strong>520.</strong></span> 
     </span>
    </p>
   </div>
   <div class='ocr_carea' id='block_1_7' title="bbox 113 1945 1247 2141">
    <p class='ocr_par' dir='ltr' id='par_1_7' title="bbox 113 1945 1247 2141">
     <span class='ocr_line' id='line_1_10' title="bbox 113 1945 1247 2035; baseline 0.001 -20"><span class='ocrx_word' id='word_1_62' title='bbox 113 1952 210 2015; x_wconf 82' lang='lat'><strong><em>1332.</em></strong></span> <span class='ocrx_word' id='word_1_63' title='bbox 218 1950 297 2035; x_wconf 82' lang='lat' dir='ltr'>jao.</span> <span class='ocrx_word' id='word_1_64' title='bbox 314 1949 366 2012; x_wconf 84' lang='lat'>30.</span> <span class='ocrx_word' id='word_1_65' title='bbox 385 1945 413 2011; x_wconf 83' lang='lat' dir='ltr'><em>A</em></span> <span class='ocrx_word' id='word_1_66' title='bbox 426 1949 588 2035; x_wconf 72' lang='lat' dir='ltr'>pozooayc&#39;</span> <span class='ocrx_word' id='word_1_67' title='bbox 604 1948 764 2035; x_wconf 77' lang='lat' dir='ltr'>Icciptaluo</span> <span class='ocrx_word' id='word_1_68' title='bbox 780 1948 853 2013; x_wconf 79' lang='lat' dir='ltr'>elba</span> <span class='ocrx_word' id='word_1_69' title='bbox 864 1945 1031 2014; x_wconf 82' lang='lat' dir='ltr'>Aacbenbe</span> <span class='ocrx_word' id='word_1_70' title='bbox 1046 1951 1247 2017; x_wconf 81' lang='lat' dir='ltr'>zordadoklo&#39;</span> 
     </span>
     <span class='ocr_line' id='line_1_11' title="bbox 408 2055 952 2141; baseline 0.006 -22"><span class='ocrx_word' id='word_1_71' title='bbox 408 2055 509 2121; x_wconf 71' lang='lat' dir='ltr'>Ornos</span> <span class='ocrx_word' id='word_1_72' title='bbox 526 2057 623 2121; x_wconf 82' lang='lat' dir='ltr'>Pe&#39;ter</span> <span class='ocrx_word' id='word_1_73' title='bbox 638 2056 865 2141; x_wconf 73' lang='lat' dir='ltr'>adprendeletot</span> <span class='ocrx_word' id='word_1_74' title='bbox 881 2066 952 2122; x_wconf 81' lang='lat' dir='ltr'>teaz.</span> 
     </span>
    </p>
   </div>
   <div class='ocr_carea' id='block_1_8' title="bbox 110 2215 1291 3718">
    <p class='ocr_par' dir='ltr' id='par_1_8' title="bbox 110 2215 1291 3718">
     <span class='ocr_line' id='line_1_12' title="bbox 218 2215 1243 2301; baseline 0.004 -18"><span class='ocrx_word' id='word_1_75' title='bbox 218 2266 250 2283; x_wconf 90' lang='lat'>..</span> <span class='ocrx_word' id='word_1_76' title='bbox 268 2215 444 2301; x_wconf 90' lang='lat' dir='ltr'>capitulum</span> <span class='ocrx_word' id='word_1_77' title='bbox 470 2215 605 2282; x_wconf 83' lang='lat' dir='ltr'>ecclesie</span> <span class='ocrx_word' id='word_1_78' title='bbox 619 2215 825 2283; x_wconf 84' lang='lat' dir='ltr'>Posoniensis</span> <span class='ocrx_word' id='word_1_79' title='bbox 843 2266 876 2284; x_wconf 91' lang='lat'>..</span> <span class='ocrx_word' id='word_1_80' title='bbox 902 2218 946 2283; x_wconf 86' lang='lat' dir='ltr'>ad</span> <span class='ocrx_word' id='word_1_81' title='bbox 962 2219 1185 2286; x_wconf 88' lang='lat' dir='ltr'>universorum</span> <span class='ocrx_word' id='word_1_82' title='bbox 1211 2269 1243 2287; x_wconf 89' lang='lat'>..</span> 
     </span>
     <span class='ocr_line' id='line_1_13' title="bbox 111 2323 1246 2409; baseline 0.004 -18"><span class='ocrx_word' id='word_1_83' title='bbox 111 2325 260 2392; x_wconf 84' lang='lat' dir='ltr'>volumus</span> <span class='ocrx_word' id='word_1_84' title='bbox 276 2324 445 2409; x_wconf 83' lang='lat' dir='ltr'>pervenire</span> <span class='ocrx_word' id='word_1_85' title='bbox 460 2325 623 2409; x_wconf 72' lang='lat' dir='ltr'>noticiam,</span> <span class='ocrx_word' id='word_1_86' title='bbox 641 2323 728 2408; x_wconf 89' lang='lat' dir='ltr'>quod</span> <span class='ocrx_word' id='word_1_87' title='bbox 744 2375 751 2390; x_wconf 92' lang='lat'><strong>.</strong></span> <span class='ocrx_word' id='word_1_88' title='bbox 769 2373 776 2390; x_wconf 88' lang='lat'><strong>.</strong></span> <span class='ocrx_word' id='word_1_89' title='bbox 796 2323 915 2391; x_wconf 88' lang='lat' dir='ltr'>Petrus</span> <span class='ocrx_word' id='word_1_90' title='bbox 941 2326 1046 2392; x_wconf 85' lang='lat' dir='ltr'>dictus</span> <span class='ocrx_word' id='word_1_91' title='bbox 1073 2325 1178 2395; x_wconf 89' lang='lat' dir='ltr'>Orrus</span> <span class='ocrx_word' id='word_1_92' title='bbox 1204 2330 1246 2394; x_wconf 92' lang='lat' dir='ltr'>ad</span> 
     </span>
     <span class='ocr_line' id='line_1_14' title="bbox 112 2429 1245 2520; baseline -0.002 -20"><span class='ocrx_word' id='word_1_93' title='bbox 112 2435 212 2500; x_wconf 90' lang='lat' dir='ltr'>limen</span> <span class='ocrx_word' id='word_1_94' title='bbox 238 2433 332 2499; x_wconf 85' lang='lat' dir='ltr'>beate</span> <span class='ocrx_word' id='word_1_95' title='bbox 356 2431 465 2500; x_wconf 89' lang='lat' dir='ltr'>Marie</span> <span class='ocrx_word' id='word_1_96' title='bbox 492 2433 626 2516; x_wconf 78' lang='lat' dir='ltr'>virginis</span> <span class='ocrx_word' id='word_1_97' title='bbox 652 2433 803 2499; x_wconf 84' lang='lat' dir='ltr'>videlicet</span> <span class='ocrx_word' id='word_1_98' title='bbox 834 2429 1080 2519; x_wconf 81' lang='lat' dir='ltr'>Aquis-Granis</span> <span class='ocrx_word' id='word_1_99' title='bbox 1112 2437 1245 2520; x_wconf 90' lang='lat' dir='ltr'>cupiens</span> 
     </span>
     <span class='ocr_line' id='line_1_15' title="bbox 111 2541 1250 2627; baseline 0.001 -19"><span class='ocrx_word' id='word_1_100' title='bbox 111 2541 274 2627; x_wconf 86' lang='lat' dir='ltr'>proficisci</span> <span class='ocrx_word' id='word_1_101' title='bbox 290 2591 298 2608; x_wconf 93' lang='lat'><strong>.</strong></span> <span class='ocrx_word' id='word_1_102' title='bbox 314 2591 322 2608; x_wconf 88' lang='lat'>.</span> <span class='ocrx_word' id='word_1_103' title='bbox 336 2562 378 2606; x_wconf 92' lang='lat' dir='ltr'>ne</span> <span class='ocrx_word' id='word_1_104' title='bbox 393 2541 464 2627; x_wconf 90' lang='lat' dir='ltr'>ipso</span> <span class='ocrx_word' id='word_1_105' title='bbox 481 2542 568 2626; x_wconf 88' lang='lat' dir='ltr'>quod</span> <span class='ocrx_word' id='word_1_106' title='bbox 584 2541 669 2608; x_wconf 86' lang='lat' dir='ltr'>absit</span> <span class='ocrx_word' id='word_1_107' title='bbox 685 2541 838 2609; x_wconf 87' lang='lat' dir='ltr'>defuncto</span> <span class='ocrx_word' id='word_1_108' title='bbox 855 2591 862 2609; x_wconf 92' lang='lat'><strong>.</strong></span> <span class='ocrx_word' id='word_1_109' title='bbox 879 2593 886 2609; x_wconf 92' lang='lat'>.</span> <span class='ocrx_word' id='word_1_110' title='bbox 903 2565 963 2610; x_wconf 89' lang='lat' dir='ltr'>sua</span> <span class='ocrx_word' id='word_1_111' title='bbox 978 2543 1065 2610; x_wconf 91' lang='lat' dir='ltr'>bona</span> <span class='ocrx_word' id='word_1_112' title='bbox 1081 2595 1089 2610; x_wconf 93' lang='lat'><strong>.</strong></span> <span class='ocrx_word' id='word_1_113' title='bbox 1106 2593 1112 2610; x_wconf 94' lang='lat'>.</span> <span class='ocrx_word' id='word_1_114' title='bbox 1130 2544 1250 2610; x_wconf 47' lang='lat' dir='ltr'>distraJ</span> 
     </span>
     <span class='ocr_line' id='line_1_16' title="bbox 111 2649 1246 2737; baseline -0.001 -20"><span class='ocrx_word' id='word_1_115' title='bbox 111 2651 234 2717; x_wconf 79' lang='lat' dir='ltr'><strong>bantur</strong></span> <span class='ocrx_word' id='word_1_116' title='bbox 250 2701 257 2715; x_wconf 95' lang='lat'><strong>.</strong></span> <span class='ocrx_word' id='word_1_117' title='bbox 274 2699 281 2715; x_wconf 91' lang='lat'>.</span> <span class='ocrx_word' id='word_1_118' title='bbox 297 2649 362 2715; x_wconf 88' lang='lat' dir='ltr'>tale</span> <span class='ocrx_word' id='word_1_119' title='bbox 382 2649 526 2716; x_wconf 83' lang='lat' dir='ltr'>condidit</span> <span class='ocrx_word' id='word_1_120' title='bbox 550 2655 789 2734; x_wconf 86' lang='lat' dir='ltr'>testamentum,</span> <span class='ocrx_word' id='word_1_121' title='bbox 806 2649 893 2735; x_wconf 89' lang='lat' dir='ltr'>quod</span> <span class='ocrx_word' id='word_1_122' title='bbox 918 2650 999 2717; x_wconf 87' lang='lat' dir='ltr'>duas</span> <span class='ocrx_word' id='word_1_123' title='bbox 1029 2652 1246 2737; x_wconf 86' lang='lat' dir='ltr'>possessiones</span> 
     </span>
     <span class='ocr_line' id='line_1_17' title="bbox 112 2755 1246 2844; baseline 0 -18"><span class='ocrx_word' id='word_1_124' title='bbox 112 2780 188 2826; x_wconf 88' lang='lat' dir='ltr'>suas</span> <span class='ocrx_word' id='word_1_125' title='bbox 203 2757 357 2826; x_wconf 80' lang='lat' dir='ltr'>videlicet</span> <span class='ocrx_word' id='word_1_126' title='bbox 374 2757 485 2824; x_wconf 84' lang='lat' dir='ltr'>villam</span> <span class='ocrx_word' id='word_1_127' title='bbox 495 2758 599 2824; x_wconf 88' lang='lat' dir='ltr'>sancti</span> <span class='ocrx_word' id='word_1_128' title='bbox 608 2755 780 2824; x_wconf 87' lang='lat' dir='ltr'>Michaelis</span> <span class='ocrx_word' id='word_1_129' title='bbox 799 2759 877 2825; x_wconf 89' lang='lat' dir='ltr'>item</span> <span class='ocrx_word' id='word_1_130' title='bbox 886 2758 995 2824; x_wconf 87' lang='lat' dir='ltr'>villam</span> <span class='ocrx_word' id='word_1_131' title='bbox 1004 2759 1209 2844; x_wconf 80' lang='lat' dir='ltr'>Duduagzyg</span> <span class='ocrx_word' id='word_1_132' title='bbox 1220 2809 1246 2826; x_wconf 91' lang='lat'>..</span> 
     </span>
     <span class='ocr_line' id='line_1_18' title="bbox 110 2866 1246 2954; baseline 0.002 -22"><span class='ocrx_word' id='word_1_133' title='bbox 110 2868 143 2933; x_wconf 90' lang='lat' dir='ltr'>in</span> <span class='ocrx_word' id='word_1_134' title='bbox 158 2868 276 2934; x_wconf 82' lang='lat' dir='ltr'>maiori</span> <span class='ocrx_word' id='word_1_135' title='bbox 291 2867 433 2934; x_wconf 86' lang='lat' dir='ltr'>Posonio</span> <span class='ocrx_word' id='word_1_136' title='bbox 450 2868 622 2934; x_wconf 79' lang='lat' dir='ltr'>existentes</span> <span class='ocrx_word' id='word_1_137' title='bbox 639 2866 769 2933; x_wconf 89' lang='lat' dir='ltr'>domine</span> <span class='ocrx_word' id='word_1_138' title='bbox 785 2866 913 2934; x_wconf 86' lang='lat' dir='ltr'>Helene</span> <span class='ocrx_word' id='word_1_139' title='bbox 928 2867 1099 2935; x_wconf 83' lang='lat' dir='ltr'>karissime</span> <span class='ocrx_word' id='word_1_140' title='bbox 1116 2870 1246 2954; x_wconf 83' lang='lat' dir='ltr'>coniugi</span> 
     </span>
     <span class='ocr_line' id='line_1_19' title="bbox 111 2975 1246 3065; baseline 0.003 -23"><span class='ocrx_word' id='word_1_141' title='bbox 111 2998 167 3043; x_wconf 87' lang='lat' dir='ltr'>sue</span> <span class='ocrx_word' id='word_1_142' title='bbox 183 2977 317 3044; x_wconf 87' lang='lat' dir='ltr'>racione</span> <span class='ocrx_word' id='word_1_143' title='bbox 332 2978 418 3044; x_wconf 90' lang='lat' dir='ltr'>dotis</span> <span class='ocrx_word' id='word_1_144' title='bbox 434 3027 441 3044; x_wconf 93' lang='lat'>.</span> <span class='ocrx_word' id='word_1_145' title='bbox 458 3027 465 3043; x_wconf 91' lang='lat'><strong>.</strong></span> <span class='ocrx_word' id='word_1_146' title='bbox 481 2977 561 3043; x_wconf 86' lang='lat' dir='ltr'>item</span> <span class='ocrx_word' id='word_1_147' title='bbox 576 2975 642 3042; x_wconf 87' lang='lat' dir='ltr'>filie</span> <span class='ocrx_word' id='word_1_148' title='bbox 659 2998 715 3042; x_wconf 92' lang='lat' dir='ltr'>sue</span> <span class='ocrx_word' id='word_1_149' title='bbox 731 2976 922 3060; x_wconf 84' lang='lat' dir='ltr'>Margarete</span> <span class='ocrx_word' id='word_1_150' title='bbox 937 2979 1068 3046; x_wconf 81' lang='lat' dir='ltr'>racione</span> <span class='ocrx_word' id='word_1_151' title='bbox 1094 2984 1209 3065; x_wconf 86' lang='lat' dir='ltr'>quarte</span> <span class='ocrx_word' id='word_1_152' title='bbox 1220 3027 1246 3046; x_wconf 88' lang='lat'>..</span> 
     </span>
     <span class='ocr_line' id='line_1_20' title="bbox 112 3086 1247 3172; baseline 0.002 -20"><span class='ocrx_word' id='word_1_153' title='bbox 112 3086 265 3172; x_wconf 84' lang='lat' dir='ltr'>deinceps</span> <span class='ocrx_word' id='word_1_154' title='bbox 296 3087 336 3152; x_wconf 90' lang='lat' dir='ltr'>de</span> <span class='ocrx_word' id='word_1_155' title='bbox 352 3087 424 3154; x_wconf 89' lang='lat' dir='ltr'>aliis</span> <span class='ocrx_word' id='word_1_156' title='bbox 450 3087 517 3153; x_wconf 89' lang='lat' dir='ltr'>suis</span> <span class='ocrx_word' id='word_1_157' title='bbox 532 3087 790 3172; x_wconf 88' lang='lat' dir='ltr'>possessionibus</span> <span class='ocrx_word' id='word_1_158' title='bbox 806 3087 966 3172; x_wconf 89' lang='lat' dir='ltr'>quidquid</span> <span class='ocrx_word' id='word_1_159' title='bbox 985 3088 1048 3155; x_wconf 88' lang='lat' dir='ltr'>sibi</span> <span class='ocrx_word' id='word_1_160' title='bbox 1073 3092 1247 3166; x_wconf 80' lang='lat' dir='ltr'>attentent</span> 
     </span>
     <span class='ocr_line' id='line_1_21' title="bbox 111 3190 1247 3264; baseline 0 -2"><span class='ocrx_word' id='word_1_161' title='bbox 111 3196 284 3262; x_wconf 76' lang='lat' dir='ltr'>vendicare</span> <span class='ocrx_word' id='word_1_162' title='bbox 310 3194 349 3262; x_wconf 91' lang='lat' dir='ltr'>de</span> <span class='ocrx_word' id='word_1_163' title='bbox 370 3217 527 3262; x_wconf 86' lang='lat' dir='ltr'>consensu</span> <span class='ocrx_word' id='word_1_164' title='bbox 551 3194 682 3262; x_wconf 88' lang='lat' dir='ltr'>Nicolai</span> <span class='ocrx_word' id='word_1_165' title='bbox 707 3194 767 3260; x_wconf 91' lang='lat' dir='ltr'>filii</span> <span class='ocrx_word' id='word_1_166' title='bbox 792 3190 918 3262; x_wconf 65' lang='lat' dir='ltr'>&#39;Rhome</span> <span class='ocrx_word' id='word_1_167' title='bbox 943 3203 976 3262; x_wconf 89' lang='lat' dir='ltr'>et</span> <span class='ocrx_word' id='word_1_168' title='bbox 1000 3197 1093 3264; x_wconf 88' lang='lat' dir='ltr'>Petri</span> <span class='ocrx_word' id='word_1_169' title='bbox 1109 3197 1149 3263; x_wconf 90' lang='lat' dir='ltr'>de</span> <span class='ocrx_word' id='word_1_170' title='bbox 1164 3195 1247 3263; x_wconf 83' lang='lat' dir='ltr'>Zela</span> 
     </span>
     <span class='ocr_line' id='line_1_22' title="bbox 112 3305 1291 3389; baseline 0.001 -20"><span class='ocrx_word' id='word_1_171' title='bbox 112 3305 336 3389; x_wconf 88' lang='lat' dir='ltr'>proximorum</span> <span class='ocrx_word' id='word_1_172' title='bbox 353 3327 484 3371; x_wconf 90' lang='lat' dir='ltr'>suorum</span> <span class='ocrx_word' id='word_1_173' title='bbox 501 3355 509 3370; x_wconf 92' lang='lat'><strong>.</strong></span> <span class='ocrx_word' id='word_1_174' title='bbox 525 3355 532 3371; x_wconf 92' lang='lat'><strong>.</strong></span> <span class='ocrx_word' id='word_1_175' title='bbox 549 3306 669 3388; x_wconf 79' lang='lat' dir='ltr'>legavit</span> <span class='ocrx_word' id='word_1_176' title='bbox 685 3356 692 3372; x_wconf 86' lang='lat'><strong>.</strong></span> <span class='ocrx_word' id='word_1_177' title='bbox 709 3355 716 3371; x_wconf 93' lang='lat'><strong>.</strong></span> <span class='ocrx_word' id='word_1_178' title='bbox 733 3305 807 3371; x_wconf 90' lang='lat' dir='ltr'>aliis</span> <span class='ocrx_word' id='word_1_179' title='bbox 823 3311 933 3371; x_wconf 88' lang='lat' dir='ltr'>tamen</span> <span class='ocrx_word' id='word_1_180' title='bbox 949 3305 1016 3371; x_wconf 87' lang='lat' dir='ltr'>suis</span> <span class='ocrx_word' id='word_1_181' title='bbox 1041 3305 1247 3372; x_wconf 89' lang='lat' dir='ltr'>hereditariis</span> <span class='ocrx_word' id='word_1_182' title='bbox 1286 3335 1291 3342; x_wconf 94' lang='lat'>·</span> 
     </span>
     <span class='ocr_line' id='line_1_23' title="bbox 113 3413 1246 3500; baseline -0.002 -19"><span class='ocrx_word' id='word_1_183' title='bbox 113 3413 369 3498; x_wconf 86' lang='lat' dir='ltr'>possessionibus</span> <span class='ocrx_word' id='word_1_184' title='bbox 386 3465 393 3480; x_wconf 94' lang='lat'><strong>.</strong></span> <span class='ocrx_word' id='word_1_185' title='bbox 410 3465 417 3480; x_wconf 94' lang='lat'><strong>.</strong></span> <span class='ocrx_word' id='word_1_186' title='bbox 433 3413 573 3481; x_wconf 87' lang='lat' dir='ltr'>Niooiao</span> <span class='ocrx_word' id='word_1_187' title='bbox 590 3420 623 3480; x_wconf 88' lang='lat' dir='ltr'>et</span> <span class='ocrx_word' id='word_1_188' title='bbox 638 3414 740 3482; x_wconf 89' lang='lat' dir='ltr'>Petro</span> <span class='ocrx_word' id='word_1_189' title='bbox 756 3415 911 3500; x_wconf 88' lang='lat' dir='ltr'>proximis</span> <span class='ocrx_word' id='word_1_190' title='bbox 931 3415 997 3481; x_wconf 88' lang='lat' dir='ltr'>suis</span> <span class='ocrx_word' id='word_1_191' title='bbox 1014 3466 1021 3482; x_wconf 91' lang='lat'>.</span> <span class='ocrx_word' id='word_1_192' title='bbox 1038 3465 1045 3482; x_wconf 91' lang='lat'>.</span> <span class='ocrx_word' id='word_1_193' title='bbox 1061 3413 1188 3500; x_wconf 88' lang='lat' dir='ltr'>legatis.</span> <span class='ocrx_word' id='word_1_194' title='bbox 1203 3414 1246 3480; x_wconf 91' lang='lat' dir='ltr'>In</span> 
     </span>
     <span class='ocr_line' id='line_1_24' title="bbox 114 3511 1247 3609; baseline -0.002 -19"><span class='ocrx_word' id='word_1_195' title='bbox 114 3524 205 3590; x_wconf 87' lang='lat' dir='ltr'>ouius</span> <span class='ocrx_word' id='word_1_196' title='bbox 221 3523 270 3588; x_wconf 90' lang='lat' dir='ltr'>rei</span> <span class='ocrx_word' id='word_1_197' title='bbox 286 3511 472 3590; x_wconf 75' lang='lat' dir='ltr'>meritoriam</span> <span class='ocrx_word' id='word_1_198' title='bbox 487 3527 653 3609; x_wconf 89' lang='lat' dir='ltr'>presentes</span> <span class='ocrx_word' id='word_1_199' title='bbox 669 3528 781 3590; x_wconf 88' lang='lat' dir='ltr'>nostro</span> <span class='ocrx_word' id='word_1_200' title='bbox 801 3523 909 3606; x_wconf 82' lang='lat' dir='ltr'>sigillo</span> <span class='ocrx_word' id='word_1_201' title='bbox 926 3523 1146 3608; x_wconf 83' lang='lat' dir='ltr'>consignando</span> <span class='ocrx_word' id='word_1_202' title='bbox 1156 3522 1247 3590; x_wconf 87' lang='lat' dir='ltr'>duxi·</span> 
     </span>
     <span class='ocr_line' id='line_1_25' title="bbox 114 3631 1248 3718; baseline 0 -20"><span class='ocrx_word' id='word_1_203' title='bbox 114 3653 186 3698; x_wconf 91' lang='lat' dir='ltr'>mus</span> <span class='ocrx_word' id='word_1_204' title='bbox 219 3631 459 3716; x_wconf 87' lang='lat' dir='ltr'>concedendas,</span> <span class='ocrx_word' id='word_1_205' title='bbox 493 3631 621 3700; x_wconf 81' lang='lat' dir='ltr'>Jacobo</span> <span class='ocrx_word' id='word_1_206' title='bbox 646 3633 818 3718; x_wconf 87' lang='lat' dir='ltr'>preposito,</span> <span class='ocrx_word' id='word_1_207' title='bbox 850 3631 1020 3698; x_wconf 78' lang='lat' dir='ltr'>Thedaldo</span> <span class='ocrx_word' id='word_1_208' title='bbox 1052 3632 1184 3698; x_wconf 89' lang='lat' dir='ltr'>custode</span> <span class='ocrx_word' id='word_1_209' title='bbox 1215 3638 1248 3698; x_wconf 85' lang='lat' dir='ltr'>et</span> 
     </span>
    </p>
   </div>
   <div class='ocr_carea' id='block_1_9' title="bbox 111 3737 1247 4026">
    <p class='ocr_par' dir='ltr' id='par_1_9' title="bbox 111 3737 1247 4026">
     <span class='ocr_line' id='line_1_26' title="bbox 113 3737 1247 3825; baseline 0.001 -21"><span class='ocrx_word' id='word_1_210' title='bbox 113 3737 252 3806; x_wconf 88' lang='lat' dir='ltr'>Nicolao</span> <span class='ocrx_word' id='word_1_211' title='bbox 268 3741 396 3807; x_wconf 90' lang='lat' dir='ltr'>notario</span> <span class='ocrx_word' id='word_1_212' title='bbox 413 3740 632 3808; x_wconf 82' lang='lat' dir='ltr'>existentibus.</span> <span class='ocrx_word' id='word_1_213' title='bbox 648 3741 775 3807; x_wconf 86' lang='lat' dir='ltr'>Datum</span> <span class='ocrx_word' id='word_1_214' title='bbox 791 3738 873 3806; x_wconf 82' lang='lat' dir='ltr'>seria</span> <span class='ocrx_word' id='word_1_215' title='bbox 888 3742 990 3806; x_wconf 89' lang='lat' dir='ltr'>tercia</span> <span class='ocrx_word' id='word_1_216' title='bbox 1005 3741 1154 3825; x_wconf 87' lang='lat' dir='ltr'>proxima</span> <span class='ocrx_word' id='word_1_217' title='bbox 1173 3745 1247 3825; x_wconf 89' lang='lat' dir='ltr'>post</span> 
     </span>
     <span class='ocr_line' id='line_1_27' title="bbox 113 3847 1247 3935; baseline 0 -21"><span class='ocrx_word' id='word_1_218' title='bbox 113 3848 235 3915; x_wconf 82' lang='lat' dir='ltr'>festum</span> <span class='ocrx_word' id='word_1_219' title='bbox 260 3851 479 3935; x_wconf 83' lang='lat' dir='ltr'>apostolorum</span> <span class='ocrx_word' id='word_1_220' title='bbox 505 3847 599 3917; x_wconf 88' lang='lat' dir='ltr'>Petri</span> <span class='ocrx_word' id='word_1_221' title='bbox 624 3855 658 3916; x_wconf 91' lang='lat' dir='ltr'>et</span> <span class='ocrx_word' id='word_1_222' title='bbox 681 3849 779 3916; x_wconf 88' lang='lat' dir='ltr'>Pauli</span> <span class='ocrx_word' id='word_1_223' title='bbox 805 3849 983 3934; x_wconf 86' lang='lat' dir='ltr'>beatorum,</span> <span class='ocrx_word' id='word_1_224' title='bbox 1009 3871 1094 3916; x_wconf 90' lang='lat' dir='ltr'>anno</span> <span class='ocrx_word' id='word_1_225' title='bbox 1125 3847 1247 3916; x_wconf 89' lang='lat' dir='ltr'>domini</span> 
     </span>
     <span class='ocr_line' id='line_1_28' title="bbox 111 3955 866 4026; baseline 0.005 -4"><span class='ocrx_word' id='word_1_226' title='bbox 111 3955 292 4025; x_wconf 87' lang='lat' dir='ltr'>Millesimo</span> <span class='ocrx_word' id='word_1_227' title='bbox 303 3959 529 4025; x_wconf 88' lang='lat' dir='ltr'>trecentesimo</span> <span class='ocrx_word' id='word_1_228' title='bbox 540 3959 702 4025; x_wconf 88' lang='lat' dir='ltr'>tricesimo</span> <span class='ocrx_word' id='word_1_229' title='bbox 714 3955 866 4026; x_wconf 86' lang='lat' dir='ltr'>secundo.</span> 
     </span>
    </p>
   </div>
   <div class='ocr_carea' id='block_1_10' title="bbox 113 4119 1248 4279">
    <p class='ocr_par' dir='ltr' id='par_1_10' title="bbox 113 4119 1248 4279">
     <span class='ocr_line' id='line_1_29' title="bbox 222 4119 1248 4189; baseline -0.002 -17"><span class='ocrx_word' id='word_1_230' title='bbox 222 4121 314 4174; x_wconf 79' lang='lat' dir='ltr'>Feher</span> <span class='ocrx_word' id='word_1_231' title='bbox 328 4123 356 4173; x_wconf 77' lang='lat' dir='ltr'>ts</span> <span class='ocrx_word' id='word_1_232' title='bbox 369 4123 511 4174; x_wconf 75' lang='lat' dir='ltr'>lile-satuit</span> <span class='ocrx_word' id='word_1_233' title='bbox 525 4123 628 4188; x_wconf 81' lang='lat' dir='ltr'>selyem</span> <span class='ocrx_word' id='word_1_234' title='bbox 650 4123 780 4175; x_wconf 81' lang='lat' dir='ltr'>zsindron</span> <span class='ocrx_word' id='word_1_235' title='bbox 792 4123 879 4189; x_wconf 76' lang='lat' dir='ltr'>fiiggb</span> <span class='ocrx_word' id='word_1_236' title='bbox 892 4119 1046 4188; x_wconf 78' lang='lat' dir='ltr'>pecsettel;</span> <span class='ocrx_word' id='word_1_237' title='bbox 1060 4119 1190 4186; x_wconf 86' lang='lat' dir='ltr'>eredettje</span> <span class='ocrx_word' id='word_1_238' title='bbox 1216 4131 1248 4170; x_wconf 82' lang='lat' dir='ltr'>aa</span> 
     </span>
     <span class='ocr_line' id='line_1_30' title="bbox 113 4211 1248 4279; baseline -0.004 -14"><span class='ocrx_word' id='word_1_239' title='bbox 113 4224 185 4265; x_wconf 82' lang='lat' dir='ltr'>orez.</span> <span class='ocrx_word' id='word_1_240' title='bbox 210 4211 267 4260; x_wconf 70' lang='lat' dir='ltr'>lter</span> <span class='ocrx_word' id='word_1_241' title='bbox 290 4211 390 4263; x_wconf 87' lang='lat' dir='ltr'>kinost.</span> <span class='ocrx_word' id='word_1_242' title='bbox 405 4215 561 4264; x_wconf 86' lang='lat' dir='ltr'>oszt.Mon.</span> <span class='ocrx_word' id='word_1_243' title='bbox 584 4213 647 4264; x_wconf 86' lang='lat' dir='ltr'>Pos.</span> <span class='ocrx_word' id='word_1_244' title='bbox 676 4218 716 4264; x_wconf 80' lang='grc'>17.</span> <span class='ocrx_word' id='word_1_245' title='bbox 738 4219 762 4266; x_wconf 73' lang='lat'>2.</span> <span class='ocrx_word' id='word_1_246' title='bbox 777 4215 843 4279; x_wconf 87' lang='lat' dir='ltr'>dipl.</span> <span class='ocrx_word' id='word_1_247' title='bbox 857 4213 928 4264; x_wconf 79' lang='lat' dir='ltr'>ltar:</span> <span class='ocrx_word' id='word_1_248' title='bbox 954 4215 1031 4264; x_wconf 78' lang='lat'>3450.</span> <span class='ocrx_word' id='word_1_249' title='bbox 1056 4211 1248 4277; x_wconf 78' lang='lat' dir='ltr'>Kduli:ngy</span> 
     </span>
    </p>
   </div>
   <div class='ocr_carea' id='block_1_11' title="bbox 112 4298 215 4364">
    <p class='ocr_par' dir='ltr' id='par_1_11' title="bbox 112 4298 215 4364">
     <span class='ocr_line' id='line_1_31' title="bbox 112 4298 215 4364; baseline -0.01 -15"><span class='ocrx_word' id='word_1_250' title='bbox 112 4298 215 4364; x_wconf 69' lang='lat' dir='ltr'>cyna.</span> 
     </span>
    </p>
   </div>
   <div class='ocr_carea' id='block_1_12' title="bbox 49 4839 624 4896">
    <p class='ocr_par' dir='ltr' id='par_1_12' title="bbox 49 4839 624 4896">
     <span class='ocr_line' id='line_1_32' title="bbox 49 4839 624 4896; baseline 0 -8"><span class='ocrx_word' id='word_1_251' title='bbox 49 4891 52 4896; x_wconf 73' lang='grc'>,</span> <span class='ocrx_word' id='word_1_252' title='bbox 159 4852 318 4889; x_wconf 75' lang='lat' dir='ltr'>nxaouxonr</span> <span class='ocrx_word' id='word_1_253' title='bbox 335 4839 499 4888; x_wconf 71' lang='lat' dir='ltr'>oxsrtsrrtu</span> <span class='ocrx_word' id='word_1_254' title='bbox 516 4851 545 4888; x_wconf 89' lang='lat'>11.</span> <span class='ocrx_word' id='word_1_255' title='bbox 564 4842 624 4888; x_wconf 68' lang='lat' dir='ltr'>xor.</span> 
     </span>
    </p>
   </div>
   <div class='ocr_carea' id='block_1_13' title="bbox 0 0 1585 5472">
    <p class='ocr_par' dir='ltr' id='par_1_13' title="bbox 0 0 1585 5472">
     <span class='ocr_line' id='line_1_33' title="bbox 0 0 1585 5472; baseline 0 0"><span class='ocrx_word' id='word_1_256' title='bbox 0 0 1585 5472; x_wconf 95' lang='lat' dir='ltr'> </span> 
     </span>
    </p>
   </div>
  </div>
 </body>
</html>
