3240 5460
339 440 379 499 76
691 449 878 498 anoouuour
895 437 1112 497 ouuturrtu.

337 615 416 684 ordo
433 616 512 681 imis
528 614 675 698 requirit,
692 613 870 679 feceramus
887 611 1043 693 detineri;
1060 613 1116 696 qui
1133 611 1264 696 quidem
1280 611 1418 678 Leonoh
1435 617 1474 677 ct

337 723 461 790 Paulus
485 721 604 807 prefati
630 723 664 786 in
694 725 746 787 tot
776 727 810 786 et
839 721 941 787 tantis
967 719 1197 788 offensionibus
1222 721 1263 788 de
1288 743 1389 788 manu
1413 742 1477 786 no-

337 830 436 918 stra(
438 882 538 898 .....
539 829 553 917 )
570 835 722 916 poterant
745 831 895 914 liberarer
920 830 1051 895 tandem
1082 829 1291 897 condolentes
1321 833 1475 915 ipsorum

334 941 553 1025 negligendis,
578 941 611 1004 in
636 945 760 1023 septem
785 939 902 1004 marcis
927 937 1055 1003 eosdem
1076 938 1226 1004 duximus
1241 937 1474 1020 relaxandum,

334 1073 416 1134 quas
427 1055 551 1133 septem
560 1069 687 1113 marcas
703 1047 826 1112 solvere
841 1045 1055 1112 facultasnon
1066 1047 1262 1131 suppetebat
1278 1045 1475 1128 eorundem,

332 1180 412 1224 nam
429 1177 535 1222 comes
552 1155 698 1221 Mathias
715 1153 754 1220 de
772 1151 928 1220 Olirenth
946 1154 989 1220 ad
1004 1155 1200 1238 peticionem
1216 1160 1250 1220 et
1265 1155 1471 1221 instanciam

332 1267 476 1350 ipsorum
501 1263 754 1330 misericorditer
781 1285 879 1347 agens
906 1285 978 1328 cum
1004 1262 1132 1346 eisdem,
1156 1263 1323 1348 predictas
1340 1267 1471 1348 septem

333 1395 460 1438 marcas
483 1394 543 1456 pro
567 1373 644 1457 ipsis
669 1372 803 1438 Leonoh
820 1377 853 1437 et
868 1371 974 1438 Paulo
990 1373 1083 1436 nobis
1098 1372 1262 1456 persolvit,
1279 1371 1409 1437 eosdem
1426 1371 1474 1436 de

333 1503 433 1547 manu
457 1489 569 1547 nostra
593 1481 762 1546 liberando
787 1482 822 1546 in
837 1481 922 1546 huno
939 1480 1070 1546 modum
1098 1480 1186 1564 quod
1201 1479 1474 1564 ‘quandocunque

333 1612 486 1675 processu
502 1595 682 1673 temporum
699 1595 891 1673 prenotatus
908 1609 1014 1653 comes
1031 1585 1177 1652 Mathias
1194 1588 1324 1654 easdem
1340 1593 1474 1671 septem

333 1719 460 1763 mareas
478 1719 498 1762 a
516 1696 670 1780 predictis
689 1695 824 1761 Leonoh
844 1701 877 1760 et
895 1693 1001 1760 Paulo
1021 1695 1178 1761 rehabere
1194 1695 1334 1761 voluerit
1350 1701 1475 1761 extunc

334 1806 431 1871 iidem
457 1805 591 1870 Leonoh
616 1811 649 1868 et
674 1803 799 1868 Paulus
823 1804 927 1870 eidem
944 1805 1053 1868 comiti
1070 1803 1198 1870 Mathis
1214 1804 1352 1868 reddere
1368 1809 1403 1868 et
1419 1825 1474 1867 re-

334 1914 469 1980 fundere
487 1917 675 1977 tenerentur
691 1912 860 1976 occasione
877 1904 1024 1994 qualibet
1040 1931 1103 1974 non
1119 1911 1279 1976 obstante.
1298 1911 1425 1976 Datum
1435 1912 1475 1976 in

334 2019 522 2086 Gereucher
547 2018 628 2084 soris
656 2016 786 2104 (tercia)
810 2025 884 2103 post
910 2018 994 2084 diem
1011 2023 1225 2103 prenotatam,
1242 2040 1328 2084 anno
1346 2018 1470 2084 domiui

334 2127 388 2192 Μ0
404 2126 504 2194 0000
520 2126 612 2191 XX⁰
628 2127 736 2192 tercio.

443 2291 594 2354 Hetlapjan
614 2291 706 2354 pecset
720 2291 896 2354 uyomaival;
917 2289 1048 2352 credetije
1061 2303 1092 2338 az
1112 2303 1181 2338 orez.
1202 2290 1257 2338 ltrir
1269 2290 1369 2340 kincst
1397 2295 1462 2340 oszt

339 2380 371 2429 N.
385 2381 460 2431 ΒΛ.
482 2386 558 2430 1671.
577 2381 695 2444 17.dipl.
710 2383 740 2430 lt.
762 2385 840 2430 2167.
860 2381 957 2430 Kozli:
978 2379 1079 2429 Vincze
1101 2378 1202 2430 Gribor.

873 2671 924 2731 69.

338 2837 430 2896 1323.
457 2834 579 2917 Kepos,
603 2836 679 2916 jou.
711 2834 758 2896 ll.
799 2833 1038 2918 Unpcu'rruugpse
1065 2832 1200 2914 tspop'e
1226 2835 1258 2895 e's
1285 2832 1469 2898 birotdrsci

335 2941 406 3006 eloti
424 2939 565 3007 carsae
580 2941 643 3006 Jo't
659 2941 726 3024 fici
737 2965 746 3004 :
758 2941 922 3004 Demoleos·
939 2941 972 3002 e's
990 2939 1122 3019 strictos,
1140 2941 1190 3002 esi
1198 2940 1365 3023 joroikou
1382 2965 1465 3026 mep-

812 3049 991 3112 osztozoclr.

441 3204 513 3273 Nos
537 3208 693 3292 magister
717 3207 800 3274 Eleo
825 3229 931 3273 comes
957 3209 995 3274 de
1012 3207 1089 3290 Vng
1115 3215 1148 3274 et
1178 3215 1321 3293 quatuor
1345 3209 1469 3276 iudices

334 3317 490 3382 nobilium
507 3317 546 3381 de
572 3317 684 3381 eodem
710 3317 823 3382 damus
849 3339 908 3401 pro
925 3319 1089 3400 memoria,
1116 3319 1202 3400 quod
1226 3321 1383 3402 magister
1398 3319 1467 3385 Do·

334 3427 470 3491 minicus
490 3447 529 3490 ex
545 3447 612 3490 una
637 3431 742 3509 parte,
770 3425 811 3490 ab
828 3426 932 3490 altero
957 3447 1031 3491 vero
1047 3426 1202 3507 magister
1226 3425 1393 3510 Nicotaus,
1410 3427 1469 3492 filii

334 3535 483 3616 magistri
507 3533 596 3617 Johi,
621 3535 836 3618 personaliter
861 3555 969 3600 coram
995 3535 1088 3598 nobis
1115 3535 1297 3618 constituti,
1314 3537 1372 3620 qui
1396 3537 1469 3602 vivs

333 3663 410 3707 voce
426 3642 578 3708 dixerunt
593 3644 679 3708 inter
706 3665 738 3707 se
754 3643 875 3708 habere
901 3645 1000 3708 talem
1018 3643 1216 3724 divisionem,
1234 3643 1322 3726 quod
1337 3645 1371 3709 in
1389 3645 1468 3710 rilla

335 3747 482 3814 Ohecber
506 3751 660 3834 magister
680 3751 870 3816 Dominicus
895 3751 939 3816 ad
955 3752 1120 3835 propriam
1137 3751 1262 3815 curiam
1278 3773 1370 3816 suam
1387 3753 1468 3820 duas

334 3859 440 3923 curias
456 3881 475 3922 a
490 3865 584 3942 parte
609 3859 803 3925 occidentali
828 3861 959 3944 recepit,
985 3859 1027 3922 ad
1044 3865 1110 3923 tres
1126 3879 1201 3924 vero
1219 3859 1343 3924 scilicet
1360 3863 1467 3926 curias

333 3971 511 4032 retrortum
528 3963 610 4052 (igy)
635 3973 740 4031 terras
764 3989 879 4033 novem
903 3967 1017 4051 iugera
1033 3968 1230 4050 assignavit3
1251 3969 1356 4032 eciam
1373 3975 1466 4034 extra

333 4075 445 4142 villam
460 4096 480 4140 a
495 4080 589 4160 parte
614 4075 765 4140 orientali
789 4077 945 4160 incipiens
971 4077 1104 4141 ecclesie
1120 4077 1224 4141 sancti
1251 4073 1387 4158 Georgii
1405 4099 1466 4161 que

333 4183 457 4249 fructus
473 4185 601 4270 carrufa
627 4181 710 4269 (igy)
736 4189 829 4267 sunt;
855 4190 959 4249 terras
984 4189 1111 4249 aratras
1134 4185 1293 4268 receperit
1308 4186 1465 4268 magister

333 4289 533 4372 Dominicis,
550 4313 612 4374 que
628 4313 739 4356 versus
764 4293 929 4357 meridiem
954 4292 1060 4357 tendit
1085 4314 1186 4376 usque
1203 4291 1339 4357 fluvium
1354 4291 1466 4361 Vsuch

332 4406 457 4482 vocata,
468 4395 549 4484 (igy)
561 4405 593 4462 et
603 4399 678 4463 inde
690 4397 793 4462 tendit
803 4420 913 4464 versus
924 4401 1102 4466 australem
1113 4421 1209 4484 snper
1219 4402 1303 4465 viam
1315 4421 1466 4484 magnam

334 4527 436 4591 usque
452 4505 577 4571 fructus
603 4507 751 4590 superius
777 4507 961 4590 nominata3
979 4509 1080 4573 eciam
1097 4509 1186 4574 ultra
1201 4505 1335 4573 fluvium
1350 4507 1466 4577 Vsuch

335 4637 398 4700 que
418 4621 506 4681 terra
532 4619 643 4680 aratra
668 4620 744 4681 sunt
769 4617 889 4702 recepit
918 4637 990 4682 curn
1007 4617 1100 4700 erbis,
1127 4640 1207 4702 qrras
1226 4615 1391 4684 lalcantur
1406 4639 1464 4702 pro
