3130 5470
592 433 686 495 1329.
703 450 773 496 sus.
792 435 820 497 2,
1202 438 1266 501 411

128 610 227 676 uicus
244 631 304 676 suo
321 616 355 676 et
371 609 514 676 eiusdem
539 610 666 675 Ivanlra
682 609 793 677 fratris
810 613 860 679 sui
886 614 954 678 vice
971 617 1004 679 et
1022 616 1151 680 nomine
1168 637 1269 700 quau·

129 717 212 784 dam
229 723 353 784 terram
369 740 426 784 seu
441 719 674 802 possessionem
690 735 781 786 suam
806 719 926 804 Durug
950 725 1099 788 vocatam
1123 723 1157 788 in
1174 725 1271 790 comi-

129 833 211 902 tatu
227 826 254 893 J
256 827 397 894 amiensi
423 828 615 894 existentem
639 847 698 910 per·
721 827 837 893 Lanoh
862 826 966 894 filium
991 829 1089 896 Pauli
1106 832 1271 916 quondam

128 937 279 1004 nobilem
297 936 336 1000 de
353 935 455 1003 Gewd
470 935 597 1020 prefato
614 935 639 1002 J
641 937 761 1002 olranni
786 939 874 1022 patri
899 959 958 1004 suo
984 938 1096 1004 datam
1122 946 1155 1007 et
1171 940 1270 1006 dona·

130 1052 205 1114 tam
222 1098 230 1112 .
248 1097 256 1110 .
273 1046 313 1110 de
329 1066 487 1110 consensu
504 1095 510 1110 .
526 1095 533 1110 .
550 1046 728 1110 vicinorum
754 1051 786 1110 et
811 1053 1107 1116 commetancorum
1138 1049 1265 1136 prefate

131 1162 226 1237 torre
242 1153 362 1238 Durug
377 1159 477 1237 prout
492 1152 679 1221 referebant
695 1203 702 1219 .
719 1203 726 1219 .
743 1155 889 1220 vendidit
906 1205 913 1221 .
930 1206 937 1222 .
955 1157 1058 1224 sidem
1075 1160 1185 1225 comiti
1200 1157 1268 1223 De-

132 1263 271 1348 ohylino
288 1313 296 1328 .
313 1315 319 1328 .
336 1285 395 1347 pro
412 1262 517 1328 tribus
532 1263 651 1329 marcis
667 1265 894 1330 viennensibus
903 1287 962 1349 pro
979 1271 1124 1352 tempore
1142 1289 1270 1333 curren-

134 1369 229 1438 tibus
245 1371 280 1434 in
297 1370 323 1437 J
323 1371 437 1436 aurine
464 1370 567 1435 eidem
583 1371 679 1456 plene
703 1373 879 1454 persolutis
903 1381 1063 1459 perpetuo
1088 1375 1221 1460 pacifice
1239 1427 1245 1442 .
1264 1427 1270 1442 .

134 1478 370 1562 possidendam
387 1529 393 1544 .
411 1529 417 1542 .
435 1499 498 1562 que
514 1476 644 1560 quidem
660 1485 749 1546 terra
759 1481 981 1547 circumdatur
997 1489 1029 1547 et
1045 1485 1271 1568 vallatrnpos-

133 1588 336 1653 sessionibus
367 1609 581 1671 personarum
612 1587 747 1653 inferius
788 1591 1028 1656 nominatarum
1068 1591 1220 1658 videlicet
1252 1615 1273 1658 a

134 1697 240 1782 plaga
273 1696 406 1761 orientis
437 1697 503 1761 alia
533 1697 693 1779 possessio
718 1696 838 1781 Durug
862 1705 978 1764 vocata
1003 1699 1131 1766 domine
1162 1701 1273 1784 regine

138 1811 276 1888 separat
302 1811 334 1869 et
360 1805 517 1888 distingit‚
542 1827 562 1869 a
587 1809 683 1889 parte
709 1807 914 1872 meridionali
938 1807 1148 1892 iobagionum
1174 1811 1273 1876 castri

139 1913 381 1998 Musuniensis‚
397 1936 417 1978 a
432 1913 531 1997 plaga
546 1934 622 1978 vero
648 1913 825 1980 occidentis
850 1917 1009 1999 possessio
1019 1915 1153 1999 abbatis
1170 1918 1274 1984 sancti

136 2022 282 2088 Martini
299 2022 338 2088 de
355 2043 446 2086 sacro
462 2027 571 2086 monte
587 2019 756 2088 Pannonie
772 2024 930 2108 distingit
942 2025 983 2091 ab
1000 2025 1154 2109 aquilone
1164 2032 1274 2092 autem

136 2139 276 2218 separat
293 2139 325 2198 et
341 2132 491 2214 distingit
505 2133 664 2216 possessio
680 2131 765 2198 Peer
780 2139 970 2218 nuncupata
995 2133 1117 2199 domini
1134 2135 1276 2218 episcopi

136 2240 162 2306 J
164 2241 331 2306 auriensis
348 2247 381 2304 et
396 2241 443 2305 sic
458 2240 759 2325 inclusiveprefata
775 2246 864 2305 terra
888 2240 1010 2324 Durug
1026 2243 1205 2326 peripsum
1222 2265 1274 2308 co·

137 2352 255 2416 mitem
287 2349 506 2434 Deohylibum
531 2356 678 2416 remanet
702 2349 905 2433 possidenda,
939 2349 982 2415 ad
1006 2342 1138 2416 maioris
1171 2352 1273 2417 eciam

136 2458 271 2527 cautela
287 2459 463 2524 remedium
479 2459 606 2525 litteras
622 2464 750 2524 nostras
766 2459 982 2544 privilegiales
999 2459 1077 2525 olim
1093 2480 1190 2544 super
1201 2461 1272 2542 ipsa

137 2575 232 2634 terra
258 2567 422 2632 consectas
448 2567 631 2651 sepedictus
655 2566 849 2633 Dominieus
874 2568 978 2633 nostri
1002 2569 1037 2631 in
1053 2567 1224 2652 presencia
1240 2568 1275 2632 iu

140 2697 261 2741 manus
291 2676 393 2760 ipsius
419 2676 546 2742 comitis
571 2675 747 2761 Deohylini
772 2677 951 2760 assignavit
976 2726 1007 2740 ..
1033 2675 1159 2742 Datum
1190 2675 1273 2741 soria

138 2790 265 2870 quarta
281 2785 430 2868 proxima
445 2790 519 2867 post
546 2782 742 2850 dominicam
759 2782 910 2868 Caritate,
937 2805 1023 2850 anno
1048 2783 1181 2848 Domini
1198 2783 1275 2848 Mil·

136 2895 255 2971 lesimo
272 2894 497 2958 trecentesimo
513 2893 663 2958 vicesimo
688 2913 783 2976 nono,
806 2893 972 2976 magistris
991 2891 1123 2958 Mathia
1138 2892 1271 2975 lectore,

42 3019 49 3045 ’·
140 2999 290 3084 Georgio
328 3006 472 3084 cantore,
507 2999 533 3064 J
534 2999 635 3065 acobo
661 2998 813 3082 custode,
840 2999 1020 3083 ceterisque
1050 2999 1207 3064 fratribus
1240 3005 1274 3065 et

138 3109 283 3174 dominis
299 3107 433 3173 ecclesie
449 3113 560 3173 nostre
576 3105 796 3174 existentibus

253 3273 409 3324 Piros-zold
419 3273 522 3337 selyem
533 3274 662 3338 saalagon
673 3273 759 3338 fiiggd
769 3273 887 3338 hianyos
899 3273 1032 3338 peccettel
1041 3288 1053 3323 s
1063 3273 1134 3324 foldl
1148 3287 1276 3340 cyrogra-

139 3364 308 3429 phummal3
334 3362 468 3428 eredetijo
490 3379 507 3414 a
530 3363 936 3428 pannonh.foapatsag1tban.
959 3363 1047 3428 Capsa
1070 3369 1093 3414 9.
1117 3365 1152 3414 Η.
1175 3363 1274 3415 Kozli:

140 3453 307 3506 Stachovics
321 3452 430 3518 Remig.

632 3619 792 3630 ——untn——u

674 3855 746 3917 358.

142 4019 241 4080 1329.
249 4018 328 4100 juo.
345 4022 374 4082 2.
393 4015 422 4080 A
439 4017 513 4102 stipi
529 4027 659 4082 converit
676 4017 750 4082 elb'tt
766 3992 958 4102 dbrubdmfl
967 4017 1124 4101 Potorfio
1140 4013 1275 4082 Andrus

139 4125 401 4190 uaokatestoc'rc‘t
417 4124 566 4210 Samugpi
581 4123 730 4190 Aodrciat
754 4126 864 4212 Epepb
888 4137 970 4191 nevit
988 4126 1076 4190 Hout
1091 4127 1277 4211 adruteppei

341 4233 497 4298 birtolobo'l
513 4234 589 4298 eald
604 4233 800 4319 illetb'sripc‘re
817 4238 910 4300 oe'zoe
926 4235 1081 4320 kielcpttt.

254 4411 327 4479 Nos
337 4410 523 4498 Stephanus
538 4413 722 4498 prepositus
739 4419 772 4479 et
798 4417 973 4480 conventus
997 4413 1137 4480 fratrum
1153 4413 1276 4480 ordinis

144 4522 453 4606 premonstratensis
469 4522 659 4587 monasterii
673 4521 770 4588 beate
779 4519 926 4606 Virginis
943 4521 984 4587 de
1001 4519 1113 4606 Saagh
1129 4572 1136 4587 .
1153 4572 1160 4586 .
1178 4522 1276 4605 signi-

144 4630 284 4697 ficamus
316 4629 482 4711 universis,
515 4629 602 4715 quod
633 4626 786 4696 Andreas
811 4631 898 4697 filius
933 4631 1026 4697 Petri
1058 4629 1119 4696 filii
1148 4627 1277 4701 Abram
