3130 5470
588 483 682 545 1329.
699 499 771 545 aru.
791 482 841 545 10.
1214 489 1277 550 395

140 665 176 726 et
208 661 279 727 sine
310 660 428 728 herede
455 660 683 727 decedentium
709 683 847 747 quorum
871 663 1025 728 memoria
1053 685 1117 729 non
1135 670 1227 732 extat
1247 673 1280 732 et

145 771 253 838 eciam
284 791 344 855 per
373 771 476 853 ipsum
518 769 663 835 indebite
694 776 852 855 occupata
886 775 918 836 et
953 769 1086 838 detenta
1110 772 1216 840 fuerat
1247 781 1280 844 et

145 879 190 946 ob
221 879 285 945 hoc
316 880 466 945 similiter
491 899 530 944 ex
545 883 683 964 utraque
709 902 803 946 eausa
819 881 974 965 pretactis
999 881 1041 946 ad
1066 884 1188 969 regiam
1213 887 1278 952 col-

141 989 306 1054 lacionem
322 988 497 1071 pertinere,
527 988 607 1052 item
632 988 786 1072 quasdam
812 989 891 1054 alias
916 991 1134 1072 possessiones
1158 991 1280 1061 domini

143 1098 233 1182 regis
249 1093 402 1162 videlicet
416 1095 513 1160 sza
529 1095 608 1160 item
624 1093 733 1161 Nuzal
759 1097 840 1161 item
864 1097 957 1163 Laalr
982 1103 1113 1165 vocatas
1128 1101 1162 1166 in
1179 1105 1276 1169 comi·

145 1211 222 1272 tatu
250 1205 290 1271 de
305 1205 447 1272 Doboka
464 1205 639 1270 existentes
654 1205 733 1270 item
748 1206 980 1290 possessionem
1005 1205 1209 1275 Budateleke
1224 1234 1277 1278 vo·

141 1321 254 1380 catam
280 1315 314 1380 in
346 1313 505 1380 comitatu
536 1312 576 1378 de
602 1310 680 1380 Olus
706 1315 897 1380 existentem
922 1335 985 1398 que
1009 1319 1276 1400 possessiones..

94 1407 97 1415 ¹
140 1423 240 1509 (alias
264 1419 411 1508 fuerumt)
432 1420 547 1486 Elleus
573 1425 606 1486 et
630 1421 748 1506 Moyus
774 1421 915 1488 filiorum
940 1422 1059 1509 Moyus
1084 1426 1278 1494 hereditarie

141 1539 255 1597 tamen
269 1536 404 1614 propter
429 1529 603 1612 obprobria
621 1527 823 1596 infidelitatis
855 1537 888 1596 et
919 1531 1089 1598 sedicionis
1119 1534 1153 1598 in
1184 1557 1280 1619 quam

140 1640 245 1705 iidem
277 1637 337 1703 filii
367 1637 484 1722 Moyus
501 1638 594 1721 quasi
612 1644 726 1704 contra
750 1640 916 1706 stimulum
949 1642 1148 1708 calcitrando
1175 1644 1280 1710 eidem

143 1747 279 1814 domino
310 1747 381 1830 regi
404 1767 461 1811 suo
478 1745 608 1810 domino
634 1747 778 1811 naturali
811 1768 845 1812 se
870 1755 1091 1832 opposuerunt
1108 1752 1190 1816 etin
1215 1754 1280 1818 suis

143 1853 407 1940 opposicionibus
423 1858 456 1918 et
471 1851 656 1919 infidelibus
672 1854 874 1938 processibus
904 1857 989 1920 male
1006 1858 1172 1941 perierunt
1189 1864 1222 1924 et
1239 1859 1280 1925 de

145 1963 255 2028 medio
280 1962 476 2026 interierunt
492 1966 525 2026 et
539 1961 661 2026 residui
677 1965 799 2047 posteri
830 1967 975 2048 ipsorum
999 1967 1033 2031 in
1066 1968 1198 2033 exilium
1214 1971 1280 2036 aeti

145 2072 281 2138 luerunt
298 2075 330 2138 et
345 2069 432 2136 bona
447 2071 591 2153 ipsorum
617 2091 656 2135 ac
686 2073 902 2154 possessiones
932 2080 1000 2139 tam
1016 2075 1081 2140 ista
1098 2097 1196 2159 quam
1212 2078 1277 2142 alia

146 2179 377 2246 liniversaliter
393 2179 535 2244 extitunt
551 2177 627 2243 fisco
644 2179 733 2263 regio
750 2181 915 2266 applicata
931 2188 964 2248 et
981 2182 1143 2267 deuolute,
1176 2190 1208 2250 et
1235 2185 1276 2252 oh

144 2291 207 2356 hoc
231 2288 376 2372 predicte
401 2288 620 2371 possessiones
645 2293 811 2373 tamquam
836 2288 1016 2356 infidelium
1047 2297 1080 2356 et
1113 2291 1278 2360 hominum

146 2398 448 2483 pestilenoiosorum
465 2397 520 2480 qui
536 2401 573 2461 ut
589 2395 629 2460 de
639 2397 712 2462 aliis
728 2404 863 2482 propter
872 2399 1094 2482 prolixitatem
1113 2405 1275 2468 taceamus

147 2509 270 2573 crimen
301 2508 367 2571 lese
399 2506 580 2572 maiestatis
612 2507 813 2572 committere
848 2529 912 2573 non
938 2513 1014 2573 sunt
1044 2509 1156 2592 veriti,
1182 2531 1279 2592 quam

147 2617 271 2684 obrem
287 2613 432 2699 predicte
457 2615 673 2698 possessiones
691 2615 734 2680 ad
750 2637 863 2682 manus
888 2617 993 2702 regias
1010 2621 1044 2682 et
1068 2638 1160 2684 suam
1178 2619 1276 2684 colla·

148 2725 273 2791 cionem
290 2723 431 2789 extitunt
448 2721 598 2788 deuolute
616 2772 622 2787 .
639 2773 645 2788 .
661 2724 741 2789 item
757 2725 918 2808 quandam
933 2725 1168 2810 possessionem
1184 2749 1276 2794 suam

147 2831 346 2900 Gulateleke
361 2837 509 2897 vocatam
525 2833 560 2896 in
576 2832 742 2898 vicinitate
758 2832 934 2900 Zeekakna
960 2833 1164 2900 adiacentem
1179 2835 1213 2900 in
1225 2857 1276 2902 co-

147 2945 265 3010 mitatu
282 2942 321 3007 de
337 2941 478 3008 Doboka
502 2943 692 3008 existentem
709 2943 874 3010 cuiusdam
898 2943 1015 3010 nobilis
1041 2945 1171 3010 nomine
1189 2942 1278 3011 Gula
1377 2963 1381 2974 ’

146 3053 376 3119 hereditariam
401 3052 541 3135 quisine
557 3051 676 3117 herede
701 3051 839 3118 decessit
866 3056 899 3118 et
924 3052 965 3118 ob
990 3053 1052 3118 hoc
1068 3053 1109 3118 ad
1126 3053 1277 3119 collacio-

147 3184 221 3228 nem
236 3160 359 3227 domini
373 3161 460 3242 regis
474 3160 558 3224 iuste
574 3158 760 3225 devolutam
777 3181 849 3226 eum
865 3161 961 3226 terris
977 3160 1156 3226 arabilibus
1173 3163 1276 3246 pratis

149 3269 334 3336 nemoribus
365 3267 454 3333 silvis
485 3271 517 3333 et
547 3268 701 3350 piscinis.
719 3319 725 3333 .
743 3269 962 3352 predictarum
987 3270 1276 3353 possessionum..

148 3377 229 3444 nihil
246 3376 309 3442 sibi
339 3373 391 3440 vel
406 3377 471 3440 suis
487 3376 627 3459 posteris
652 3375 889 3460 heredibusque
905 3377 985 3442 iuris
1016 3377 1056 3441 de
1081 3377 1202 3442 eisdem
1228 3397 1277 3441 re-

148 3484 305 3551 servando
323 3505 515 3568 quocunque
532 3483 630 3550 titulo
640 3484 691 3548 vel
702 3505 742 3549 ex
752 3505 943 3568 quacunque
960 3505 1059 3550 causa
1074 3485 1136 3550 hoc
1152 3490 1201 3550 est
1211 3486 1277 3550 sive

148 3600 283 3680 propter
313 3593 476 3658 notoriam
492 3591 717 3658 infidelitatem
734 3595 800 3658 sive
815 3597 950 3678 propter
976 3591 1137 3657 defectum
1154 3614 1277 3659 sueces-

147 3704 246 3770 sionis
270 3702 425 3767 heredum
450 3701 595 3786 predicte
627 3701 845 3784 possessiones
870 3702 1017 3766 universe
1043 3699 1085 3764 ad
1111 3699 1276 3766 dominum

148 3831 257 3896 regem
274 3811 390 3876 eteius
407 3810 618 3876 collacionem
633 3809 771 3874 fuissent
788 3809 936 3875 deuolute
968 3808 1027 3874 sub
1044 3807 1165 3872 eisdem
1180 3809 1275 3874 metis

150 3929 181 3986 et
199 3919 346 3985 terminis
361 3920 505 4002 antiquis
522 3917 639 4003 quibus
654 3939 712 4002 per
730 3918 880 4000 antiquos
911 3936 1113 4000 possessores
1144 3914 1275 3981 fuerant

149 4049 293 4113 possesse
310 4033 343 4092 et
359 4027 520 4092 innovatis
535 4027 629 4092 metis
640 4031 678 4092 ut
702 4024 836 4091 inferius
853 4023 1024 4108 apparebit
1038 4023 1107 4108 ipse
1128 4023 1276 4088 dominus

148 4159 204 4202 rex
221 4137 364 4202 dedisset
388 4133 576 4200 tradidisset
592 4139 625 4198 et
641 4134 832 4200 contulisset
857 4133 891 4197 in
907 4131 1129 4197 concambium
1154 4137 1188 4196 et
1203 4152 1274 4214 per-

148 4246 366 4311 mutacionem
396 4243 635 4326 possessionum
651 4241 942 4326 infrascriptarum,
959 4240 1155 4323 assignasset
1171 4237 1275 4304 eidem

148 4355 305 4436 magistro
332 4350 499 4435 Stephano
516 4349 632 4434 Pugon
659 4349 746 4415 dioto
764 4400 770 4414 .
788 4400 794 4414 .
812 4354 845 4414 et
869 4370 928 4434 per
952 4349 1058 4432 ipsum
1083 4348 1276 4432 magistrum

147 4460 263 4527 Lachh
279 4464 523 4545 procuratorem
539 4479 633 4523 suum
663 4457 849 4541 specialiter
865 4455 905 4521 ad
921 4457 983 4522 hoc
1006 4455 1168 4522 hominem
1184 4477 1278 4520 suum

149 4569 347 4634 destinatum
373 4589 480 4632 coram
496 4566 680 4631 testimonio
696 4569 808 4630 nostro
825 4563 976 4630 videlicet
1001 4565 1154 4647 magistro
1171 4562 1274 4629 Petro

148 4675 235 4744 dicto
252 4675 357 4742 Tatar
387 4677 474 4742 socio
506 4681 538 4740 et
570 4675 785 4741 concanonico
817 4676 925 4740 nostro
953 4671 1107 4757 quemad
1133 4671 1195 4737 hoc
1219 4693 1278 4756 per
