3240 5460
578 423 673 485 1323.
690 428 794 486 nitens
813 423 863 486 24.
1243 427 1283 508 75

150 601 264 685 Helta,
275 599 447 686 MycbaeIe
458 601 544 667 dicto
554 600 693 685 Molbot,
703 599 919 688 Heydenrico‚
928 599 1122 669 Hermanno
1134 603 1174 670 de
1186 603 1282 691 Sydo‚

149 709 297 794 Herone,
312 709 485 778 Salomone
502 715 535 776 et
550 709 725 776 Herbordo
742 711 914 776 comitibus
931 709 970 775 de
986 711 1094 778 insula
1109 720 1285 796 prenotata

150 825 183 883 et
199 817 353 903 Hennigo
370 820 477 885 villico
493 819 532 883 de
549 819 679 899 eadem3
694 819 728 883 in
745 819 835 884 cuius
851 819 899 884 rei
915 819 1137 885 testimonium
1152 842 1285 905 presen-

151 931 200 990 tes
216 932 329 992 nostro
346 927 453 1010 sigillo
470 927 619 992 duximus
636 925 871 1010 consignandas
888 927 1061 1011 sigilloque
1078 925 1282 1011 Oybiniensis

149 1033 262 1098 iudicii
287 1034 416 1100 easdem
440 1035 640 1102 roborantes.
665 1034 791 1100 Datum
815 1037 848 1100 in
873 1034 977 1101 Helta
992 1036 1027 1100 in
1043 1035 1186 1101 secunda
1201 1037 1283 1105 feria

150 1145 301 1227 proxima
310 1150 385 1229 post
400 1151 618 1230 pentecosten,
635 1166 719 1211 anno
737 1145 857 1210 domini
873 1144 928 1210 Μ0
938 1143 1039 1212 000⁰
1054 1143 1214 1213 XXIII⁰.

259 1307 315 1356 Ket
323 1307 409 1372 sugg&
418 1309 549 1372 pecsettel
560 1327 566 1374 3
577 1308 706 1373 eredetija
716 1324 749 1358 aa
762 1324 831 1360 orsz.
844 1311 876 1360 lt.
890 1309 988 1360 kinost.
1002 1312 1069 1359 oszt.
1088 1309 1159 1360 Acts
1173 1310 1282 1363 Transs.

152 1401 193 1447 12.
210 1401 251 1450 18.
264 1397 331 1461 dipl.
342 1399 373 1450 lt.
388 1403 466 1450 2165.
479 1398 559 1449 Kozlr'
570 1415 576 1448 ε
588 1399 690 1450 Vincas
703 1399 804 1450 Gdbor.

693 1709 743 1770 68.

151 1853 248 1915 1323.
265 1851 458 1930 Gereocsdr,
472 1855 580 1937 ma'jus
597 1853 648 1916 24.
665 1852 768 1918 ker-iil.
785 1853 908 1917 ,tructos
920 1855 1233 1942 pozsonpifb'iepdn
1249 1857 1282 1919 c's

149 1959 335 2024 birdtc'rsoi
344 1961 437 2041 (strat,
447 1961 556 2045 Nepoti
568 1960 799 2042 Antolcosfioo'
809 1961 915 2024 Kcacz
927 1984 1030 2026 comes
1041 1963 1122 2027 eldea
1132 1961 1282 2047 bizouyos

144 2091 314 2154 pnnoszos
330 2067 638 2154 s'c'ppbenbirsopbon
655 2072 913 2148 morosztatodn,
929 2069 1083 2154 belpottblc
1099 2093 1120 2134 a
1137 2069 1284 2154 btrsdpot

477 2175 647 2240 Olioriutbe‘
670 2176 902 2262 didtycisfizeti
923 2175 960 2240 lc.

257 2334 329 2402 Nos
345 2337 500 2419 magister
515 2333 673 2403 Nicolaus
690 2357 795 2402 comes
812 2333 1019 2402 Posoniensis
1037 2341 1069 2402 et
1086 2337 1208 2404 iudices
1226 2361 1281 2404 no·
1305 2333 1307 2338 ’

146 2444 265 2510 hilium
289 2445 330 2509 de
355 2444 467 2510 eodem
493 2443 722 2529 significamus,
739 2444 827 2528 quod
843 2445 878 2508 in
894 2446 1150 2528 congregacione
1167 2453 1281 2512 nostra

147 2555 295 2638 generali
309 2553 391 2618 feria
406 2555 510 2619 tercia
524 2559 599 2638 post
621 2553 706 2618 diem
722 2551 933 2618 Pentecosten
948 2554 983 2618 in
999 2554 1077 2618 villa
1093 2551 1282 2619 Gerencher

147 2665 181 2727 in
208 2662 366 2727 comitatu
392 2661 432 2726 de
457 2683 574 2744 magno
590 2661 781 2726 Posoniensi
809 2683 881 2726 cum
897 2661 1054 2726 universis
1070 2660 1232 2726 nobilibus
1249 2665 1282 2726 et

146 2769 351 2836 innobilibus
368 2767 674 2836 celebrataLeonch
691 2777 723 2835 et
738 2768 862 2835 Paulus
879 2768 938 2834 filii
954 2769 1117 2834 Antaleus
1133 2769 1173 2834 de
1189 2768 1282 2836 Neek

145 2901 208 2963 pro
234 2901 269 2944 so
285 2883 317 2943 et
332 2900 393 2962 pro
408 2878 510 2943 Finta
524 2877 628 2943 fratre
644 2879 790 2963 ipsorum
807 2883 921 2944 contra
938 2879 1087 2943 comitem
1102 2876 1216 2944 Kenez
1232 2901 1281 2944 as-

146 2991 320 3069 surgentes
346 3007 443 3070 super
467 2985 553 3052 facto
576 2985 721 3070 predicte
737 2986 948 3070 possessionis
964 2984 1058 3051 Neelr
1073 2992 1189 3052 vocata
1204 3008 1278 3070 pro·

144 3101 338 3178 posuerunt,
354 3094 565 3178 quodeadem
575 3095 735 3179 possessio
755 3099 788 3159 et
804 3099 892 3160 terra
908 3093 1003 3159 Neek
1019 3095 1140 3160 eisdem
1156 3095 1196 3160 de
1212 3095 1282 3160 iure

145 3204 307 3268 attineret
331 3203 469 3268 sednon
485 3203 565 3286 aliis,
583 3209 697 3269 contra
714 3224 794 3286 quos
809 3201 955 3287 prefatus
972 3223 1078 3270 comes
1094 3203 1208 3268 Kenen
1223 3204 1277 3270 lit·

144 3317 237 3376 teras
253 3311 474 3396 privilegiales
498 3311 632 3395 capituli
649 3310 782 3375 ecclesie
797 3307 1004 3376 Posoniensis
1021 3309 1169 3376 exhibuit
1185 3332 1282 3395 super·

144 3420 235 3486 facto
253 3419 396 3484 eiusdem
412 3420 624 3503 possessionis
645 3440 754 3484 coram
770 3418 862 3484 nobis
879 3425 912 3484 et
928 3419 1091 3485 nobilibus
1108 3420 1281 3486 antedictis

144 3529 353 3592 continentes
377 3526 465 3592 hunc
490 3531 643 3611 tenorem,
667 3527 754 3612 quod
769 3528 952 3612 prescripta
967 3529 1127 3612 possessio
1144 3533 1177 3593 et
1192 3535 1282 3595 terra

142 3636 240 3704 Neek
258 3635 362 3701 eidem
379 3637 489 3702 comiti
504 3635 618 3703 Kenez
634 3636 809 3720 empcionis
826 3637 923 3701 titulo
941 3637 1088 3702 extiterit
1112 3637 1281 3718 ‹devoluta;

142 3749 298 3829 preterea
323 3767 395 3810 cum
412 3765 472 3810 nos
497 3745 538 3810 ab
555 3745 675 3810 eisdem
690 3743 824 3830 Leonch
840 3749 874 3809 et
888 3743 993 3810 Paulo
1019 3745 1182 3811 racionem
1198 3745 1281 3828 peti-

141 3855 300 3919 vissemus
317 3853 476 3937 exhibere,
493 3853 612 3936 quibus
636 3852 853 3918 mediantibus
876 3854 1042 3937 predictus
1058 3853 1160 3918 Finta
1175 3853 1280 3920 freter

141 3964 292 4047 ipsorum
320 3963 566 4046 requisioionem
593 3983 684 4027 suam
719 3983 817 4046 quam
843 3963 877 4026 in
901 3961 1051 4045 predicta
1075 3963 1276 4046 possessione

141 4069 239 4136 Neek
265 4068 386 4134 habere
411 4067 632 4134 dinosceretur
656 4068 775 4134 eisdem
799 4070 995 4135 commiserit
1027 4069 1277 4153 exsequendam,

141 4179 270 4246 nullam
285 4178 320 4242 in
336 4177 514 4242 litterisvel
525 4176 598 4242 eliis
613 4178 776 4243 racionem
796 4183 973 4262 potuerunt
984 4178 1061 4243 dare
1078 4177 1276 4257 evidentem3

141 4289 245 4372 igitur
269 4285 442 4369 prescripti
460 4285 586 4350 nobiles
609 4285 642 4348 in
659 4285 807 4369 predicte
823 4285 1078 4369 congregacione
1094 4289 1208 4350 nostra
1224 4309 1279 4352 no-

140 4397 270 4462 biscum
287 4394 463 4458 existentes
472 4391 637 4478 predictos
652 4392 786 4459 Leonch
802 4399 835 4458 et
850 4391 991 4458 Paulum
1007 4391 1091 4457 filios
1106 4394 1280 4458 memorati

142 4502 312 4570 Antalcus
328 4501 363 4565 in
379 4500 460 4566 falso
476 4501 614 4566 termino
640 4507 673 4567 et
693 4502 865 4586 illegitimo
884 4502 1066 4585 perstitisse
1096 4503 1279 4584 nequiciose

141 4613 519 4696 decreveruntquospro
529 4611 673 4696 ipsorum
683 4609 952 4678 offensionibuset
963 4609 1170 4694 negligenciis
1180 4615 1279 4696 prout
