3130 5470
565 529 659 592 1329.
676 533 748 594 uisu
770 541 794 592 1.
1172 533 1236 594 403

109 705 198 770 nobis
216 705 358 772 fideliter
374 705 550 772 affirmavit
566 728 631 772 non
647 709 785 792 solvisse,
803 709 888 774 unde
913 731 972 774 nos
988 708 1111 774 iudices
1128 709 1240 774 decre-

110 816 210 880 vimus
247 817 354 900 ipsum
373 803 598 890 Laurencium
624 823 737 882 contra
768 820 962 901 magistrum
993 817 1182 882 Johannem
1205 809 1241 882 in

112 925 214 990 tribus
232 926 350 991 marcis
374 926 408 990 in
432 908 553 991 iudicio
579 927 791 1009 remansisse,
817 923 903 992 unde
928 925 1066 991 cundem
1090 925 1238 991 Lauren-

112 1034 191 1098 oium
221 1033 415 1100 destulimus
447 1034 534 1118 quod
565 1035 681 1101 sabato
714 1036 861 1119 proximo
893 1041 981 1120 posi»
998 1035 1239 1102 Penthecosion

113 1147 227 1207 contra
258 1131 396 1208 eiindem
422 1143 614 1226 magistrum
645 1141 671 1208 J
673 1143 834 1209 ohannem
859 1143 899 1208 dc
920 1145 1068 1210 omnibus
1084 1142 1240 1228 predictis

42 1235 49 1256 '
110 1249 204 1316 dehet
221 1271 257 1316 sa
274 1251 435 1336 expedire.
471 1249 597 1317 Datum
613 1253 647 1316 in
663 1251 777 1337 Koile,
793 1252 907 1319 sabato
924 1253 1072 1338 proximo
1090 1259 1166 1318 ante
1182 1253 1238 1318 do-

109 1360 257 1426 minicam
274 1359 583 1444 Ramispalmarum,
600 1383 685 1426 anno
702 1361 825 1426 domini
851 1359 905 1426 Μο
921 1343 1024 1427 0000
1040 1359 1132 1425 XX⁰
1148 1361 1237 1427 IX⁰.

213 1525 344 1573 Zariatan
358 1523 451 1587 penset
473 1525 649 1590 nyomaiva13
675 1523 831 1591 eredetijea
853 1525 886 1574 N.
900 1526 1093 1590 Muzeumban‚
1109 1527 1239 1590 aKdlloy
1322 1561 1325 1568 -

109 1629 140 1665 os.
151 1617 243 1664 liban.
256 1615 353 1665 Kozli:
368 1614 491 1679 Tagduyi
504 1617 538 1666 K.

596 1778 752 1789 --n—-o

635 2017 710 2078 352.

112 2178 204 2240 1329.
222 2177 301 2262 ciiij.
322 2179 349 2242 1.
366 2180 396 2241 A
408 2179 569 2265 pozconyi
584 2179 743 2265 kdptolon
762 2178 835 2244 eloti
853 2181 957 2245 Kosa
975 2202 1077 2243 conces
1103 2187 1234 2266 dzoepye

106 2286 211 2366 defini
228 2286 443 2371 Dudcdpach
458 2291 490 2352 ea
506 2287 605 2373 Amyn
620 2296 700 2352 occdi
719 2287 917 2354 birtokailcat
945 2287 1045 2352 Orros
1070 2288 1166 2352 Peter
1177 2311 1235 2374 po-

399 2397 512 2480 zsonpi
527 2397 743 2482 odroapynok
761 2397 941 2462 eleucadio.

210 2607 218 2622 .
237 2607 244 2622 .
261 2554 451 2642 Capitulum
468 2558 602 2623 ecclesis
626 2557 836 2624 Posoniensis
852 2609 859 2624 .
877 2608 883 2624 .
901 2557 943 2622 ad
959 2558 1183 2623 universorum
1199 2606 1206 2622 .
1220 2555 1231 2623 ’.

105 2665 256 2730 noticiam
273 2716 280 2731 .
298 2717 305 2732 .
321 2666 468 2732 volumus
479 2667 655 2752 pervenire,
680 2666 768 2749 quod
778 2665 968 2732 aecedentes
984 2666 1027 2732 ad
1042 2667 1147 2732 nostri
1162 2669 1234 2751 pre'-

107 2776 246 2840 sanciam
270 2775 488 2860 personaliter
513 2775 630 2840 nobilis
657 2775 789 2840 domina
823 2775 937 2841 relicta
964 2776 1090 2840 comitis
1113 2768 1230 2840 Kanai

104 2881 276 2968 Philippus
303 2889 336 2948 et
359 2883 478 2948 Petrus
504 2883 564 2948 filii
590 2883 734 2949 eiusdem
759 2883 885 2949 comitis
910 2881 1023 2948 Kenez
1054 2905 1093 2948 ao
1118 2882 1231 2949 Simon

105 3009 204 3071 gener
227 2992 328 3074 ipsius
353 2989 467 3056 Kenez
494 2990 536 3056 ab
562 3011 636 3072 una,
652 2996 746 3074 parte
770 2989 813 3055 ab
837 2992 943 3057 altera
973 3013 1049 3056 vero
1075 2991 1232 3073 magister

105 3097 223 3163 Petrus
239 3099 347 3166 dictus
363 3099 467 3168 Orrus
482 3101 678 3166 castellanus
694 3099 911 3184 Posoniensis‚
922 3100 1036 3168 eadem
1052 3102 1182 3166 domina
1193 3103 1232 3164 a'o

103 3203 276 3291 Philippus
292 3215 326 3273 et
341 3207 462 3274 Petrus
471 3207 531 3274 filii
541 3209 609 3275 eius
619 3230 745 3276 necnon
757 3209 878 3294 Symon
888 3231 986 3292 gener
1001 3211 1101 3294 ipsius
1117 3195 1231 3272 Kenen

104 3315 287 3381 antedictus
303 3367 310 3381 .
328 3367 335 3382 .
350 3317 539 3383 fatebantur
553 3319 587 3384 in
602 3317 688 3384 hunc
697 3317 837 3403 modum,
847 3319 936 3402 quod
945 3319 1007 3403 ipsi
1018 3340 1115 3384 causa
1124 3337 1232 3382 neces-

98 3424 208 3490 sitatis
232 3425 292 3492 sibi
301 3427 432 3493 racione
441 3427 606 3494 homicidii
615 3428 764 3512 magistri
773 3427 868 3493 Bude
885 3439 942 3510 per
958 3428 1063 3512 ipsum
1080 3427 1231 3492 comitem

98 3530 215 3596 Kencz
229 3536 411 3618 perpetrati
443 3535 626 3618 ingruentis
642 3537 858 3619 possessiones
884 3558 960 3602 suas
976 3532 1179 3618 Duduagzcg
1197 3527 1231 3597 et'

97 3637 1231 3732 AnyavocataaquamquidempossessionemDuduagzegvidensipse

99 3749 463 3818 comesKenezNioolai
473 3751 532 3818 filii
542 3751 663 3818 Jacobi
673 3751 771 3818 iuuisse
781 3753 921 3820 hominis
932 3753 1000 3818 sine
1010 3749 1128 3816 herede
1138 3741 1230 3814 dece»

97 3857 211 3925 dentis
221 3866 252 3924 et
262 3881 300 3926 ex
311 3882 349 3927 eo
359 3862 431 3926 iure
442 3883 582 3927 unacum
592 3862 665 3926 aliis
675 3861 928 3946 possessionibus
945 3859 1089 3950 eiusdem
1093 3857 1230 3924 Nicoiai

95 3965 139 4032 ad
157 3967 370 4034 collacionem
385 3971 510 4054 regiam
525 3970 728 4054 pertinentes
752 3971 885 4054 ipseque
911 3991 1016 4036 comes
1042 3951 1156 4034 Kenez
1172 3987 1229 4032 suo

96 4074 269 4143 fidelitatis
284 4079 421 4145 servicia
437 4080 525 4162 regie
542 4079 708 4144 maiestati
718 4079 864 4163 impensa
873 4101 1057 4164 proponens
1074 4077 1230 4142 etdecla-

93 4205 175 4249 rans
194 4183 254 4251 sibi
284 4185 357 4252 dari
382 4188 567 4272 postularat
592 4189 649 4271 qui
675 4186 807 4272 quidem
833 4187 982 4278 dominus
998 4185 1156 4273 gKarolus
1173 4206 1230 4250 rex

93 4291 272 4374 Hungarie
289 4296 496 4362 considerans
512 4295 667 4380 obsequia
683 4297 850 4362 meritoria
877 4289 1046 4362 fidelitatis
1060 4285 1162 4378 ipsius
1178 4315 1235 4376 co-¹

93 4401 191 4465 mitis
208 4398 319 4468 Kenez
335 4403 486 4470 videlicet
503 4426 541 4470 ea
557 4425 620 4488 que
635 4387 837 4488 ipse'comes
849 4403 967 4498 Kenez
983 4423 1122 4472 renuens
1137 4400 1230 4466 fami-

93 4510 278 4576 liaritatem
308 4507 439 4578 Mathei
469 4511 529 4578 filii
554 4511 648 4578 Petri
679 4512 719 4578 de
751 4511 915 4588 Trinchen
945 4513 1073 4598 ipsique
1100 4509 1230 4575 domino

93 4618 234 4684 Karolo
248 4623 315 4705 regi
332 4621 474 4689 fideliter
507 4623 666 4688 adherens
685 4623 848 4689 universas
865 4622 941 4688 su'as
965 4621 1181 4706 possessiones
1197 4623 1231 4683 et

93 4728 186 4794 bona
207 4725 247 4792 ob
263 4751 351 4814 spem
367 4733 449 4817 regii
474 4731 614 4798 nominis
639 4731 855 4798 devastandas
881 4737 914 4796 et
939 4727 1142 4812 dissipandas
1159 4723 1229 4830 perf

208 4845 213 4853 '
1059 4835 1121 4904 26*
