3154 5474
360 523 424 584 514
711 533 900 582 rumorosi
917 523 1134 582 osulsrrln.

888 919 964 984 442.

360 1083 456 1146 1330.
473 1103 543 1145 troo.
559 1085 590 1146 8.
615 1077 645 1144 Α
669 1082 764 1166 pesti-ri
787 1081 948 1168 kopmlaa
974 1080 1046 1145 elus
1072 1079 1226 1146 Decbils'n
1247 1079 1469 1166 pooooabol-mi

356 1197 505 1274 osirmcpy
524 1191 668 1254 szmrc‘u
693 1193 725 1254 e‘s
736 1191 849 1275 Doroy
858 1200 939 1256 neoti
951 1189 1106 1254 hil-robob
1116 1214 1137 1254 a
1148 1189 1376 1275 parrrrorrlulmi
1385 1192 1469 1274 april·

671 1299 737 1363 aab
753 1300 786 1364 la
818 1299 1009 1363 corruentmk
1026 1299 1183 1363 elur-obiti.

465 1457 653 1543 Capitulum
678 1457 861 1524 Jauriensis
887 1458 1020 1524 ecclesie
1037 1509 1068 1523 ..
1094 1458 1138 1524 ad
1162 1459 1376 1524 universorum
1397 1457 1472 1522 noli-

357 1569 439 1632 eiam
450 1618 474 1633 ..
497 1569 644 1634 volumus
660 1567 835 1652 pervenire,
852 1567 940 1652 quod
955 1567 1073 1632 nobilis
1088 1567 1137 1633 vir
1154 1587 1259 1634 comes
1284 1565 1466 1650 Deehyliuus

356 1677 549 1742 castellanus
566 1677 664 1743 castri
681 1678 784 1742 sancti
801 1673 939 1742 Martini
956 1675 996 1740 de
1015 1697 1109 1742 sacro
1133 1681 1243 1742 niente
1258 1674 1417 1741 Pannonio
1432 1672 1468 1737 ab

356 1805 421 1848 uua
450 1789 543 1870 parte
559 1835 591 1852 ..
617 1785 720 1850 irater
746 1784 893 1851 Joannes
909 1784 998 1869 prior
1024 1791 1198 1850 conventus
1218 1783 1356 1850 eiusdem
1371 1801 1469 1846 mona·

356 1894 446 1958 sterii
462 1893 550 1959 besti
569 1892 707 1959 Martini
720 1915 779 1978 pro
790 1943 815 1960 ..
832 1891 970 1960 Nicolao
981 1892 1097 1960 abbate
1108 1893 1185 1958 dicti
1195 1893 1377 1958 monasterii
1392 1889 1467 1955 beati

355 1999 492 2066 Martini
509 2023 548 2068 ex
564 2003 677 2088 altera,
694 2003 737 2069 ad
752 2007 896 2070 nostram
914 2003 1114 2087 presenciam
1131 2007 1337 2068 accesserunt
1360 2004 1390 2065 st
1403 2019 1466 2084 pre·

358 2107 464 2176 dictus
490 2131 595 2177 comes
625 2111 826 2196 Dechylinus
857 2111 1014 2194 quasdam
1046 2112 1264 2196 possessiones
1289 2108 1415 2176 Parnon
1439 2112 1467 2171 et

358 2217 476 2301 Durug
493 2219 671 2303 vulgariter
686 2225 890 2306 nuncupatas
906 2220 966 2286 sub
983 2220 1140 2287 comitatu
1155 2218 1181 2285 J
1182 2219 1325 2284 auriensi
1345 2217 1466 2283 existen-

355 2333 405 2391 tes
421 2347 440 2392 a
455 2327 481 2392 J
482 2327 609 2394 ohanne
624 2327 690 2394 filio
706 2328 879 2396 Michaelis
905 2330 984 2395 dicti
999 2327 1105 2414 Feyes
1121 2327 1160 2392 de
1175 2326 1376 2412 possessione
1390 2323 1468 2390 Rede

354 2433 526 2500 comitatus
551 2433 801 2522 Vespn'miensis
826 2441 859 2502 et
881 2435 1054 2504 Dominico
1079 2434 1146 2502 filio
1172 2433 1198 2500 J
1199 2435 1313 2502 oannis
1338 2433 1394 2500 lilii
1407 2432 1468 2498 Pri·

353 2561 425 2606 mus
449 2543 602 2609 emcionis
627 2543 723 2610 titulo
750 2549 952 2630 comparatas
977 2566 1051 2610 eum
1077 2543 1212 2610 ecclesis
1236 2541 1413 2627 parochiali
1440 2541 1468 2605 in

353 2649 477 2717 honore
492 2650 581 2718 beati
596 2651 739 2718 Emerici
763 2653 885 2738 inipso
909 2654 1111 2739 possessione
1136 2651 1270 2718 Paznan
1296 2655 1469 2718 constructa

303 2838 307 2846 ,
353 2759 468 2825 etaliis
480 2761 692 2828 utilitatibus.
709 2813 717 2828 .
732 2761 909 2829 vendidit..
926 2762 1052 2847 prelato
1069 2761 1199 2829 domino
1215 2759 1354 2828 Nicolao
1370 2761 1469 2828 abbati

353 2871 386 2931 et
402 2866 505 2932 eidem
528 2870 723 2936 monasterio
740 2871 844 2935 sancti
858 2868 996 2936 Martini
1012 2891 1072 2955 pro
1097 2875 1225 2937 centum
1242 2869 1362 2936 marcis
1386 2867 1470 2934 dene-

352 2973 474 3040 riorum
490 2976 631 3042 latorum
655 2977 873 3044 viennensium
890 2978 994 3044 eidem
1011 2978 1121 3044 comiti
1137 2976 1320 3063 Dechylino
1336 2977 1470 3062 plenarie

351 3083 524 3164 persolutis
540 3091 735 3170 perpetuo..
752 3084 964 3170 possidendas
981 3137 987 3152 .
1005 3137 1011 3152 .
1028 3085 1070 3152 ad
1086 3086 1218 3152 maioris
1234 3087 1336 3152 eciam
1352 3085 1470 3150 cautela

352 3191 528 3258 remedium
544 3193 724 3277 prelibatus
741 3214 848 3260 comes
858 3193 1057 3280 Deohylinus
1067 3194 1179 3260 literas
1190 3245 1216 3261 ..
1232 3193 1345 3262 Caroli
1360 3193 1472 3276 regis..

352 3304 384 3363 et
403 3305 529 3367 nostras
546 3302 662 3386 quibus
682 3287 898 3370 mediantibus
917 3301 1045 3369 easdem
1060 3301 1277 3387 possessiones
1293 3301 1473 3386 possederat

348 3407 382 3472 in
398 3430 512 3476 manus
529 3412 672 3478 eiusdem
687 3412 800 3479 fratris
817 3411 843 3479 J
843 3412 979 3478 ohannis
995 3411 1114 3496 prioris
1138 3412 1241 3477 nostri
1266 3413 1299 3476 in
1315 3411 1473 3496 presencia

348 3517 491 3584 restituit
508 3569 514 3583 .
532 3571 539 3584 .
555 3520 679 3586 Datum
695 3523 729 3585 in
745 3522 865 3586 octavis
876 3518 1030 3587 Omnium
1040 3519 1245 3602 Sanctorum,
1262 3541 1346 3586 anno
1357 3518 1473 3584 domini

348 3623 525 3694 Millesimo
549 3630 774 3695 trecentesimo
794 3630 971 3714 trigesimo,
996 3629 1160 3713 magistris
1184 3627 1323 3714 Mathya
1347 3628 1474 3706 lectore
1541 3665 1542 3668 =

348 3731 492 3818 Georgio
502 3741 643 3821 cantore,
654 3738 834 3822 ceterisque
850 3737 1007 3804 fratribus
1018 3743 1051 3803 et
1060 3735 1198 3803 dominis
1219 3735 1351 3802 ecclesie
1367 3741 1475 3802 nostro

348 3845 569 3914 existentibus.

455 4011 644 4062 Afeher-zbld
657 4013 760 4076 selyem
780 4013 909 4075 szolsgon
922 4011 1007 4075 fiiggb
1027 4009 1119 4076 penset
1144 4009 1295 4074 elveszett;
1314 4009 1381 4058 solut
1396 4021 1475 4073 cyro-

347 4104 484 4166 graphum
498 4103 586 4168 rajta3
607 4104 738 4170 credetije
757 4105 985 4169 apsnuonhalmi
997 4103 1143 4169 fbapstssg
1165 4105 1253 4154 luban.
1277 4101 1364 4165 (lapsa
1388 4105 1429 4151 12.
1443 4103 1475 4150 F.

347 4191 427 4242 Kozli
440 4209 445 4242 :
459 4192 620 4244 Staohovics
642 4193 749 4257 Remig.
