3130 5470
587 469 682 536 1329.
700 475 772 537 rus.
789 469 818 536 9.
1188 467 1253 533 413

115 649 301 718 molestare
318 673 360 717 an
376 651 510 718 turbare
526 651 628 735 aliqui
644 650 806 716 voluerint
830 655 948 716 extunc
963 650 1070 734 ipsum
1085 646 1257 714 Andream

116 759 232 826 filium
248 759 370 844 Sumug
397 767 431 826 et
455 760 557 846 ipsius
581 781 781 826 successores
805 759 946 845 propriis
970 756 1138 826 laboribus
1154 762 1188 822 et
1204 777 1257 820 ex·

117 871 234 954 pensis
268 875 434 935 teneretur
459 868 649 935 defensare.
667 918 673 933 .
691 867 834 933 dicentes
860 869 962 932 eciam
986 873 1096 950 partes
1125 863 1258 949 quodsi

119 977 423 1061 unumquemlibet
448 978 593 1062 ipsorum
608 974 791 1044 interficere
808 997 851 1041 an
867 975 1038 1042 vulnerare
1055 975 1260 1058 contingeret

124 1092 251 1152 extunc
268 1108 350 1152 unus
366 1087 510 1170 ipsorum
526 1085 576 1152 ius
592 1085 729 1150 alterius
745 1085 829 1150 sicut
853 1083 957 1150 frater
981 1083 1091 1150 fratris
1107 1083 1259 1168 prosequi

121 1201 297 1261 teneretur
312 1194 375 1260 hoc
390 1215 455 1260 non
470 1193 742 1277 pretermittendo
759 1193 846 1278 quod
861 1190 1015 1258 Andreas
1030 1190 1116 1258 filius
1133 1190 1259 1274 Sumug

120 1304 237 1388 ipsum
275 1300 445 1368 Andrean
469 1301 573 1368 filium
610 1301 704 1368 Petri
743 1308 777 1367 et
825 1323 900 1368 suos
940 1308 1088 1386 posteros
1126 1300 1259 1366 racione

125 1418 248 1496 quarte
263 1413 368 1496 partis
392 1411 548 1496 puellaris
574 1417 606 1476 et
630 1432 696 1476 non
720 1411 803 1476 alios
828 1409 971 1476 reddidit
1002 1409 1189 1496 expeditum
1204 1407 1261 1474 sed

128 1541 232 1604 super
248 1541 330 1604 qnos
345 1519 427 1586 alios
458 1520 626 1604 acquirere
651 1519 792 1586 voluerit
817 1525 968 1602 quartam
993 1518 1121 1586 domine
1146 1517 1261 1584 matris

127 1649 188 1694 sue
215 1629 354 1694 liberam
384 1626 520 1693 haberet
549 1627 741 1694 facultatem
775 1627 964 1711 acquirendi
980 1677 987 1693 .
1003 1677 1010 1692 .
1026 1626 1151 1692 Datum
1182 1625 1264 1693 seria

128 1741 228 1802 sexta
243 1737 392 1820 proxima
407 1741 481 1820 post
496 1735 617 1802 festum
648 1733 858 1803 Ascensionis
874 1734 1004 1821 domini,
1021 1755 1105 1802 anuo
1122 1732 1265 1800 eiusdem

129 1843 189 1910 Μο
205 1840 309 1912 0000
324 1841 417 1908 XX⁰
432 1865 526 1911 nono.

244 2009 270 2058 A
282 2006 342 2071 sagi
353 2008 625 2077 konventneksslato.
639 2008 712 2072 april
727 2007 913 2059 1c-ikanke1t
927 2007 954 2058 es
975 2006 1103 2058 >Leukas
1125 2005 1199 2058 filius
1211 2005 1268 2057 An·

131 2097 452 2162 dreeiobagicecclesie
477 2097 616 2162 chged«
643 2097 768 2149 keresere
794 2098 933 2149 kie1nc0tt
954 2097 1114 2160 atinatabbb
1138 2097 1269 2161 melynek

131 2186 267 2252 eredetiJ'e
276 2201 395 2252 megvan
407 2202 440 2237 az
453 2201 522 2238 orsz.
531 2187 691 2239 ltarlrincst.
706 2192 772 2239 oszt.
785 2188 819 2240 N.
832 2188 865 2240 R.
878 2187 911 2239 A.
927 2190 987 2238 688.
1003 2191 1045 2238 62.
1060 2187 1126 2252 dipl.
1140 2188 1172 2238 lt.
1187 2189 1268 2238 2543.

131 2277 238 2328 xczn:
251 2274 354 2328 Vincas
368 2277 470 2329 (tabor.

671 2681 745 2743 359.

139 2843 239 2906 1329.
263 2839 429 2926 Viseqra'cl,
438 2842 514 2926 jun.
539 2843 570 2906 9.
602 2841 630 2906 Ι.
656 2842 784 2928 Ka'rcly
808 2842 919 2929 lirdlp
943 2867 965 2908 a
988 2845 1082 2909 vdcai
1097 2843 1271 2930 bdptclant

138 2950 285 3030 tibaldi,
299 2951 382 3036 boqy
399 2951 539 3016 Marczel
555 2951 588 3013 c's
606 2952 722 3014 let-ecta
738 2951 910 3015 comeaelcet
934 2953 986 3016 lue't
1002 2954 1186 3039 baldazbely
1202 2953 1269 3018 btr-

141 3059 269 3139 tolcdda,
287 3057 427 3144 melybca
444 3058 629 3144 afdldcciri
643 3062 723 3141 aptit
746 3059 830 3124 altat
838 3061 1034 3146 jeptalanrtl
1059 3062 1273 3148 meqba'borit·

554 3167 669 3249 taitok,
682 3167 807 3232 iktassc
824 3168 866 3232 de.

253 3326 400 3393 Karalus
417 3377 425 3392 .
441 3377 448 3392 .
465 3343 545 3391 rex.
562 3376 569 3392 .
586 3325 729 3411 capitulo
765 3326 900 3392 ecclesie
925 3325 1133 3394 Wacbiensis
1150 3379 1157 3394 .
1173 3379 1180 3394 .
1198 3330 1275 3413 quia

143 3437 193 3500 vir
207 3435 378 3519 religiosus
395 3435 497 3500 abbas
514 3434 553 3500 de
569 3433 738 3500 Felduuar
763 3433 921 3519 quasdam
937 3435 1077 3518 piscinas
1093 3434 1275 3502 Holtkerus

148 3549 182 3608 et
198 3543 434 3608 dimidietatem
451 3565 535 3627 aque
551 3537 758 3608 De'rekkerus
774 3549 888 3608 vocate
904 3564 924 3608 a
940 3544 1057 3609 comite
1072 3543 1234 3610 Marcello
1245 3550 1278 3609 et

147 3649 315 3736 Stephano
332 3673 371 3716 ac
387 3651 460 3716 aliis
478 3653 633 3734 proximis
649 3651 715 3717 suis
741 3657 774 3716 et
790 3651 947 3716 fratribus
972 3651 1084 3717 ordine
1108 3653 1189 3717 iuris
1205 3674 1278 3738 pro-

147 3757 255 3824 bibuit
272 3765 305 3823 et
320 3759 408 3844 ipsos
423 3760 458 3826 in
490 3759 603 3825 eadem
618 3761 653 3825 in
676 3761 813 3825 instanti
839 3759 882 3825 ad
907 3755 1053 3826 nostram
1077 3762 1279 3844 presenciam

150 3868 262 3933 citavit
277 3873 310 3932 et
327 3867 369 3932 ad
399 3869 663 3952 prosecuciouem
680 3889 735 3934 sue
752 3869 920 3935 citacionis
936 3876 1046 3934 tamen
1062 3871 1194 3935 minime
1227 3893 1279 3934 ve-

148 3975 218 4040 nire
234 3976 363 4042 curavit
378 3983 513 4060 propter
530 3977 616 4061 quod
632 3983 747 4044 contra
776 3977 864 4061 ipsos
880 3976 1076 4042 Marcellum
1092 3985 1125 4043 et
1141 3977 1280 4062 Stepha-

151 4103 228 4148 num
243 4084 279 4148 in
296 4083 538 4165 gravaminibus
547 4085 741 4151 iudiciorum
757 4091 849 4151 actor
866 4084 1033 4151 existendo
1050 4092 1098 4152 est
1114 4087 1280 4152 convictus

151 4197 182 4256 et
197 4190 308 4257 adhuc
331 4190 418 4274 ipsas
443 4192 584 4275 piscinas
609 4193 726 4258 nititur
751 4193 915 4276 possidere
941 4194 1010 4258 sine
1033 4193 1112 4278 iure,
1128 4189 1281 4260 fidelitati

151 4305 255 4364 cestre
281 4299 477 4382 precipimus
502 4320 559 4384 per
584 4305 752 4384 presentes
778 4307 937 4384 quatenns
969 4307 1111 4366 vestrum
1142 4301 1281 4368 mittatis
1340 4292 1344 4302 ’

151 4405 314 4472 bominem
344 4407 499 4473 idoneum
528 4429 588 4491 pro
614 4408 800 4474 testimonio
834 4429 941 4474 coram
967 4430 1032 4492 quo
1058 4407 1177 4474 Petrus
1194 4408 1280 4474 filius
1374 4471 1379 4482 ,

152 4513 279 4581 Mathia
295 4515 347 4580 vel
364 4513 507 4581 Thomas
523 4513 610 4580 filius
626 4515 719 4581 Petri
736 4515 775 4580 de
791 4513 901 4602 Vylolr
917 4517 1021 4582 altero
1037 4515 1171 4582 absente
1187 4517 1282 4583 homo

153 4631 264 4690 noster
280 4624 417 4689 accedat
433 4625 476 4689 ad
492 4625 609 4690 faciem
625 4624 856 4710 predictarum,
867 4625 894 4689 si
909 4631 1008 4708 prout
1024 4625 1167 4708 ipsorum
1185 4625 1284 4692 fuisse

155 4731 390 4816 dignoscuntur
406 4734 583 4800 restituant
601 4737 799 4804 etstatuaut
814 4731 933 4798 eisdem
949 4731 1145 4798 Marcellino
1161 4737 1194 4796 et
1212 4730 1284 4802 ste-
