3172 5462
476 481 569 544 1323.
595 495 743 545 ocsoans
762 480 812 542 15.

620 771 672 834 84„

80 915 180 979 1323.
205 915 379 1002 Viseprcid,
396 926 453 980 oct.
476 915 526 980 15.
544 917 572 981 I.
589 917 715 1001 Kctroly
726 917 837 1003 kirtly
847 919 959 982 Mellae
971 917 1109 982 dirtokot
1120 917 1210 982 Bora

79 1023 477 1108 ciirmeppe‘dea,Hochiqji
487 1023 662 1110 Gyalciaak
681 1025 959 1111 odomdayozvcta,
975 1051 996 1090 a
1013 1025 1213 1091 beiktatdsra

252 1155 290 1195 cz
307 1134 495 1218 cszterpcmi
509 1133 701 1197 herceztcsek
720 1137 897 1219 coaventje't
914 1134 1052 1199 letholdi.

189 1271 338 1339 Karolus
354 1324 360 1339 .
377 1323 384 1340 .
401 1294 480 1339 rex.
496 1324 503 1340 .
519 1275 620 1359 priori
645 1280 679 1340 et
703 1276 877 1340 conventui
902 1275 1016 1341 domus
1040 1275 1213 1361 hospitalis

80 1381 187 1446 sancti
203 1382 290 1466 regis
306 1379 464 1467 Stephani
480 1382 519 1447 de
536 1381 702 1466 Strigonio
718 1432 725 1446 .
742 1432 748 1447 .
765 1384 928 1468 noveritis,
955 1384 1043 1468 quod
1058 1385 1214 1467 magister

81 1487 164 1556 Jula
180 1488 268 1555 filius
283 1490 437 1556 Hochlou
453 1489 558 1556 fidelis
585 1498 695 1558 noster
713 1492 875 1575 quandam
894 1493 1127 1577 possessionem
1142 1492 1213 1558 Ma-

80 1599 131 1662 lns
156 1605 314 1684 vocatam,
339 1601 373 1664 in
399 1621 464 1684 qua
489 1600 625 1666 ecclesia
650 1599 692 1666 ad
707 1599 864 1666 honorem
888 1599 983 1667 beate
1007 1601 1140 1685 virginis
1165 1607 1214 1667 est

81 1713 279 1792 constructa,
312 1709 346 1775 in
372 1710 529 1776 comitatu
553 1709 721 1775 Borsiensi
746 1709 946 1794 existentem,
971 1729 1117 1776 asserens
1142 1730 1213 1776 eam

81 1837 151 1882 esse
167 1817 307 1884 hominis
332 1819 400 1884 sine
425 1818 544 1884 herede
570 1818 754 1886 decedentis
779 1824 813 1884 et
829 1839 868 1883 ex
884 1840 922 1884 eo
937 1819 1007 1884 iure
1023 1824 1133 1884 nostre
1151 1819 1214 1884 col-

80 1925 201 1991 lacioni
228 1927 399 2010 pertinere,
423 1949 485 2012 pro
507 1927 572 1992 suis
595 1926 746 1993 fidelibus
766 1927 906 1994 serviciis
921 1947 941 1992 a
956 1927 1049 1992 nobis
1066 1927 1126 1992 sibi
1142 1925 1214 1992 dari

80 2039 112 2097 et
139 2033 279 2099 confern‘
311 2041 469 2119 perpetuo
503 2035 699 2118 postulavit;
717 2034 803 2100 unde
828 2035 906 2118 quia
936 2033 976 2099 de
1000 2035 1162 2118 qualitate
1180 2039 1214 2099 et

81 2142 267 2225 quantitate
291 2143 393 2226 ipsius
416 2143 627 2228 possessionis
651 2142 762 2208 Malus
789 2148 822 2207 et
846 2147 957 2207 utrum
980 2148 1091 2208 nostre
1116 2143 1213 2209 colla·

80 2249 165 2314 cioni
181 2250 345 2333 pertineat
361 2271 421 2316 nec
440 2271 489 2334 nc,
504 2251 598 2317 nobis
613 2251 734 2316 veritas
749 2271 815 2316 non
840 2253 975 2334 constat,
991 2249 1145 2316 fidelitati
1159 2273 1212 2316 ve-

80 2363 149 2422 stre
163 2359 380 2444 precipientes
396 2359 595 2444 mandamus,
622 2364 783 2444 quatenus
798 2363 941 2424 vestrum
956 2359 1096 2424 mittatis
1111 2359 1213 2424 homi-

80 2487 153 2530 nem
169 2466 323 2532 idoneum
339 2488 400 2552 pro
416 2468 610 2550 testimonio,
621 2489 731 2534 eoram
741 2489 805 2551 quo
821 2467 926 2532 Deera
942 2465 981 2531 de
997 2463 1103 2530 Arma
1117 2466 1214 2532 homo

80 2581 190 2640 noster
215 2577 399 2643 convocatis
424 2578 652 2644 commetaneis
678 2581 711 2641 et
735 2577 848 2642 vicinis
873 2577 974 2659 ipsius
998 2575 1209 2658 possessionis

82 2681 262 2749 reambnlet
279 2683 415 2748 candem
430 2705 488 2768 per
503 2705 595 2750 veras
611 2689 715 2750 metas
732 2689 765 2750 ct
781 2685 943 2767 antiquas,
960 2689 993 2748 et
1009 2687 1134 2748 statuat
1149 2682 1212 2766 ipsi

82 2791 192 2854 comiti
222 2787 305 2857 Jula
334 2797 490 2876 perpetuo
521 2791 773 2876 possidendam.
791 2842 797 2857 .
814 2791 939 2858 Datum
970 2791 1002 2856 in
1034 2788 1213 2874 Wisegrad

82 2897 219 2964 sabbato
244 2900 390 2982 proximo
414 2906 490 2984 post
515 2899 694 2984 quindenas
720 2899 795 2966 festi
820 2900 909 2966 beati
928 2898 1103 2965 Michaelis
1120 2897 1213 2964 arch-

83 3007 198 3090 angeli,
215 3029 300 3073 anno
324 3007 446 3074 domini
460 3007 514 3074 Μο
530 3005 631 3074 000ο
646 3007 739 3075 XX⁰
753 3009 837 3075 111⁰.

190 3153 230 3202 ΑΖ
243 3153 407 3218 esztergomi
418 3154 591 3205 keresztesek
604 3155 804 3220 conventjduek
821 3157 898 3204 1323.
912 3168 975 3204 nov.
994 3152 1073 3203 15-en
1097 3153 1157 3203 hclt
1174 3153 1215 3218 jc·

82 3243 241 3306 lentesebdl,
254 3244 329 3309 moly
339 3247 440 3296 omnint
450 3260 466 3295 a
477 3243 665 3297 fontnevezett
674 3246 777 3310 kirtlyi
790 3247 909 3296 ambesa
921 3247 1043 3295 convent
1053 3245 1161 3294 embere
1171 3242 1213 3306 je-

83 3333 239 3384 lenletebcn
253 3335 422 3398 »predictam
434 3339 535 3386 terram
546 3338 635 3387 Malus
648 3339 776 3386 vocatam
797 3337 847 3385 nbi
869 3334 983 3385 ecclesia
995 3335 1075 3384 beate
1097 3333 1215 3398 virginis

83 3423 169 3473 Maris
180 3428 220 3473 cst
232 3428 392 3475 consancta
404 3427 433 3475 in
446 3427 580 3476 comitatu
594 3426 733 3476 Borsiensi
756 3426 955 3476 reambulasset
974 3428 1003 3474 et
1014 3423 1155 3474 statuisset
1167 3437 1213 3473 co-

83 3513 147 3562 miti
158 3513 223 3564 Jnla
234 3515 401 3566 antedictos
421 3515 446 3564 A
460 3519 579 3568 convent
585 3513 731 3581 jelentdset
742 3515 846 3566 azutan
867 3514 954 3564 sitista
967 3514 994 3563 ds
1017 3529 1049 3564 az
1062 3513 1214 3577 adomtnyt

83 3605 287 3668 magestatetts
295 3607 317 3655 Ι.
328 3605 434 3672 Kdroly
447 3607 537 3671 kirtly
550 3611 625 3658 1323.
640 3607 697 3657 dec.
723 3607 802 3658 as-en
825 3606 883 3656 holt
893 3604 963 3670 jeles
983 3602 1066 3655 alahis
1077 3603 1214 3654 oklevelt-

83 3693 148 3757 ben,
159 3695 286 3760 melynek
296 3696 426 3764 credetijs
435 3712 468 3747 az
481 3713 550 3749 orsa.
563 3697 618 3748 lter
627 3697 729 3748 kinost.
743 3700 811 3748 oszt.
822 3697 855 3746 N.
865 3697 898 3747 a.
909 3695 957 3745 A]
966 3699 974 3744 l
983 3698 1005 3745 l.
1021 3697 1044 3746 6.
1059 3694 1125 3758 dipl.
1138 3693 1194 3746 aar
1208 3711 1213 3743 :

85 3787 163 3834 2185.
176 3784 272 3836 Kozli:
287 3786 390 3838 Vincas
402 3788 502 3840 aanor.

624 4059 676 4123 85.

86 4202 181 4267 1323.
197 4215 252 4268 oct.
268 4204 321 4268 27.
339 4201 369 4268 A
386 4205 606 4292 capy-odradi
615 4205 774 4292 kdptalon
791 4203 981 4290 diacopitjc,
997 4206 1079 4290 kopp
1096 4201 1215 4266 Kallas

86 4309 220 4395 Lenppel
228 4313 348 4393 Jonas,
358 4337 380 4378 a
397 4315 515 4379 Tamais
528 4314 663 4400 apoceaa'
672 4311 936 4399 ispdajodddpyc
948 4312 1044 4376 hoedo
1054 4311 1216 4375 allevatia

351 4422 566 4486 ceonkz'tcisdrt
581 4422 633 4486 he't
649 4421 779 4485 mdrkdt
795 4420 944 4503 lcflzctett.

191 4557 258 4628 Nos
274 4563 453 4648 capitulum
469 4563 603 4630 ecclesie
618 4562 829 4633 Varadiensis
840 4561 954 4627 damus
974 4583 1034 4646 pro
1050 4559 1214 4643 memoria,

83 4667 175 4755 qnod
189 4719 196 4736 .
210 4720 217 4736 .
232 4669 403 4738 Johannes
418 4669 506 4738 filius
530 4669 690 4757 Stephani
715 4669 774 4735 filii
798 4669 972 4737 Michaelis
1007 4667 1113 4735 dietus
1129 4667 1215 4732 Len-
