3154 5474
330 503 393 564 508
585 499 602 526 ⁹
679 523 866 572 suroosonr
891 512 1107 572 osuiurrin.

328 703 412 746 anno
430 682 551 748 domini
567 683 621 748 Μ0
637 681 738 752 0000
755 687 925 772 tricesimo,
957 692 1047 754 sexto
1079 687 1151 754 idus
1182 685 1323 772 Augusti,
1351 687 1431 772 regni

329 795 438 856 autem
454 793 557 857 nostri
573 793 721 860 similiter
737 796 916 878 tricesimo;
932 797 1171 864 venerabilibus
1186 847 1193 862 .
1210 848 1217 863 .
1233 793 1317 881 sat.*)

436 955 533 1020 Ptiggo
546 957 638 1022 penset
649 957 835 1010 toredekeivel
850 977 856 1024 ;
870 959 1000 1025 eredetije
1013 975 1045 1010 aa
1059 975 1128 1011 orsz.
1143 961 1198 1012 lter
1211 909 1305 1010 kinost.
1322 963 1377 1011 osai.
1402 957 1432 1007 n'.

329 1043 362 1094 R..
376 1043 409 1092 Δ.
425 1049 502 1098 1597.
518 1050 558 1096 27.
573 1047 640 1112 dipl.
654 1048 687 1098 lt.
701 1053 779 1100 2018.
794 1051 891 1102 Kozli:
906 1050 1007 1101 Vincze
1021 1049 1121 1101 (iabou.

814 1193 971 1204 ιη’-ι-

861 1433 936 1495 435.

333 1595 429 1658 1330.
446 1617 519 1679 cup.
536 1595 567 1657 9.
585 1593 648 1658 Pa't
665 1593 852 1680 orszcipbr'ro'
866 1595 1032 1680 Jorpaoize
1049 1605 1130 1662 suevit
1161 1596 1242 1659 knust
1258 1595 1367 1660 Kozoiri
1381 1594 1436 1657 Lu-

553 1703 630 1766 ko'os
647 1703 820 1788 happmdso'
835 1703 1004 1768 birrotaba
1020 1703 1237 1788 beiktottotjo.

439 1861 481 1928 In
497 1864 624 1929 comitis
655 1863 753 1930 Pauli
770 1860 901 1950 (iudicis
917 1866 1005 1929 curie
1022 1863 1123 1950 regis)
1149 1863 1259 1929 clausa
1282 1863 1383 1928 littera
1397 1859 1439 1945 (in

331 1971 511 2055 Visssgrad
527 1993 611 2038 nono
628 1971 679 2038 die
695 1978 881 2039 octavarum
896 1972 969 2039 festi
986 1971 1074 2038 beati
1083 1971 1109 2038 J
1110 1970 1204 2038 aoobi
1214 1971 1347 2056 apostoli
1365 1991 1439 2034 anuo

333 2079 455 2145 domini
466 2079 642 2146 Millesimo
659 2079 762 2149 000⁰
777 2082 939 2148 tricesimo
956 2079 1121 2167 emanata)
1138 2082 1225 2146 inter
1241 2085 1341 2145 cetera
1354 2075 1441 2142 habe·

332 2189 439 2272 batur,
456 2190 542 2274 quod
558 2211 631 2256 oum
645 2188 671 2256 J
673 2189 817 2274 urguche
835 2211 986 2257 comanus
1000 2190 1125 2256 Lucam
1150 2187 1255 2254 filium
1279 2186 1393 2253 Mathai
1408 2185 1442 2249 de

332 2296 446 2364 Kazar
461 2299 591 2363 racione
621 2297 858 2364 interfeocionis
882 2297 1047 2364 Leonardi
1072 2295 1133 2362 filii
1157 2298 1207 2362 sui
1234 2297 1268 2361 in
1290 2293 1440 2380 presencia

333 2405 434 2490 ipsius
450 2405 575 2471 comitis
591 2405 689 2472 Pauli
704 2408 739 2472 in
755 2427 885 2474 oausam
910 2406 1100 2472 attraxisset
1126 2411 1159 2470 et
1184 2409 1298 2470 contra
1321 2399 1443 2469 eundem

333 2513 459 2580 Lucam
474 2514 509 2579 id
525 2515 612 2599 quod
628 2517 696 2599 ipse
712 2521 864 2600 pretextu
880 2515 966 2582 dicte
981 2516 1095 2582 mortis
1112 2514 1215 2580 eidem
1226 2512 1252 2579 J
1253 2512 1386 2598 urguohe
1399 2512 1438 2574 vi·

335 2624 418 2708 giuti
435 2625 578 2709 quinque
594 2645 720 2690 marcas
736 2621 795 2690 sub
813 2623 1009 2708 obligamine
1025 2624 1059 2689 in
1085 2621 1206 2688 eisdem
1231 2642 1375 2706 expresso
1389 2617 1442 2683 sol-

336 2755 410 2798 vere
441 2733 642 2799 assumsisset
673 2739 705 2798 et
736 2732 797 2798 hoc
827 2731 1044 2798 mediantibus
1065 2727 1445 2816 vigorosis'instrumentis

334 2849 432 2926 prout
448 2842 481 2906 in
499 2841 619 2907 eisdem
636 2842 755 2908 litteris
772 2841 898 2926 plenius
915 2842 1101 2908 continetur
1127 2845 1242 2906 eontra
1257 2839 1359 2922 ipsum
1388 2835 1444 2902 Lu·

336 2972 408 3016 cam
425 2950 674 3034 comprobasset,
690 2951 822 3016 tandem
838 2949 924 3015 idem
939 2949 1033 3015 Luca
1048 2970 1107 3034 pro
1133 2949 1212 3032 ipsis
1238 2947 1351 3030 viginti
1366 2945 1446 3030 quin·

336 3081 399 3143 que
415 3060 532 3124 marcis
549 3059 713 3144 quandam
729 3061 963 3144 possessionem
988 3080 1080 3124 suam
1096 3057 1245 3140 Hagmas
1261 3061 1403 3121 vocatam
1417 3053 1444 3116 in

335 3168 503 3252 presencia
518 3169 618 3252 ipsius
635 3169 760 3234 comitis
776 3167 874 3234 Pauli
890 3169 951 3254 ipsi
968 3166 993 3232 J
994 3167 1139 3250 urguche
1156 3165 1234 3231 dare
1260 3163 1449 3230 assumsisset

335 3277 467 3360 ipseque
483 3296 589 3341 comes
606 3275 729 3342 Paulus
754 3277 856 3360 ipsam
881 3277 1114 3362 possessionem
1138 3273 1288 3358 Hagmas
1303 3273 1365 3358 ipsi
1380 3270 1448 3336 Jur-

341 3384 445 3468 guche
460 3405 518 3468 per
534 3386 658 3469 regium
685 3393 718 3452 et
742 3387 843 3471 ipsius
869 3393 1044 3454 conventus
1068 3383 1294 3450 waradiensis
1318 3381 1451 3448 homines

335 3493 431 3562 modo
449 3501 482 3560 et
498 3495 609 3560 ordine
625 3496 658 3560 in
675 3495 795 3562 eisdem
811 3497 930 3562 litteris
940 3495 1067 3580 plenius
1077 3492 1250 3559 declaratis
1266 3490 1450 3557 statuicom·

335 3604 482 3670 misisset

444 3768 980 3834 szepesitakaborszagbironak1377.
1003 3766 1104 3832 januar
1127 3766 1214 3816 asini
1236 3763 1455 3820 tttletleveleboi,

336 3859 465 3924 melynek
478 3859 610 3923 hartyars
623 3861 692 3909 trott
705 3858 835 3923 ersdetije
855 3873 974 3924 magron
987 3873 1019 3908 aa
1032 3872 1101 3908 orsa.
1121 3857 1175 3906 ltar
1191 3857 1289 3906 kinost.
1304 3857 1368 3903 oszt.
1381 3851 1414 3902 N.
1430 3852 1454 3901 a

336 3950 368 4001 A.
396 3955 456 4002 688.
472 3955 514 4004 69.
528 3951 594 4015 dipl.
608 3951 639 4002 lt.
654 3954 733 4001 2630.
746 3949 846 4000 Kozli:
859 3950 962 4000 Vinoze
975 3948 1078 3999 Gabor.

445 4111 474 4178 *)
487 4115 518 4165 Ia.
532 4115 646 4165 fontebb
660 4116 720 4164 406.
734 4129 770 4162 sn.
784 4129 808 4163 a.
822 4113 901 4162 nazal
914 4111 1113 4174 avsltozssssu,
1127 4110 1202 4173 lrogy
1225 4107 1311 4158 sanos
1323 4102 1456 4165 kiralynti

337 4205 540 4256 tirnokmester
553 4205 581 4254 es
596 4205 683 4256 Dozsti
697 4203 837 4266 kirtlyns'ii
851 4199 1010 4264 orszsgurro
1022 4215 1086 4250 nem
1099 4197 1281 4250 neveztetnek
1294 4209 1362 4258 meg,
1374 4192 1458 4242 Janos

338 4296 442 4348 maesti
456 4294 568 4348 bannak
582 4293 698 4346 nertnel
711 4292 794 4360 pedig
808 4308 825 4342 a
841 4291 930 4342 »filius
943 4289 1072 4355 Logretis
1087 4284 1247 4354 megjeliiles
1260 4283 1402 4338 elmarsdt.

825 4578 983 4596 'ww—*ffl-
