3130 5470
561 501 657 563 1329.
680 518 750 564 cor.
769 504 797 564 9.

647 896 721 962 385.

124 1061 225 1124 1329.
247 1060 421 1146 Visepru'd,
438 1071 494 1126 oet.
510 1063 540 1123 9.
559 1059 620 1124 Po'l
637 1059 823 1145 orszo'pbiro'
846 1085 867 1124 a
883 1059 996 1126 Borea
1020 1060 1253 1145 1111111919-

114 1167 175 1230 beu
194 1167 264 1232 le‘cb'
271 1167 492 1254 jobbu'ppolrat
509 1193 530 1232 c
540 1167 641 1253 pilisi
657 1169 806 1254 apdtoak
814 1170 898 1253 ja'ro‘
923 1167 1097 1234 csbbdrudo‘
1111 1169 1176 1232 11όί
1192 1171 1250 1232 ite'-

548 1276 653 1360 1111119
660 1276 829 1362 folmarii.
913 1329 916 1334 .

225 1433 296 1501 Nos
322 1457 428 1502 comes
453 1435 577 1501 Paulus
603 1435 700 1501 iudex
726 1437 815 1501 curie
832 1486 839 1500 .
856 1486 863 1500 .
880 1435 1097 1520 significamus
1113 1486 1120 1501 .
1138 1436 1249 1520 ‚quod

113 1563 190 1607 oum
206 1543 300 1610 iuxta
325 1543 559 1610 continenciam
574 1545 720 1628 priorum
746 1543 930 1609 litterarum
956 1549 1142 1611 nostrarum
1159 1566 1247 1612 oom-

112 1649 365 1733 posicionalium
389 1651 559 1736 religiosus
582 1653 632 1717 vir
658 1651 761 1717 irater
791 1651 897 1718 Heem
928 1652 1030 1718 abbas
1061 1652 1249 1718 Pilisiensis

113 1755 231 1824 contra
246 1761 436 1844 magistrum
452 1760 593 1826 Paulum
610 1761 852 1845 carpentarium
869 1760 989 1826 domini
1005 1763 1141 1846 regiain
1158 1767 1248 1827 oeta·

112 1867 164 1932 ris
179 1866 269 1932 beati
302 1866 422 1934 Jacobi
449 1869 610 1952 apostoli.
628 1871 867 1936 ‚instrumenta
892 1890 951 1934 sua
982 1891 1122 1954 quorum
1139 1871 1250 1954 vigore
1305 1850 1309 1868 ⁸

113 1975 310 2059 ebybrienes
326 1977 366 2042 de
382 1977 481 2042 vineis
497 1977 706 2060 iobagionum
721 1979 823 2062 ipsius
848 1979 996 2061 magistri
1012 1977 1111 2044 Pauli
1127 1979 1161 2044 in
1177 2000 1252 2064 pos-

114 2084 261 2148 sessione
277 2085 469 2150 monasterii
481 2086 530 2151 sui
546 2085 725 2152 Pilisiensis
757 2082 869 2150 Boron
893 2090 1009 2150 vocata
1035 2087 1250 2152 existentibus

114 2213 177 2274 pro
194 2192 309 2258 eodem
335 2194 463 2260 domino
480 2193 599 2260 abbate
616 2200 649 2260 et
665 2217 722 2260 suo
739 2195 937 2260 monasterio
964 2195 1049 2278 exigi
1076 2201 1252 2260 teneantur

115 2323 227 2367 coram
260 2303 354 2368 nobis
370 2303 521 2368 exhibere
539 2303 703 2368 debuisset
727 2303 936 2386 ipsorumque
962 2303 1251 2369 instrumentorum

115 2411 279 2478 exhibicio
295 2412 477 2479 volentibus
493 2412 642 2497 partibus
659 2463 666 2478 .
683 2463 689 2477 .
706 2411 749 2478 ad
780 2411 865 2476 diem
881 2411 1076 2478 Natiuitatis
1101 2411 1249 2496 Virginis

115 2519 260 2602 gloriose
274 2526 450 2606 prorogata
482 2522 641 2586 extitisset
669 2542 734 2604 quo
751 2521 889 2585 termino
915 2520 1106 2586 adveniente
1130 2521 1252 2586 Pernel

116 2626 268 2694 officialis
283 2630 383 2713 ipsius
399 2629 520 2695 domini
531 2629 660 2696 abbatis
669 2627 849 2694 Pilisiensis
860 2649 932 2694 oum
947 2628 1181 2712 procuratoriis
1197 2627 1252 2692 lit

117 2737 200 2802 teris
217 2734 359 2803 eiusdem
375 2759 434 2822 pro
450 2739 520 2822 ipso
537 2736 667 2803 domino
684 2735 803 2802 abbate
822 2733 960 2800 Nicolao
972 2735 1176 2819 carpentario
1187 2756 1247 2819 pro

118 2845 192 2930 ipso
224 2847 381 2930 magistro
413 2845 519 2912 Paulo
552 2845 757 2931 carpentario
774 2895 781 2909 .
798 2895 805 2910 .
821 2845 951 2910 astante
976 2849 1008 2909 et
1039 2844 1111 2929 ipsa
1126 2843 1247 2909 instru-

117 2957 231 3018 menta
247 2954 392 3020 exbiberi
423 2954 632 3039 postulante.
649 3003 656 3017 .
674 2952 838 3038 quoddam
862 2947 1067 3036 privilegium
1083 2949 1108 3016 J
1110 2951 1247 3016 ohannis

118 3061 199 3126 olim
215 3061 351 3146 palatini
368 3085 488 3128 annum
505 3083 560 3127 sue
577 3061 792 3126 emanacionis
809 3081 874 3125 nou
899 3059 1067 3125 continens
1083 3058 1176 3124 nobis
1193 3057 1248 3124 de-

118 3177 320 3238 monstrarat
335 3173 368 3237 in
385 3174 475 3238 cuius
491 3175 602 3238 tenore
620 3169 847 3236 continebatur
873 3168 960 3252 quod
976 3165 1113 3251 quilibet
1129 3167 1168 3232 (11
1185 3168 1252 3232 suis

117 3282 221 3346 vineis
237 3283 272 3346 in
287 3287 376 3346 terra
386 3280 465 3346 dicti
475 3279 663 3345 monasterii
679 3277 859 3355 Pilisiensis
877 3276 1089 3342 existentibus
1106 3275 1253 3359 chybrio·

119 3413 178 3457 nes
193 3391 261 3456 vini
277 3389 354 3456 dare
384 3394 580 3469 tenerentur,
607 3408 679 3453 oum
705 3393 814 3452 autem
838 3387 905 3450 viso
931 3391 964 3449 et
979 3383 1122 3470 perlecto
1139 3389 1253 3447 tenore

122 3501 203 3567 dieti
235 3499 395 3584 privilegii
410 3519 468 3583 per
483 3499 589 3580 ipsum
604 3495 778 3560 Nicolaum
795 3494 1035 3578 carpentarium
1059 3495 1253 3576 procurato-

119 3631 190 3675 rem
208 3609 308 3692 ipsius
325 3607 473 3691 magistri
482 3605 580 3671 Pauli
590 3603 786 3687 carpentarii
797 3601 917 3668 domini
933 3601 1020 3683 regis
1037 3599 1076 3666 (11
1092 3603 1253 3664 scutrum

123 3720 261 3803 deipsis
277 3717 378 3782 vineis
394 3717 427 3780 in
444 3714 533 3780 dicta
548 3713 747 3798 possessione
763 3709 876 3776 Boron
906 3714 1023 3774 vocata
1047 3706 1169 3771 habitis
1187 3706 1253 3770 ohi-

121 3829 255 3894 briones
270 3827 337 3891 vini
353 3847 411 3909 pro
429 3823 542 3889 eodem
557 3822 687 3887 domino
704 3819 824 3884 abbate
849 3823 882 3883 et
898 3839 954 3883 suo
980 3813 1176 3880 monasterio
1193 3813 1251 3878 ali-

121 3961 187 4022 quo
205 3943 352 4019 tempore
369 3933 474 3998 exacti
490 3931 612 3996 fuerint
623 3951 682 3994 nec
693 3950 741 4010 ne,
752 3926 845 3992 uobis
855 3925 926 3991 dari
941 3923 1163 4008 responsivam
1179 3919 1250 3984 dili-

121 4046 310 4131 gentissime
326 4041 589 4128 postulassemus,
605 4037 691 4102 idem
713 4035 871 4102 Nicolaus
887 4039 1079 4118 procurator
1096 4029 1174 4096 dieti
1190 4049 1255 4093 ma-

122 4155 219 4240 gistri
234 4151 334 4218 Pauli
366 4149 559 4235 carpentarii
591 4145 736 4232 prefatos
768 4142 958 4228 ohybriones
981 4141 1047 4206 vini
1063 4160 1122 4224 pro
1139 4135 1251 4202 eodem

123 4262 255 4330 domino
272 4259 393 4327 abbate
408 4257 575 4325 Pilisiensi
591 4261 623 4322 et
640 4276 699 4321 suo
725 4253 922 4318 monasterio
948 4250 988 4315 de
1012 4249 1255 4333 prememorata

123 4374 326 4458 possessione
343 4369 456 4437 Boron
480 4375 596 4433 vocata
626 4385 793 4448 nunquam
821 4365 953 4427 exactos
978 4357 1077 4424 luisse
1094 4355 1254 4437 allegerat

122 4485 274 4569 prefatus
290 4485 400 4546 autem
415 4477 537 4544 Pernel
554 4473 702 4542 officialis
728 4479 761 4538 et
786 4475 979 4556 procurator
1005 4464 1176 4531 memorati
1200 4463 1256 4529 do·

119 4594 200 4660 mini
216 4590 347 4656 abbatis
362 4590 449 4672 ipsos
466 4583 648 4651 cbibriones
674 4582 739 4646 vini
755 4579 795 4644 de
813 4579 901 4644 dicta
917 4575 1117 4659 possessione
1133 4569 1249 4636 Boron

121 4705 289 4772 nominata
306 4718 431 4781 semper
456 4717 516 4782 pro
533 4695 602 4778 ipso
620 4691 749 4758 domino
775 4687 893 4754 abbate
920 4691 953 4754 et
978 4705 1036 4750 suo
1053 4679 1252 4748 monasterio
