3130 5470
557 505 652 569 1329.
668 521 738 570 turs.
758 507 808 568 29.
1177 507 1242 568 415

107 675 242 741 cionem
257 676 517 746 fidelissimorum
535 685 743 750 serviciorum
774 705 906 750 suorum
933 684 994 750 sibi
1019 685 1158 750 collatas
1174 683 1243 747 fore

104 786 326 868 comprobans
342 791 512 873 proposuit
528 813 566 857 eo
583 792 696 877 modo,
722 793 811 876 quod
827 793 904 858 licet
919 814 1030 859 omnes
1054 791 1195 877 proximi
1211 797 1245 855 et

106 895 244 977 cognati
260 897 361 979 ipsius
377 897 549 966 Michaelis
565 898 623 964 filii
642 897 758 966 Oosme
775 901 1158 985 dictaspossessionarias
1169 919 1242 983 por·

108 1003 223 1068 ciones
240 1005 274 1069 in
291 1004 368 1071 Bew
385 1013 418 1072 et
433 1008 459 1074 J
460 1008 522 1074 aad
537 1010 642 1094 ipsum
653 1009 853 1077 Michaelem
869 1009 972 1074 filium
989 1009 1106 1076 Oosme
1123 1008 1247 1074 contin-

109 1117 228 1192 gentes
260 1113 324 1179 sibi
353 1115 486 1199 pacifioe
513 1124 546 1182 et
572 1119 680 1201 quiete
705 1119 799 1183 iuxta
823 1119 980 1203 premisse
1005 1116 1198 1183 donacionis
1214 1122 1248 1181 et

109 1219 237 1302 regalis
263 1222 449 1289 collacionis
482 1225 615 1291 titulum
649 1227 864 1309 relinquerint
894 1225 1107 1310 possidendas
1137 1230 1249 1290 tamen

112 1325 216 1391 iidem
242 1327 413 1398 Johannes
439 1329 560 1398 Petrus
586 1331 772 1417 Stephanus
799 1339 832 1398 et
857 1331 1015 1399 Nicolaus
1046 1331 1106 1398 filii
1138 1331 1249 1414 Treplr

111 1435 223 1518 ipsum
240 1437 282 1502 ab
295 1443 509 1523 occupacione
520 1441 1042 1526 earumdempossessionariarum
1058 1441 1249 1525 porcionem

114 1545 305 1610 niterentur
320 1549 501 1632 prohibere,
512 1551 609 1615 'ouius
625 1549 857 1634 prohibicionis
874 1551 956 1615 seire
972 1551 1070 1615 vellet
1086 1549 1250 1615 racionem

115 1651 157 1715 ab
175 1653 308 1739 eisdem,
325 1678 390 1740 quo
408 1657 518 1725 audito
534 1656 561 1722 J
562 1659 705 1724 ohannes
716 1658 756 1724 de
766 1657 863 1725 Acha
873 1664 906 1725 et
922 1657 1042 1724 Petrus
1058 1681 1117 1744 pro
1129 1656 1250 1723 eisdem

116 1759 276 1827 Johaune
300 1763 402 1831 Petro
428 1765 595 1850 Stephano
612 1773 646 1832 et
661 1767 801 1834 Nicolao
817 1765 893 1834 filiis
921 1767 1032 1852 Treplr
1047 1787 1120 1832 cum
1136 1785 1251 1850 procu·

117 1871 253 1935 rateriis
269 1871 388 1938 litteris
404 1875 570 1959 regalibus
587 1879 620 1939 et
635 1874 715 1940 dicti
732 1880 909 1940 conuentus
925 1873 1126 1959 Simigiensis
1143 1895 1251 1938 exsur-

117 1977 230 2059 gendo
261 1978 406 2062 prefatas
437 1984 708 2066 possessionarias
738 1985 908 2068 porciones
938 1985 972 2049 in
996 1982 1252 2067 possessionibus

117 2085 199 2150 Bew
226 2093 260 2152 et
284 2087 373 2154 Jaad
397 2092 520 2158 vocatis
545 2097 760 2158 memoratum
783 2091 981 2158 Michaelem
1005 2090 1109 2157 filium
1135 2089 1250 2156 Oosme

118 2194 200 2258 olim
217 2197 442 2281 contingentes
458 2199 579 2265 eisdem
594 2199 670 2264 filiis
686 2199 797 2285 Trepk
822 2201 952 2267 racione
968 2202 1052 2266 linee
1068 2200 1251 2285 generacio-

119 2303 170 2368 nis
188 2305 330 2371 attinere
347 2313 380 2372 et
394 2331 455 2392 pro
472 2329 509 2375 eo
525 2309 630 2394 ipsam
659 2309 914 2392 prohibicionem
939 2331 998 2394 per
1023 2309 1152 2375 eosdem
1167 2307 1253 2373 filios

120 2409 236 2496 Trepk
251 2415 286 2478 in
301 2415 387 2483 facto
404 2418 591 2483 earumdem
606 2419 934 2502 possessionariarum
944 2421 1135 2505 porcionem
1145 2417 1252 2483 facere

120 2525 207 2590 velle
224 2527 420 2613 allegarunt,
446 2551 519 2596 cum
543 2535 654 2595 autem
679 2529 808 2596 eosdem
835 2528 1024 2595 Johannem
1056 2533 1089 2594 ct
1113 2526 1252 2592 Petrum

119 2643 353 2720 procuratores
370 2637 532 2704 dictorum
547 2637 689 2703 filiorum
715 2635 825 2721 Trepk
841 2636 881 2704 de
897 2659 934 2702 eo
951 2643 1062 2702 utrum
1078 2636 1164 2700 dicte
1181 2655 1254 2718 pos·

121 2745 316 2811 sessionarie
331 2749 499 2832 porciones
515 2748 615 2831 ipsius
647 2745 819 2812 Michaelis
835 2745 894 2811 filii
911 2747 1026 2814 Oosme
1043 2767 1063 2809 a
1078 2744 1252 2829 possessio·

121 2851 222 2918 uibus
239 2853 400 2922 dictorum
417 2855 559 2922 filiorum
586 2855 697 2939 Trepk
712 2877 771 2940 per
795 2861 899 2920 metas
924 2855 990 2919 sint
1015 2853 1114 2918 divise
1131 2857 1188 2916 aut
1204 2873 1253 2934 ne,

120 2961 262 3027 trinario
279 2985 412 3030 numero
430 2964 676 3048 diligentissime
708 2965 964 3046 quesivissemus,
979 2961 1077 3028 iidem
1102 2981 1255 3044 procura-
1322 2971 1326 2977 ’

122 3076 212 3134 tores
243 3069 385 3137 filiorum
411 3071 523 3157 Trepk
553 3076 750 3138 memoratas
779 3071 1051 3156 possessionarias
1082 3070 1253 3153 porciones

120 3179 225 3260 ipsius
265 3179 439 3246 Michaelis
478 3179 538 3246 filii
577 3179 694 3246 Oosme
734 3181 767 3244 in
805 3177 1060 3264 possessionibus
1098 3177 1177 3242 Bew
1223 3183 1256 3240 et

121 3284 149 3350 J
150 3287 217 3352 aad
248 3290 370 3354 vocatis
402 3291 578 3368 existentes
605 3310 625 3354 a
656 3287 908 3373 possessionibus
949 3285 1135 3351 corumdem
1172 3283 1286 3350 filio-0

122 3417 198 3460 rum
215 3395 326 3481 Trepk
341 3398 382 3463 ab
399 3399 477 3465 olim
492 3403 665 3483 permetas
676 3397 795 3462 divisas
805 3395 903 3461 fuisse
920 3393 1135 3477 affirmarunt,
1145 3412 1256 3458 verum

123 3504 206 3588 quia
221 3504 302 3570 dicti
317 3504 546 3588 procuratores
577 3504 764 3572 eorumdem
779 3503 919 3569 filiorum
937 3501 1047 3586 Treplr
1061 3507 1256 3568 memoratas

124 3615 398 3697 possessionarias
423 3615 590 3699 porciones
615 3613 768 3698 prelibati
792 3611 965 3678 Michaelis
991 3609 1051 3676 filii
1077 3609 1193 3676 Oosme
1224 3611 1258 3674 in

121 3721 382 3804 possessionibus
397 3723 475 3788 Bew
491 3727 524 3788 et
539 3722 565 3788 J
567 3721 630 3788 aad
645 3722 769 3787 vocatis
800 3719 986 3785 adiacentes
1011 3739 1031 3782 a
1047 3717 1254 3802 possessioni-¹
1339 3735 1343 3744 ’

123 3829 188 3895 bus
204 3831 391 3897 eorumdem
406 3831 547 3898 filiorum
579 3830 689 3914 'Prepk
704 3835 881 3915 permotas
898 3833 931 3892 et
946 3831 1106 3892 metarum
1140 3817 1258 3890 distin*—

123 3939 254 4005 cciones
269 3941 312 4005 ab
328 3941 406 4005 olim
422 3940 541 4006 divisas
556 3939 625 4005 fore
641 3937 850 4004 affirmabant
866 3943 899 4001 et
916 3955 955 4000 ex
971 3956 1009 4000 eo
1033 3935 1104 4018 ipsa
1120 3933 1256 3998 collacio

122 4055 159 4110 et
177 4046 313 4114 donacio
324 4055 391 4114 tam
401 4051 574 4133 peripsum
590 4046 785 4114 Michaelem
794 4044 897 4110 filium
914 4043 1030 4110 Oosme
1047 4063 1145 4126 quarn
1155 4041 1257 4106 eciam

123 4157 307 4240 peripsum
324 4157 490 4223 dominum
506 4161 654 4222 nostrum
670 4175 780 4238 regem
797 4151 902 4218 eidem
917 4151 1075 4218 Ladislao
1091 4148 1159 4214 filio
1176 4147 1253 4214 zoi-¹

124 4265 201 4329 tani
224 4267 285 4331 rite
318 4272 351 4330 et
376 4267 520 4350 legitime
545 4264 633 4331 facta
657 4263 756 4328 fuisse
781 4260 953 4326 videbatur
978 4281 1036 4344 pro
1063 4277 1257 4324 ecunacum

122 4373 305 4440 baronibus
320 4380 352 4439 et
368 4373 532 4440 nobilibus
549 4373 640 4456 regni
667 4371 835 4437 nobiscum
850 4369 883 4433 in
909 4367 1028 4432 iudicio
1055 4365 1254 4432 consedenti·

122 4485 192 4550 bus
206 4482 350 4566 prefatas
366 4483 635 4567 possessionarias
651 4481 820 4566 porciones
835 4476 1067 4562 prememorati
1084 4474 1256 4540 Michaelis

122 4589 191 4656 filii
206 4589 321 4657 Cosme
337 4593 372 4657 in
397 4590 653 4675 possessionibus
685 4589 763 4653 Bew
789 4594 822 4651 et
847 4586 936 4652 Jaad
962 4585 1137 4649 existentes
1153 4582 1257 4646 eidem

121 4697 286 4768 Ladiulao
302 4699 370 4766 filio
387 4699 518 4766 Zoltani
535 4702 627 4766 iuxta
642 4699 797 4782 premisse
815 4695 1001 4762 collacionis
1018 4693 1150 4759 titulum
1166 4691 1256 4758 adiu*
