3154 5474
580 473 674 534 1331.
695 492 789 536 rnen.
809 475 858 536 13.

681 871 755 934 445.

153 1037 246 1100 1331.
254 1035 341 1121 febr.
361 1037 411 1098 13.
430 1032 459 1098 Α
478 1035 603 1122 epiterii
628 1034 786 1120 Ieciptralua
802 1034 994 1120 discrepatio,
1021 1038 1102 1120 kopp
1129 1034 1282 1119 Kapaada'

152 1143 282 1228 Jlulpas
299 1167 321 1207 a
337 1143 450 1206 Bsdeea
466 1143 532 1225 fla,
561 1141 735 1206 llil-tessal
749 1141 982 1230 folpnraetdua
1013 1143 1078 1207 coll
1102 1142 1239 1228 ltppc‘dea
1264 1167 1286 1206 a

275 1252 446 1316 edificatott
462 1250 559 1314 biauk
574 1249 741 1314 itdlete‘nalc
757 1255 867 1336 mapdt
884 1251 941 1315 alei
957 1275 1028 1316 nem
1044 1259 1158 1316 vetette.

263 1410 334 1477 Nos
360 1409 536 1496 capitulum
562 1409 695 1474 ecclesie
711 1408 888 1476 Nitriensis
913 1412 1025 1478 damus
1041 1434 1101 1496 pro
1117 1412 1283 1494 memoria,

153 1519 243 1604 quod
260 1541 334 1584 cum
350 1519 524 1584 secundum
550 1518 783 1583 continenciam
807 1520 953 1603 priorum
978 1520 1146 1585 literarum
1161 1525 1283 1586 nostra-

146 1651 220 1694 rum
251 1627 484 1694 memorialium
509 1625 667 1692 Nicotaus
698 1625 782 1692 filius
814 1627 930 1693 Bulren
965 1629 1006 1694 ab
1033 1649 1097 1692 una
1121 1633 1213 1711 parte
1253 1631 1284 1692 et

147 1736 294 1802 Mathias
326 1735 411 1800 filius
443 1733 595 1799 Mauricii
630 1734 670 1798 de
701 1733 843 1818 Kupusd
869 1759 907 1800 ex
939 1734 1040 1801 altera
1072 1733 1152 1800 feria
1183 1734 1284 1800 tercia

147 1843 297 1929 proxima
321 1849 396 1928 post
422 1843 598 1927 quindenas
630 1841 804 1908 residencie
835 1844 955 1926 regalis
989 1843 1148 1909 exercitus
1181 1843 1283 1908 euius-

148 1951 283 2037 quidem
307 1952 485 2018 resideucie
511 1953 669 2016 exereitus
694 1951 818 2035 primus
845 1952 911 2018 dies
935 1957 973 2016 ut
998 1951 1103 2017 dictus
1128 1949 1283 2017 Nicolaus

146 2062 286 2127 asseruit
312 2061 392 2126 feria
408 2061 522 2144 quinta
546 2061 693 2145 proxima
709 2063 785 2126 ante
802 2060 994 2126 dominicam
1017 2061 1283 2145 septuagesimam

146 2171 301 2255 proxime
326 2168 514 2254 preteritam
543 2189 601 2253 per
626 2168 758 2233 comites
783 2166 965 2234 Nitrieuses
991 2173 1023 2233 et
1047 2168 1169 2234 iudices
1195 2167 1284 2233 nobi·

145 2278 232 2344 lium
270 2277 429 2342 extitisset
448 2275 674 2361 proclamatus,
698 2275 807 2341 Nitrie
840 2297 947 2343 eoram
982 2277 1074 2343 nobis
1099 2297 1285 2361 comparare

148 2393 182 2452 et
208 2385 424 2450 arbitratores
458 2383 618 2449 adducere
651 2405 690 2450 ac
721 2404 755 2448 se
788 2382 922 2449 arbitrio
955 2384 1116 2450 dictorum
1149 2383 1284 2449 arbitra·

145 2501 259 2560 torum
291 2496 324 2558 et
354 2497 465 2557 nostre
498 2512 594 2576 super
625 2490 712 2557 facto
744 2493 954 2576 possessionis
984 2491 1054 2558 Iste
1085 2498 1117 2557 et
1147 2491 1283 2558 aliarum

145 2603 387 2688 possessionum
414 2620 452 2666 ae
482 2601 769 2666 instrumentorum
798 2621 854 2667 seu
887 2621 982 2687 super
1010 2600 1094 2666 facto
1120 2600 1283 2666 iniuriosis

145 2708 355 2797 processibus
387 2708 545 2773 universis
570 2708 655 2773 inter
695 2730 748 2774 eos
782 2709 957 2775 ventillatis
988 2709 1186 2794 usquemodo
1211 2709 1283 2777 sub·

144 2819 279 2886 mittere
295 2822 327 2883 et
343 2823 510 2902 acceptare
535 2823 634 2900 prout
648 2817 682 2881 in
698 2817 800 2883 literis
829 2817 899 2883 aliis
926 2819 1066 2884 eiusdem
1083 2869 1090 2884 .
1107 2869 1114 2884 .
1138 2817 1224 2900 regis
1250 2839 1283 2884 se

146 2933 263 2993 mutuo
289 2927 349 2992 sub
374 2945 457 3010 pena
481 2925 590 2990 decem
621 2946 802 2991 marearum
827 2925 1059 3009 obligaverant,
1087 2925 1283 3011 debuissent,

145 3037 220 3120 ipso
251 3033 390 3100 termino
416 3033 565 3098 videlicet
590 3033 670 3099 seria
695 3034 796 3100 tercia
820 3036 967 3120 proxima
992 3039 1066 3120 post
1091 3034 1282 3102 dominicam

143 3144 233 3210 Esto
258 3141 356 3208 michi
381 3143 526 3226 proxime
550 3145 741 3227 preteritam
775 3142 965 3210 adveniente
990 3149 1023 3208 et
1047 3149 1155 3228 partes
1181 3147 1284 3212 nostri

146 3255 183 3319 in
207 3250 376 3337 presencia
399 3250 613 3334 personaliter
637 3251 813 3331 constituti,
839 3251 945 3318 dietus
969 3250 1127 3319 Nicolaus
1152 3258 1284 3338 paratus

146 3359 215 3426 fuit
248 3379 321 3424 cum
353 3358 418 3424 suis
449 3359 699 3426 arbitratoribus
733 3361 819 3425 dicto
855 3359 990 3426 arbitrio
1022 3381 1054 3425 se
1087 3361 1286 3443 submittere,

147 3467 259 3534 dictus
290 3487 366 3532 vero
397 3465 544 3532 Mathias
588 3466 674 3533 dicto
706 3467 842 3534 arbitrio
884 3490 917 3534 se
960 3469 1130 3534 admittere
1172 3469 1286 3552 noluit,

145 3595 296 3640 asserens
327 3593 423 3658 super
455 3595 492 3639 eo
533 3593 641 3641 coram
682 3596 740 3641 suo
770 3576 875 3640 iudice
904 3577 1099 3661 competenti
1133 3575 1282 3642 videlicet

148 3684 286 3750 ‹lomino
312 3685 422 3748 nostro
453 3703 528 3766 rege
563 3683 711 3767 predicto
737 3683 787 3748 vel
812 3683 954 3768 palatino
979 3689 1036 3750 aut
1066 3683 1171 3749 iudice
1198 3685 1285 3749 curie

147 3793 245 3877 regui
262 3791 311 3858 vel
337 3793 400 3859 alio
416 3793 521 3858 iudice
537 3815 595 3859 suo
612 3795 802 3876 congruenti
819 3799 964 3879 tempore
982 3797 1014 3858 et
1033 3793 1105 3859 loco
1123 3793 1285 3858 racionem

146 3902 357 3970 redditurum
378 3900 449 3968 aliia
459 3901 563 3968 literis
579 3903 698 3968 uostris
713 3903 937 3986 mediantibus,
952 3902 1039 3967 dicto
1055 3900 1192 3968 Nicolao
1208 3923 1281 3967 cum

147 4012 218 4077 suis
237 4011 486 4076 arbitratoribus
511 4031 570 4096 per
594 4013 696 4076 totam
721 4011 806 4076 diem
833 4032 940 4076 coram
965 4010 1059 4076 uobis
1085 4014 1285 4094 expectante.

146 4120 277 4187 Datum
293 4121 327 4185 in
344 4119 395 4185 die
412 4117 574 4204 Oiuerum,
590 4141 675 4184 anuo
693 4119 813 4185 domini
838 4119 892 4185 Μ0
908 4117 1009 4187 000⁰
1025 4116 1156 4184 ΧΧΧ0
1171 4121 1284 4202 prime.

261 4282 393 4332 Zeti-lotan
413 4282 505 4346 pecsdt
527 4283 704 4348 nyomaival;
718 4284 848 4348 ereeletije
861 4299 893 4334 aa
917 4299 987 4335 orsz.
1013 4283 1069 4333 latr
1092 4283 1189 4334 kincst.
1215 4289 1285 4333 ostt.

145 4375 182 4426 N.
198 4375 232 4424 R.
245 4371 279 4424 A.
297 4375 374 4422 1671.
390 4375 431 4423 39.
445 4373 511 4438 dipl.
526 4373 598 4424 lter:
615 4376 693 4424 2644.
706 4374 787 4425 Kdzli
800 4389 806 4425 :
821 4373 948 4440 Taganyi
969 4373 1004 4424 Κ.

694 4591 798 4599 η---ος
