3130 5470
575 475 669 538 raas.
685 493 756 540 aa
776 447 845 538 14.¹
1198 477 1260 539 aas

128 671 195 716 una
212 671 288 716 cum
303 649 378 716 filiis
395 654 460 718 suis
476 653 641 720 Michaele
657 655 808 720 videlicet
833 654 995 740 Ricolpho
1020 651 1046 719 J
1048 655 1176 720 ohanne
1191 653 1256 720 La·

129 757 237 824 dizlao
255 765 289 824 et
304 759 330 826 J
330 760 431 828 acobo
448 783 488 827 ex
504 785 568 828 una
584 769 678 848 parte
695 770 727 828 et
742 764 887 846 religiosi
903 764 964 828 viri
982 760 1008 828 J
1010 763 1154 829 ohannes
1170 765 1261 847 prior
1300 851 1305 860 ·

129 872 164 932 et
180 865 275 933 Belua
292 867 411 935 fratres
427 869 549 937 ordinis
564 872 810 937 cartusiensium
827 871 944 957 lapidis
959 869 1078 955 refugii
1095 872 1135 937 de
1155 873 1263 940 Letou

130 995 205 1040 cum
222 977 325 1042 literis
355 981 588 1064 procuratoriis
604 983 654 1046 sui
672 987 848 1047 conventus
865 1003 905 1048 ex
921 981 1026 1046 altera
1042 1001 1151 1048 coram
1168 982 1263 1049 nobie

129 1087 348 1168 personaliter
363 1089 534 1154 conet'tuti
545 1090 612 1155 tale
627 1091 712 1155 inter
722 1112 755 1155 se
767 1091 990 1157 concambium
1002 1090 1114 1156 fecisse
1126 1089 1261 1156 confessi

131 1199 210 1258 sunt
226 1197 359 1262 oraculo
390 1198 460 1263 vive
476 1200 562 1264 vocis
578 1204 736 1284 perpetuo
754 1201 954 1284 duratrmum,
982 1198 1070 1285 quod
1095 1199 1260 1283 predictus

129 1305 289 1386 magister
304 1305 331 1371 J
332 1305 474 1372 ohannes
491 1329 564 1373 cum
580 1309 700 1374 eisdem
717 1305 792 1373 filiis
809 1309 874 1373 suis
899 1307 1073 1392 quamdam
1089 1308 1263 1393 possessio·

130 1433 206 1476 nem
222 1413 366 1496 ipsorum
376 1414 560 1482 Kolchwan
571 1423 719 1483 vocatam
735 1417 769 1482 in
786 1416 936 1482 districtu
947 1418 1042 1482 sitam
1059 1415 1263 1500 Scepusieusi

129 1569 137 1584 .
153 1570 161 1584 .
177 1541 238 1604 per
253 1529 378 1588 veteres
389 1529 492 1590 metas
509 1531 542 1590 et
557 1526 710 1609 antiquas
726 1531 825 1610 prout
840 1527 874 1590 in
891 1547 1004 1592 eorum
1020 1526 1205 1592 continetur
1214 1524 1261 1588 in-

129 1631 694 1720 strumentisdcdissent.,predicto
706 1636 877 1701 conventui
888 1634 928 1700 de
938 1635 1046 1720 lapide
1063 1633 1180 1718 refugii
1190 1653 1262 1716 per·

130 1741 230 1821 petuo
245 1741 316 1805 iure
327 1741 562 1827 possidendam,
572 1742 719 1828 prefatus
729 1765 803 1809 vero
815 1749 990 1810 conventus
1008 1743 1125 1826 lapidis
1143 1738 1261 1824 refugii

130 1844 176 1938 de¹
186 1845 296 1913 Letou
311 1850 345 1913 in
356 1851 579 1917 concambium
589 1852 732 1917 eiusdem
748 1853 956 1936 possessionis
966 1851 1102 1918 Koluan
1118 1848 1262 1915 dedisset

129 2003 137 2018 .
154 2003 162 2020 .
180 1955 285 2022 eidem
301 1961 457 2043 magistro
473 1958 621 2027 Johanni
630 1960 698 2028 filio
715 1963 841 2028 comitis
856 1961 1010 2045 Ricolphi
1025 1959 1262 2046 possessionem

129 2064 278 2146 ipsorum
308 2066 520 2152 Heymborch
554 2077 703 2138 vocatam
728 2072 763 2136 in
787 2069 940 2137 districtu
963 2071 1060 2136 sitam
1085 2065 1261 2133 Thartensi

129 2192 228 2254 quam
246 2195 286 2239 ex
303 2176 479 2245 collacione
494 2179 613 2246 nobilis
628 2181 688 2245 viri
714 2178 878 2263 quondam
894 2178 1042 2262 magistri
1057 2175 1174 2242 Kokos
1190 2195 1262 2259 pos·

129 2279 306 2350 sidebant.
323 2336 330 2351 .
347 2287 438 2354 cuius
469 2287 599 2374 quidem
615 2288 825 2373 possessionis
842 2286 1025 2354 Kolchwan
1050 2285 1262 2352 collacionem

128 2405 189 2472 per
199 2392 338 2460 eundem
347 2398 537 2481 magistrum
552 2396 577 2464 J
579 2398 738 2464 ohannem
748 2402 782 2462 et
797 2395 882 2462 filios
898 2417 972 2462 suos
988 2397 1022 2461 in
1038 2392 1260 2462 concambium

128 2506 310 2567 memorate
325 2507 536 2588 possessionis
551 2505 762 2592 Heymborch
779 2506 883 2571 eidem
899 2504 1073 2571 conventui
1089 2501 1210 2568 factam
1226 2503 1259 2562 et

126 2607 266 2674 eandem
274 2614 509 2695 possessionem
514 2614 726 2700 Heymborch
734 2637 794 2700 per
804 2613 942 2680 eundem
953 2616 1143 2679 conventum
1155 2606 1260 2674 eidem

127 2717 288 2800 magistro
304 2719 331 2786 J
331 2720 452 2787 ohanni
468 2723 622 2790 collatam
636 2724 793 2808 magister
801 2722 983 2808 Ricolphus
998 2721 1101 2787 frater
1110 2716 1261 2803 magistri

127 2821 156 2888 J
157 2824 295 2892 ohannis
310 2832 482 2898 memorati
497 2854 572 2898 cum
582 2832 658 2898 filiis
671 2833 736 2898 suis
752 2831 777 2898 J
779 2833 907 2898 ohanne
922 2829 1079 2896 Ladizlao
1091 2827 1259 2895 Clemente

126 2930 315 3002 Laurencio
331 2937 471 3007 Nicolao
487 2946 520 3006 et
537 2939 703 3026 Stephano
727 2963 787 3026 pro
804 2962 838 3006 se
854 2943 887 3008 et
903 2939 1018 3005 ceteris
1033 2936 1109 3003 filiis
1125 2936 1191 3002 suis
1208 2954 1260 3000 co·

127 3059 201 3106 ram
216 3044 311 3112 nobis
327 3051 542 3131 personaliter
559 3049 771 3143 comparando
789 3048 960 3114 submotis
985 3051 1019 3112 et
1043 3044 1191 3111 terminis
1206 3043 1254 3108 in-

127 3147 313 3239 frascriptis
330 3162 561 3224 consenserunt
577 3165 611 3224 et
627 3160 862 3243 permiserunt3
880 3157 970 3222 cuius
987 3155 1118 3239 quidem
1133 3171 1257 3238 posses·

129 3263 232 3328 sionis
248 3261 460 3352 Heymborch
476 3273 562 3333 mete
578 3273 677 3352 prout
691 3268 778 3333 idern
802 3266 957 3350 magister
981 3263 1163 3347 Ricolphus
1188 3281 1261 3326 cum

128 3369 253 3438 eisdem
268 3370 344 3440 filiis
360 3376 427 3440 suis
441 3377 660 3443 recitaverunt
670 3377 730 3442 tali
741 3375 854 3442 ordine
864 3375 1036 3456 situantur,
1053 3369 1141 3457 quod
1150 3369 1256 3456 prima

127 3483 198 3548 eius
222 3465 312 3549 mets
335 3483 451 3568 incipit
475 3506 495 3549 a
519 3486 619 3570 plaga
643 3485 836 3551 occidentali
861 3483 918 3551 ubi
942 3504 1028 3566 aqua
1045 3477 1258 3565 Spanpataka

128 3597 249 3656 vocata
266 3592 353 3657 cadit
368 3593 402 3656 in
418 3615 537 3677 aquam
562 3591 896 3678 Slauknuncupatam
927 3596 960 3657 et
989 3588 1151 3655 incudem
1170 3607 1257 3670 aqua

129 3696 346 3784 Spanpataka
356 3701 464 3784 pergit
480 3722 578 3785 supra
588 3723 692 3786 usque
708 3701 751 3766 ad
768 3706 866 3785 caput
883 3699 1024 3766 eiusdem
1041 3717 1131 3782 aque,
1142 3692 1259 3759 deinde

129 3806 256 3872 directe
272 3807 473 3875 ascendendo
491 3810 594 3893 vergit
610 3830 713 3892 usque
734 3808 776 3872 ad
796 3814 899 3874 metas
925 3807 1051 3872 comitis
1066 3804 1092 3871 J
1093 3801 1193 3887 oseph
1216 3800 1256 3866 de

103 3955 108 3966 ·
127 3912 250 3998 Quoalr
266 3916 322 3982 ubi
353 3922 430 3982 sunt
445 3918 506 3982 site
523 3917 585 3984 due
601 3923 686 3982 mete
704 3922 818 4000 terree,
843 3914 959 3981 deinde
984 3913 1128 3979 flectitur
1150 3929 1261 3976 versus

126 4025 300 4091 meridiem
326 4031 359 4091 et
373 4026 408 4090 in
424 4026 520 4092 dorso
538 4024 681 4090 eiusdem
697 4025 816 4091 montis
833 4024 953 4089 transit
979 4021 1022 4088 ad
1038 4020 1119 4086 duas
1135 4024 1259 4084 terreas

127 4139 236 4198 metas
253 4133 287 4197 iu
302 4131 366 4198 fine
383 4132 525 4199 eiusdem
541 4133 660 4200 montis
677 4133 756 4198 sitas
781 4131 934 4216 aquibus
958 4129 1127 4195 descendit
1142 4126 1184 4192 ad
1200 4126 1260 4191 sic·

127 4263 202 4308 cam
220 4241 338 4307 vallem
370 4247 403 4308 et
419 4243 507 4309 cadit
522 4243 556 4308 in
572 4264 672 4308 unum
688 4241 828 4307 rivulum
843 4262 902 4325 per
918 4239 1029 4304 villam
1045 4235 1255 4322 Wysakavo·

127 4355 239 4416 catam
265 4355 487 4417 transeuntem
513 4357 546 4416 ct
571 4349 707 4416 eundem
732 4349 873 4414 rivulum
904 4349 1026 4412 directe
1058 4341 1257 4411 transeundo

126 4459 217 4524 cadit
234 4457 354 4524 iterum
369 4460 404 4525 in
419 4460 520 4526 alium
536 4459 675 4525 rivulum
692 4463 724 4523 et
739 4459 774 4522 in
790 4457 903 4522 eodem
926 4456 1032 4521 rivulo
1055 4450 1258 4519 ascendendo

128 4589 188 4650 per
216 4567 351 4652 longum
380 4571 526 4653 spacium
551 4565 766 4653 pervenitad
792 4565 873 4632 duae
898 4570 1023 4630 terreas
1048 4567 1151 4627 metas
1175 4561 1262 4625 circa

125 4675 270 4743 eundem
294 4677 434 4750 rivulum
460 4699 479 4743 a
504 4683 599 4766 parte
623 4676 739 4742 dextra
763 4677 842 4742 sitas
867 4698 887 4741 a
912 4673 1032 4760 quibus
1057 4667 1261 4736 ascendendo
