3132 5470
576 478 757 538 raecum
775 478 803 539 e.
864 455 867 462 '
1196 479 1257 539 err

126 655 251 721 sionem
266 655 360 722 Hurs
375 657 532 738 vocatam,
549 655 668 721 abhinc
683 676 760 720 vero
783 655 992 739 protenditur
1007 655 1049 721 ad
1065 656 1195 740 plagam
1212 678 1259 723 se-

123 765 381 847 ptentrionalem
398 770 430 830 et
440 765 588 849 pervenit
603 763 780 830 admotam
796 763 944 830 Likashu
959 767 1125 847 vocatam,
1139 764 1256 830 deinde

124 871 271 938 flectitur
287 894 399 939 versus
414 873 599 956 aquilonem
615 877 649 937 et
664 871 810 956 pervenit
835 871 877 938 ad
901 877 1022 938 metam
1047 871 1258 958 Rumluthig·

124 981 185 1046 hau
204 985 353 1046 vocatam
370 1003 432 1065 que
449 981 491 1046 ad
508 981 693 1063 aquilonem
709 986 862 1064 separant
877 981 987 1046 uillam
1004 980 1158 1046 Zabadie
1168 987 1200 1046 et
1216 983 1258 1048 ad

125 1089 287 1154 orientem
304 1094 458 1172 separant
473 1089 654 1173 predictam
669 1083 903 1172 possessionem
930 1088 1116 1172 Zarbemn,
1140 1089 1256 1155 deinde
1361 1121 1364 1126 ·

124 1197 236 1262 tendit
252 1217 362 1263 versus
379 1197 515 1263 eandem
531 1198 664 1281 plagam
681 1203 716 1263 et
731 1199 917 1281 pervenitur
933 1199 975 1263 ad
992 1221 1090 1264 unam
1106 1198 1256 1264 arborem

124 1303 313 1371 Abranfaia
329 1307 451 1372 dictam
465 1307 559 1372 iuxta
574 1327 727 1390 magnam
742 1307 828 1372 viam
844 1305 900 1372 ubi
917 1312 993 1373 sunt
1008 1313 1074 1372 tres
1090 1312 1176 1372 mete
1192 1313 1256 1373 ter·

123 1435 178 1480 ree
195 1436 335 1498 quarum
351 1437 416 1479 una
426 1414 467 1479 ad
483 1420 609 1498 partem
619 1414 863 1480 meridionalem
879 1405 1256 1499 separatpcssessionem

125 1521 313 1605 Zarberen,
345 1521 464 1588 abhinc
478 1522 690 1606 progreditur
705 1521 828 1586 directe
845 1544 955 1588 versus
972 1522 1107 1588 eandem
1124 1523 1255 1606 plagam

125 1637 158 1695 et
174 1632 365 1715 pervenitur
389 1631 432 1696 ad
448 1654 547 1696 unum
563 1630 694 1719 sontem
712 1629 954 1716 Ghelcnkutfey
980 1632 1114 1716 dictum,
1140 1631 1257 1698 deinde

124 1761 203 1804 vero
222 1761 279 1822 per
295 1739 432 1804 eandem
447 1740 579 1823 plagam
595 1739 700 1804 tendit
725 1739 767 1805 ad
784 1739 947 1823 quendam
971 1740 1076 1806 rivum
1093 1738 1269 1806 Kiralsuli'

124 1849 249 1914 dictum
267 1851 322 1932 qui
338 1854 469 1934 separat
486 1848 528 1912 ad
553 1849 720 1914 meridiem
746 1850 867 1916 dictam
884 1851 1117 1935 possessionem
1134 1850 1258 1916 Zarbe-

127 1978 186 2020 ren
206 1956 298 2022 etad
313 1957 504 2042 aquilonem.
516 1961 647 2040 separat
662 1957 756 2022 villas
773 1956 985 2023 Pochuasara
1001 1964 1035 2023 et
1050 1957 1163 2024 Maura
1178 1981 1259 2024 nun-

125 2071 265 2150 cupatas
282 2071 315 2131 et
331 2063 406 2130 iude
423 2064 591 2130 descendit
608 2065 649 2130 ad
666 2087 787 2149 aquam
803 2065 948 2132 Balatun
973 2071 1007 2131 et
1021 2066 1067 2132 ihi
1083 2071 1169 2132 mete
1185 2088 1256 2151 pre-

124 2175 215 2240 dicte
230 2175 438 2257 possessionis
455 2172 622 2240 Zarberen
639 2175 864 2241 terminantur.
881 2175 1008 2242 Datum
1023 2176 1057 2240 in
1074 2173 1156 2241 festo
1166 2174 1255 2240 beati

124 2281 302 2347 Michaelis
317 2281 515 2366 archangeli,
531 2304 616 2349 anno
632 2283 831 2366 supradicto.

234 2465 364 2514 harlatan
377 2463 469 2527 pecset
481 2465 657 2528 nyonraiva13
671 2464 803 2529 eredetijo
816 2479 848 2514 az
862 2479 930 2514 orsa.
943 2465 999 2514 ltatr
1009 2464 1108 2515 lineat.
1120 2468 1186 2519 orat.
1200 2465 1257 2516 des.

123 2559 204 2608 daur.
221 2561 246 2606 3.
263 2561 304 2606 lc.
318 2554 384 2620 dipl.
397 2555 470 2605 ltar:
493 2557 571 2605 2511.
584 2555 683 2605 Kczli:
703 2555 805 2606 Vineae
825 2554 925 2606 Gabar.

614 2789 775 2800 ——

659 3011 732 3072 336.

125 3193 226 3256 1328.
250 3192 279 3255 V
277 3193 420 3277 iaeprc'd,
436 3192 499 3256 doc.
518 3191 713 3256 6..Derueter
730 3190 961 3254 carnotenorum·
980 3187 1170 3273 Jotbuppe's
1189 3188 1252 3250 Fa-

121 3301 210 3386 pzcd
225 3311 308 3365 crevit
325 3301 426 3364 Hevea
442 3300 626 3384 cdrmoppei
642 3297 790 3362 birtolcoh
806 3297 1048 3381 lulojdonjopdt
1065 3296 1169 3379 arpfc'ro
1187 3295 1252 3358 Ko-
1317 3349 1322 3357 .

298 3406 423 3470 luliaco
440 3405 549 3472 Garat
565 3405 680 3470 Istvdn
697 3405 858 3490 ledaydru
874 3405 1016 3468 rubdzzc
1032 3407 1075 3467 dt.

235 3585 438 3666 ..magister
462 3583 651 3650 Demetrius
676 3581 764 3652 filius
790 3583 915 3649 comitis
940 3579 1123 3646 Alexandri
1139 3582 1179 3646 de
1205 3604 1254 3665 ge·

122 3717 203 3760 nere
220 3693 298 3758 Aba
313 3693 467 3776 magister
498 3690 762 3757 thararnicorum
787 3689 909 3756 domini
924 3690 1010 3772 regis
1028 3709 1133 3754 comes
1159 3688 1253 3754 Trin-

121 3801 300 3868 chiniensis
325 3799 522 3865 castellanus
540 3797 580 3862 de
595 3797 766 3881 Keruszeg
800 3803 833 3863 et
849 3797 946 3862 iudex
977 3817 1187 3862 cumanorum
1219 3797 1259 3862 de

121 3931 243 3993 genere
261 3905 361 3974 Olaas
378 3957 385 3972 .
402 3957 409 3972 .
426 3906 580 3991 quoniam
596 3906 715 3972 decora
730 3905 819 3971 lucet
835 3903 1047 3970 mansuetudo
1058 3905 1201 3970 levitatis
1222 3907 1256 3970 in

119 4017 331 4086 matrimonio
356 4017 535 4100 pulcraque
560 4015 689 4080 iusticia
713 4014 831 4080 rutilat
855 4015 888 4078 in
914 4013 1085 4096 legalitate
1116 4036 1257 4098 quarum

118 4127 270 4214 profecto
287 4126 481 4190 alterutram
497 4123 543 4188 sic
558 4122 653 4188 decet
670 4144 737 4188 esse
753 4123 880 4188 sodales
906 4127 944 4186 ut
968 4121 1029 4186 viri
1056 4126 1089 4186 et
1104 4122 1251 4188 mulieris

119 4235 348 4304 confederacio
365 4232 504 4297 feliciter
520 4231 719 4314 gubernetur
735 4237 768 4296 et
785 4231 947 4314 equaliter
958 4251 1128 4314 capescere
1143 4231 1253 4296 valeat

119 4343 344 4431 spiritualium
360 4339 544 4406 antidotum
578 4341 783 4423 premiorum,
809 4338 944 4422 proinde
969 4337 1012 4403 ad
1036 4337 1260 4404 uniuersorum

121 4453 281 4519 noticiam
296 4450 413 4515 harum
429 4449 512 4514 serie
527 4449 674 4514 volumus
688 4449 864 4533 pervenire,
885 4446 972 4532 quod
988 4469 1046 4512 nos
1066 4468 1105 4511 ex
1121 4448 1255 4532 speciali

121 4561 236 4647 gracia
255 4563 288 4624 et
305 4579 463 4625 consensu
478 4555 628 4623 benivolo
650 4555 843 4623 serenissimi
868 4555 1023 4640 principis
1049 4554 1171 4621 domini
1203 4577 1257 4620 no-

122 4671 181 4737 stri
198 4667 324 4734 Karoli
339 4667 443 4732 incliti
460 4666 546 4748 regis
562 4664 735 4751 Hungarie
753 4672 819 4731 tam
829 4687 888 4750 pro
899 4663 1114 4731 fidelitatibus
1131 4670 1163 4730 et
1179 4663 1256 4732 fide-
