3240 5460
558 399 728 461 1311111
757 399 806 460 15.
1207 403 1247 462 31

120 573 292 656 predonem
308 581 342 639 et
357 574 526 656 latronem,
547 577 585 639 ut
609 595 668 639 sua
688 573 807 638 dumne
831 574 966 640 iniurias
991 575 1117 642 excidio
1132 581 1166 642 et
1180 597 1251 660 pre-

119 682 975 767 11111111111111111111111111111111111111111111111
992 685 1170 769 equitatem
1187 685 1249 751 sibi

120 791 210 856 illata
225 792 305 856 iuris
320 792 428 876 vigore
444 797 554 875 posset
569 791 733 856 vindicare
760 797 793 856 et
818 813 915 877 quem
940 794 1037 859 timor
1053 794 1105 858 dei
1121 814 1186 858 non
1200 815 1250 859 re-

120 907 248 965 vocarat
264 923 284 965 a
299 901 385 965 malo
401 921 487 984 pene
502 900 618 965 saltem
633 901 805 982 temporali
832 901 1038 967 cohiberetur
1063 924 1083 966 1
1106 908 1250 985 peccato,

120 1009 259 1092 legitime
274 1009 403 1074 fecisset
417 1008 581 1092 inpendiri
597 1006 680 1094 (igy)
697 1015 730 1073 et
746 1011 846 1075 tercio
863 1011 915 1075 die
932 1009 1148 1076 Streunarum
1163 1033 1248 1078 anno

121 1117 238 1181 domini
263 1116 318 1181 Μ0
334 1116 435 1184 0000
459 1139 518 1201 per
542 1117 665 1200 regiam
690 1116 924 1200 benignitatem
949 1119 992 1184 ad
1017 1119 1251 1184 exhibitionem

123 1227 418 1308 prenominatarum
442 1225 628 1290 litterarum
653 1226 951 1309 sentencionalium,
977 1227 1093 1310 quibus
1109 1226 1251 1292 median·

120 1333 203 1398 tibus
219 1335 262 1400 cd
278 1335 481 1399 amissionem
497 1335 639 1398 omnium
656 1355 786 1398 suorum
802 1334 962 1400 bonorum
972 1341 1005 1400 11
1017 1337 1251 1419 possessionum

120 1465 157 1508 11
172 1442 475 1507 condemnecionem
500 1443 629 1524 proprie
654 1463 711 1506 sue
735 1462 870 1524 persone
887 1444 1083 1526 convicisset,
1110 1465 1168 1527 pro
1187 1450 1251 1508 ter-

119 1552 203 1616 mino
219 1552 392 1634 assignato,
407 1549 625 1614 mediantibus
641 1549 760 1614 litteris
776 1552 947 1633 prescripti
972 1551 1092 1616 domini
1118 1549 1251 1615 Andree

120 1661 202 1742 regis
218 1665 251 1722 et
269 1655 428 1741 Stephani
443 1657 627 1722 vieeiudicis
643 1658 731 1722 curie
748 1679 804 1722 sue
819 1658 862 1722 ad
878 1660 1082 1724 amissionem
1108 1659 1251 1724 omnium

120 1789 248 1832 suorum
262 1765 421 1832 bonorum
444 1766 679 1849 possessionum
703 1788 743 1831 ac
768 1767 1094 1851 condempnaoionem
1121 1769 1251 1852 proprie

120 1897 174 1940 sue
189 1894 324 1958 persone
340 1875 514 1939 convicisse
531 1873 771 1958 comprobasset,
797 1877 932 1960 ipsoque
947 1876 1103 1943 Ladislao
1118 1898 1183 1941 non
1199 1897 1251 1940 ve·

120 1985 227 2048 niente
242 2004 302 2048 neo
317 1983 468 2047 mittente
484 2003 543 2046 nec
560 1981 600 2046 de
615 1982 779 2064 premissis
803 1984 947 2068 aliquam
971 1984 1184 2068 pretendente
1199 2006 1250 2050 11-

120 2093 243 2158 cionem
268 2090 451 2174 sepedictus
482 2110 586 2155 comes
612 2086 799 2172 Stephanus
824 2092 991 2156 vieeiudex
1015 2093 1103 2158 curie
1128 2092 1250 2157 domini

119 2198 252 2265 Andree
268 2201 354 2284 regis
370 2197 560 2264 secundario
577 2197 715 2262 eundem
730 2197 873 2281 legitime
892 2198 1169 2286 sentenciasset,*)
1186 2201 1252 2264 iam

121 2309 226 2375 dictus
242 2308 391 2373 dominus
407 2327 464 2370 1111
480 2303 634 2370 Andreas
653 2307 865 2372 sentenciales
890 2309 1019 2374 litteras
1034 2311 1084 2375 sui
1099 2308 1252 2375 viceiudi-

120 2419 164 2483 cis
181 2419 277 2501 curie,
304 2418 355 2484 cui
373 2437 413 2481 ex
429 2413 535 2480 officio
561 2416 700 2498 suscepti
724 2416 890 2498 regiminis
915 2417 1078 2482 iusticiam
1093 2416 1201 2482 facere
1219 2422 1252 2481 et

119 2527 292 2609 uuicuique
308 2547 401 2590 suum
416 2525 466 2589 ius
481 2522 619 2588 reddere
632 2521 848 2606 incumbebat,
859 2525 1056 2590 sentenciam
1066 2525 1250 2589 viceiudicis

120 2635 168 2699 sui
183 2634 363 2718 legitimam
379 2631 448 2696 fore
464 2651 642 2713 agnoscens
667 2634 700 2694 et
726 2627 927 2712 condignam,
952 2628 1170 2696 mediantibus
1186 2632 1251 2696 suis

119 2742 236 2808 litteris
252 2739 474 2808 confirmasset
484 2736 533 2814 **)
550 2738 780 2820 universasque
796 2737 896 2819 ipsius
914 2736 1063 2803 Ladislai
1078 2740 1252 2822 possessio-

119 2853 227 2917 narias
242 2851 410 2934 porciones
425 2846 563 2913 ubilibet
578 2847 683 2929 ipsum
693 2846 917 2929 contingentes
928 2845 1098 2912 scribendo
1110 2849 1252 2931 capitulo

120 2955 276 3042 Agriensi
305 2978 363 3041 pro
395 2956 521 3021 damnis
545 2953 745 3019 nocumentis
770 2961 804 3017 11
828 2953 992 3036 quibusvis
1020 2954 1252 3020 maleficiorum

119 3068 291 3151 generibus
307 3066 368 3132 sibi
383 3064 536 3148 impensis
551 3063 613 3145 ipsi
627 3060 787 3146 Ropheyn
812 3061 897 3126 bano
921 3083 960 3127 ac
974 3062 1073 3127 iudici
1091 3063 1178 3128 curie
1195 3084 1252 3128 sue

120 3181 310 3260 preceperat
327 3173 495 3257 assignari,
511 3178 544 3236 et
560 3172 637 3236 licet
652 3172 724 3253 ipsa
740 3191 839 3236 cauea
854 3171 920 3234 iam
939 3171 1028 3236 dicto
1044 3171 1139 3237 modo
1156 3171 1254 3237 finem

120 3286 266 3351 debitum
282 3283 388 3350 adhuc
404 3289 549 3364 tempore
566 3280 688 3345 domini
703 3275 838 3344 Andree
854 3281 940 3364 regis
956 3281 1073 3346 sortite
1092 3281 1253 3345 extitisset

119 3403 229 3462 tamen
244 3395 321 3480 quia
337 3393 445 3458 diviua
462 3389 637 3456 clemencia
651 3389 758 3472 ipsum
774 3386 940 3452 dominum
956 3387 1125 3454 Andream
1141 3409 1251 3473 regem

120 3505 176 3588 qui
191 3503 327 3570 florente
343 3499 493 3584 nequicia
508 3499 595 3563 solus
620 3495 713 3579 regni
729 3495 869 3578 hungari
885 3492 968 3581 (igy)
985 3495 1090 3562 factor
1105 3497 1254 3562 veritatis

120 3613 281 3678 existebat
297 3635 317 3678 1
336 3609 555 3695 gubernaculo
571 3607 667 3671 huius
682 3605 775 3688 regni
790 3604 832 3670 ad
848 3605 1095 3688 persolvendum
1104 3607 1252 3672 universe

121 3723 227 3786 carnis
243 3719 388 3786 debitum
403 3722 573 3784 revocaret
588 3721 621 3780 11
636 3736 676 3779 ex
693 3735 730 3778 eo
747 3713 818 3798 ipsa
843 3734 942 3778 causa
962 3711 1117 3798 infigura
1142 3715 1253 3780 iudicii

121 3828 202 3894 dicti
216 3829 337 3896 domini
353 3827 487 3893 Andree
502 3826 589 3910 regis
606 3823 792 3889 examinata
817 3827 850 3887 et
866 3821 974 3888 decisa
998 3823 1141 3888 nondum
1166 3824 1254 3889 valu-

121 3943 195 4004 erat
209 3939 249 4003 ed
265 3939 397 4024 plenum
412 3934 569 4018 roborari,
585 3939 622 3998 ut
637 3932 784 3996 universe
800 3931 1049 4014 possessionarie
1074 3931 1175 4014 ipsius
1190 3929 1254 3998 La·

121 4045 217 4112 1111111
245 4047 413 4132 porciones
444 4044 485 4109 ab
516 4043 586 4127 ipso
617 4039 774 4105 Ladislao
804 4044 973 4122 tamquam
1004 4060 1024 4103 1
1054 4037 1255 4105 111111111111

123 4155 233 4221 ablate
248 4157 310 4241 ipsi
325 4155 487 4239 Ropheyn
501 4153 587 4218 bano
614 4155 647 4216 11
670 4148 770 4213 iudici
796 4149 883 4214 curie
908 4171 964 4214 sue
989 4148 1176 4233 perpetuari
1201 4169 1256 4232 po-

123 4264 270 4348 tuissent,
297 4264 419 4330 idoirco
444 4261 530 4328 idem
555 4259 717 4344 Ropheyn
743 4255 847 4321 banus
871 4257 1028 4340 premissa
1053 4277 1113 4321 sua
1138 4253 1256 4320 damna

231 4495 257 4567 *)
269 4501 302 4552 v.
318 4501 344 4549 e.
357 4497 480 4559 11111,
493 4480 526 4546 l.
539 4480 575 4545 u.
589 4494 620 4558 0,
632 4493 668 4543 11.
681 4493 708 4542 s.
719 4495 780 4541 111.
793 4491 812 4541 1.

232 4588 317 4658 *1)1,
332 4571 813 4648 111111111111111111.
