3132 5470
347 445 411 508 300
695 459 884 507 aurocuonr
900 448 1116 507 ouulurrln.
1232 531 1235 536 Ι

341 636 421 709 span
444 627 706 706 nuncupatarum
729 627 814 687 mete
847 621 910 688 boc
934 622 1047 688 ordine
1072 621 1341 706 distingvuntur:
1369 622 1458 704 prima

341 731 492 796 videlicet
506 737 595 796 meta
611 737 698 796 terre
713 731 862 817 Kwacby
877 732 992 816 incipit
1008 753 1029 796 a
1044 735 1137 816 parte
1152 730 1306 796 orientali
1323 729 1456 795 defluvio

342 837 435 922 Ypul
450 839 543 904 iuxta
559 839 707 905 arborem
723 839 786 924 piri
795 845 829 905 et
838 839 1000 905 vicinatur
1010 861 1083 904 curn
1100 845 1189 905 terra
1205 838 1375 923 Kynorth
1394 837 1457 901 inde

342 946 448 1012 tendit
471 969 582 1012 versus
608 948 840 1014 occidentalem
866 953 994 1032 partem
1020 953 1054 1012 et
1078 949 1166 1012 venit
1190 948 1232 1012 ad
1257 947 1341 1012 duas
1372 951 1458 1011 metas

341 1059 465 1121 terreas
481 1056 567 1122 circa
582 1057 675 1141 viam,
701 1057 836 1142 posthoc
851 1058 951 1122 vertit
966 1077 1000 1122 se
1015 1077 1128 1122 versus
1152 1056 1411 1140 septemtrionem
1424 1052 1458 1117 ad

342 1164 510 1230 melodum
527 1170 559 1229 et
575 1165 661 1231 circa
677 1171 782 1231 terras
798 1165 938 1230 arabiles
963 1165 997 1230 in
1022 1185 1136 1249 campo
1161 1163 1310 1248 pervenit
1336 1160 1459 1226 adduas

342 1279 445 1340 metas
477 1261 619 1358 terreae,
644 1273 763 1340 abhinc
796 1273 886 1340 vadit
910 1293 969 1358 per
993 1275 1157 1358 spinetum
1181 1272 1214 1335 in
1245 1290 1361 1354 campo
1385 1267 1460 1352 quod

342 1382 441 1465 vulgo
458 1381 639 1467 Tuysmege
654 1387 797 1464 vocatur,
825 1381 941 1446 deinde
958 1379 1048 1446 vadit
1063 1401 1176 1445 versus
1191 1377 1328 1444 eandem
1347 1383 1459 1461 partem

343 1489 546 1556 ascendendo
562 1489 604 1556 ad
620 1490 756 1582 laterem
771 1490 891 1556 montis
916 1494 950 1554 et
975 1510 1035 1574 per
1059 1489 1197 1554 laterem
1221 1486 1343 1552 montis
1358 1507 1459 1570 pamm

343 1598 531 1688 divertendo
548 1597 713 1664 descendit
728 1597 771 1662 ad
787 1597 904 1664 vallem
921 1603 955 1663 et
970 1593 1166 1663 transeundo
1193 1594 1312 1660 vallem
1327 1593 1461 1678 pervenit

343 1708 385 1774 ad
401 1708 550 1774 arborem
568 1708 631 1792 piri
647 1707 703 1772 ubi
720 1712 769 1772 est
784 1711 872 1772 meta
896 1713 1005 1773 terrea
1036 1706 1076 1772 de
1103 1727 1186 1772 novo
1211 1708 1331 1787 erecta,
1357 1701 1461 1768 abhinc

343 1816 489 1882 ascendit
514 1815 555 1880 ad
572 1821 714 1880 montem
724 1817 913 1900 etpervenit
922 1816 964 1882 ad
975 1838 1075 1881 unum
1085 1816 1193 1880 lacum
1202 1814 1236 1879 in
1252 1814 1375 1878 vertice
1385 1833 1461 1876 mon·

343 1925 386 1990 tis
401 1923 489 2008 quod
512 1925 609 2008 vulgo
626 1922 765 1991 Soussar
783 1926 968 2011 appellatur
985 1924 1041 1990 ubi
1059 1928 1110 1988 est
1125 1925 1341 2007 metaterres„
1360 1919 1462 1986 deinde

342 2031 448 2097 tendit
471 2053 582 2097 versus
606 2037 732 2116 partem
757 2033 893 2098 eandem
915 2053 973 2118 per
997 2036 1140 2098 montem
1164 2031 1220 2114 qui
1244 2031 1344 2114 vulgo
1374 2028 1461 2094 berch

344 2141 465 2206 dicitnr
480 2146 513 2207 et
528 2141 673 2226 pervenit
689 2141 732 2206 ad
747 2142 901 2225 antiquas
916 2147 1019 2206 metae
1035 2147 1168 2224 terreas,
1194 2139 1311 2206 deinde
1328 2137 1462 2204 ascendit

343 2249 383 2315 ad
400 2251 552 2315 verticem
568 2249 624 2315 ubi
640 2256 716 2316 sunt
731 2256 796 2316 tres
811 2255 897 2316 mete
913 2253 1018 2316 terree
1034 2271 1171 2334 quarum
1182 2270 1247 2314 una
1263 2253 1394 2332 separat
1409 2252 1461 2311 ter-

342 2381 413 2424 ram
444 2357 556 2443 Kyrtb
582 2381 602 2424 a
626 2365 720 2442 parte
747 2361 898 2426 orientali
924 2360 1065 2426 secunda
1089 2365 1177 2426 meta
1201 2362 1336 2442 separat
1351 2363 1461 2422 terram

346 2467 458 2533 Zobor
474 2489 494 2532 a
510 2473 603 2552 parte
620 2469 878 2552 septemtrionali
894 2475 927 2535 et
943 2471 1046 2534 tercia
1062 2472 1184 2533 terram
1207 2464 1413 2531 Lewasteluk
1427 2462 1463 2529 ad

344 2571 481 2646 eandem
496 2574 644 2659 Kwachy
659 2575 874 2659 pertinentem
893 2598 911 2640 a
928 2581 1021 2660 parte
1037 2573 1232 2641 occidentali
1249 2578 1283 2638 et
1299 2573 1346 2638 sic
1361 2569 1462 2637 deficit

344 2682 492 2748 vicinitas
508 2686 594 2747 terre
610 2681 723 2767 Kyrth
738 2689 771 2748 et
787 2683 902 2768 incipit
918 2689 1028 2748 tenere
1053 2684 1124 2767 ipsa
1150 2688 1239 2747 terra
1263 2677 1464 2746 Lewastelul

345 2811 416 2856 cum
433 2797 521 2855 terra
537 2789 648 2856 Zobur
673 2813 693 2856 a
717 2797 810 2876 parte
835 2793 1091 2876 septemtrionali
1116 2796 1149 2857 et
1173 2792 1273 2856 vertit
1298 2811 1332 2855 se
1356 2788 1465 2855 abhinc

344 2919 454 2964 versus
471 2898 704 2966 occidentalem
720 2905 753 2965 et
762 2921 821 2984 per
836 2905 978 2966 montem
996 2899 1168 2966 circuendo
1184 2900 1275 2965 venit
1290 2897 1334 2965 ad
1353 2901 1464 2963 metam

344 3012 484 3072 terream
501 3009 669 3092 antiquam
685 3009 741 3074 ubi
758 3013 808 3074 est
824 3009 937 3074 erecta
948 3031 1032 3075 nove
1062 3012 1155 3076 iuxta
1187 3009 1333 3092 eandem,
1358 3005 1464 3073 deinde

344 3113 477 3182 divertit
492 3138 525 3181 se
542 3139 654 3183 versus
671 3117 916 3184 meridionalem
941 3124 1068 3203 partem
1095 3118 1324 3185 descendendo
1351 3117 1393 3183 ad
1409 3113 1468 3179 val·

344 3225 408 3292 lem
423 3225 634 3310 pervenitque
651 3226 693 3291 ad
709 3227 857 3292 arborem
873 3227 936 3311 piri
952 3228 1008 3292 ubi
1025 3233 1074 3292 est
1088 3233 1177 3293 meta
1207 3233 1324 3309 terrea,
1356 3222 1465 3291 deinde

344 3355 403 3420 per
418 3334 552 3400 eandem
568 3335 685 3400 vallem
702 3336 744 3401 ad
759 3341 890 3419 pratum
906 3358 980 3402 cum
995 3335 1099 3402 rivulo
1116 3335 1206 3401 vadit
1222 3337 1309 3400 circa
1325 3334 1466 3398 vicinita-

345 3447 411 3506 tem
427 3447 512 3506 terre
528 3439 659 3507 Nicolai
676 3442 754 3508 dicti
770 3441 881 3508 Menas
898 3443 1066 3527 egreditur
1089 3442 1175 3507 infra
1199 3443 1248 3508 ad·
1266 3444 1350 3506 viam
1367 3445 1400 3505 et
1416 3439 1463 3503 de

346 3550 434 3615 venit
465 3549 507 3616 ad
538 3572 637 3616 unum
670 3549 957 3637 Sedpataklewasy
988 3551 1110 3617 dictum
1141 3553 1197 3617 ubi
1223 3552 1310 3616 circa
1341 3548 1468 3616 eandem

346 3665 422 3724 sunt
453 3659 515 3724 due
540 3664 625 3726 mete
650 3666 763 3744 terree,
790 3661 910 3732 abhinc
936 3661 1135 3727 transeundo
1169 3658 1403 3745 ipsum-poich
1433 3655 1469 3719 ad

345 3765 591 3832 meridionalem
615 3774 743 3852 partem
759 3791 817 3853 per
834 3770 970 3835 eandem
987 3771 1071 3835 viam
1088 3769 1194 3835 tendit
1217 3791 1318 3855 prope
1342 3767 1469 3834 {lunum

344 3873 421 3958 Ipul
446 3875 538 3939 iuxta
562 3876 762 3942 vicinitatem
787 3885 873 3943 terre
899 3878 1042 3944 eiusdem
1068 3877 1199 3944 Nicolai
1225 3877 1305 3944 dicti
1329 3875 1470 3943 Mezesa

346 3989 438 4068 parte
454 3984 655 4070 occidentali,
688 3987 807 4053 abhinc
822 3989 997 4072 peripsam
1014 3989 1099 4054 viam
1114 3988 1270 4054 veniendo
1286 3987 1417 4053 devenit
1432 3983 1470 4050 ad

346 4090 427 4156 duas
443 4097 546 4157 metas
562 4097 695 4179 terreas,
720 4095 830 4178 ibique
856 4095 963 4162 deficit
987 4097 1136 4162 vicinitas
1152 4101 1238 4164 terre
1263 4095 1402 4180 predicti
1418 4092 1471 4158 Ni-

347 4200 431 4265 colai
447 4199 556 4266 Mezes
573 4201 653 4267 dicti
670 4209 703 4268 et
718 4204 813 4270 iuxta
827 4211 931 4271 metas
962 4207 1051 4288 ipsas
1067 4211 1189 4270 terreas
1205 4204 1296 4270 vadit
1310 4203 1471 4289 paulisper

346 4327 405 4392 per
420 4329 518 4372 unam
534 4309 619 4374 viam
636 4331 769 4394 parvam
785 4311 827 4376 ad
843 4313 999 4378 orientem
1024 4317 1056 4377 et
1071 4311 1116 4376 ibi
1132 4311 1220 4376 cadit
1236 4310 1280 4376 ad
1304 4311 1471 4393 Irewaspa·

347 4415 405 4479 talr
421 4421 455 4480 et
469 4437 527 4500 per
544 4418 677 4483 eandem
693 4419 909 4504 Lewaspatak
933 4421 1040 4486 tendit
1055 4440 1166 4485 versus
1190 4417 1356 4484 meridiem
1375 4437 1472 4501 usque

347 4520 571 4609 fluviumlpul
597 4527 684 4592 circa
699 4528 902 4594 vicinitatem
928 4533 1014 4594 terre
1039 4528 1275 4612 archiepiscopi
1300 4533 1412 4593 sancte
1427 4547 1473 4590 ec-

350 4630 446 4701 clesie
463 4629 694 4719 strigoniensis
719 4641 752 4701 et
776 4636 823 4702 ibi
840 4637 942 4703 intrat
957 4637 999 4704 ad
1024 4637 1156 4702 fluvium
1181 4635 1258 4719 Ipul
1284 4655 1341 4718 per
1357 4637 1476 4719 ipsum·
