3112 5466
323 463 385 522 232
747 481 872 526 ossonr
888 467 1105 526 currinrriu.

321 639 414 703 Petri
431 689 438 702 .
454 689 461 702 .
478 660 550 704 oum
576 643 748 706 medietate
769 644 883 706 tributi
908 641 948 704 do
974 640 1086 706 eadem
1112 643 1192 707 villa
1217 641 1313 708 Wres
1328 694 1355 708 ..
1376 641 1433 708 Ste-

321 748 448 831 phanus
472 749 621 830 eligendo
642 773 699 832 pro
724 773 757 814 se
782 751 1001 834 recepisset..
1027 751 1104 814 villa
1121 772 1195 815 uero
1225 751 1394 816 Domozlou
1408 802 1433 816 ..

321 857 476 938 magistro
493 857 653 940 Gregorio
670 909 676 922 .
693 909 700 922 .
717 861 923 924 remansisset
940 909 946 923 .
964 908 971 922 .
987 857 1154 941 habenda;
1170 861 1250 924 item
1266 860 1299 923 in
1314 860 1434 924 secunda

323 963 478 1028 divisione
509 986 567 1048 per
599 963 802 1050 Stephanum
828 973 861 1032 et
886 965 1120 1049 Kompoldum,
1144 967 1300 1047 magistro
1324 967 1435 1049 quidem

324 1070 485 1153 Gregorio
502 1073 642 1155 excluso,
657 1073 861 1157 presentibus
879 1073 999 1138 eisdem
1025 1073 1189 1140 nobilibus
1215 1079 1248 1137 et
1272 1081 1377 1139 nostro
1399 1079 1436 1136 te-

324 1180 476 1244 stimonio
493 1180 581 1244 sacta
596 1181 630 1246 in
647 1183 720 1246 aliis
736 1183 840 1247 tribus
856 1182 1111 1266 possessionibus
1137 1182 1281 1264 ipsorum
1305 1183 1435 1247 videlicet

325 1289 422 1370 Roph
447 1288 594 1372 Wyzuek
612 1295 644 1354 et
660 1289 773 1375 Gyvrk
789 1313 862 1355 cum
879 1290 1020 1374 quadam
1046 1291 1207 1374 particula
1222 1295 1308 1355 terre
1323 1288 1436 1355 Athlrsr

326 1399 492 1464 nominata
523 1420 585 1480 qne
610 1422 669 1482 pro
694 1423 760 1464 una
785 1401 1071 1484 computantur'in
1097 1400 1211 1464 eodem
1237 1401 1383 1465 comitatu
1405 1399 1436 1462 de

325 1506 537 1590 Heuesryuor
552 1509 773 1591 existentibus,
789 1509 899 1573 villam
914 1507 1049 1592 Vyznek
1066 1558 1073 1572 .
1089 1559 1096 1572 .
1113 1509 1269 1591 magister
1280 1507 1437 1588 Gregorius

327 1615 476 1698 eligendo
492 1616 526 1678 in
545 1637 637 1680 suam
653 1618 827 1700 recepisset
843 1615 1028 1699 porcionem
1044 1665 1051 1679 .
1068 1663 1075 1680 .
1092 1614 1208 1680 deinde
1225 1615 1436 1699 possessionem

328 1721 445 1806 Gyurk
461 1743 533 1785 cum
549 1723 697 1806 predicta
713 1725 875 1807 particula
891 1730 977 1787 terre
994 1719 1127 1787 Athhar
1144 1773 1151 1787 .
1168 1773 1175 1786 .
1192 1722 1389 1807 Kompoldus
1410 1722 1438 1784 in

328 1851 418 1894 suam
450 1830 597 1911 eligendo
623 1833 797 1914 recepisset
824 1832 1058 1914 porcionem..
1077 1831 1155 1895 villa
1181 1837 1290 1895 autem
1314 1828 1401 1912 Roph
1414 1877 1439 1907 .‚

329 1936 496 2021 Stephano
522 1941 728 2005 remansisset
753 1991 760 2004 .
786 1991 793 2004 .
819 1939 988 2022 habenda;
1013 1941 1091 2003 item
1115 1939 1149 2002 in
1174 1940 1278 2004 tercia
1306 1937 1440 2002 divisione

329 2068 388 2129 per
405 2043 599 2127 Gregorinm
626 2055 658 2111 et
682 2047 907 2130 Kompoldum
932 2045 1098 2129 Stephano
1124 2047 1256 2127 quidem
1282 2045 1400 2110 excluso
1415 2091 1441 2106 ..

330 2154 418 2218 sacta
433 2154 465 2216 in
481 2154 554 2218 aliis
569 2153 674 2218 trihus
699 2153 952 2237 possessionibus
968 2155 1114 2237 ipsorum
1131 2153 1283 2217 videlicet
1297 2151 1441 2232 Eghaaas-

331 2285 424 2344 nana,
440 2263 644 2328 Louaznana
654 2269 687 2327 et
697 2263 839 2328 Zakrdos
855 2263 978 2327 vocatis
988 2263 1021 2325 in
1033 2261 1146 2326 eodem
1157 2263 1312 2326 comitatu
1322 2260 1442 2324 existen-

332 2371 418 2434 tibus
445 2371 674 2453 possessionem
701 2371 936 2453 Eghazasnana
963 2376 1135 2436 vocatam.
1162 2420 1168 2436 .
1196 2367 1375 2453 Stephanus
1397 2366 1444 2429 eti·

332 2478 436 2561 gendo
462 2480 495 2542 in
520 2501 611 2544 suam
635 2481 809 2562 recepisset
833 2481 1043 2563 porcionem.
1060 2531 1067 2543 .
1084 2478 1200 2543 deinde
1226 2479 1442 2562 possessionem

332 2586 531 2653 Lounrnana
542 2589 739 2653 nominatam
757 2639 763 2653 .
780 2640 786 2653 .
803 2588 958 2670 magister
968 2585 1149 2668 Gregorius
1165 2587 1198 2650 in
1210 2608 1303 2650 suam
1313 2581 1443 2666 eligendo

333 2697 508 2778 recepisset
523 2697 706 2780 porcionem
725 2748 732 2761 .
749 2747 755 2761 .
771 2697 930 2781 possessio
949 2694 1176 2759 veroZalralos
1193 2743 1200 2758 .
1217 2744 1224 2758 .
1242 2691 1447 2776 Kompoldo..

333 2805 539 2868 remansisset
554 2803 766 2886 possidenda;
791 2805 867 2868 item
885 2805 918 2866 iu
935 2809 1053 2885 quarta
1077 2801 1235 2866 divisione
1259 2823 1316 2884 per
1340 2799 1448 2880 Grego-

334 2911 417 2974 rium
438 2918 470 2976 et
490 2910 692 2994 Stephanum
717 2911 847 2976 excluso
866 2911 1054 2994 Kompotdo
1071 2961 1078 2976 .
1095 2963 1102 2975 .
1118 2911 1206 2975 sacta
1221 2911 1254 2974 in
1272 2911 1343 2974 aliis
1358 2908 1448 2972 tribus

334 3020 587 3102 possessionibus
612 3021 756 3102 ipsorum
781 3019 931 3084 videlicet
951 3019 1062 3084 Torua
1087 3016 1226 3102 Gyenda
1243 3015 1374 3082 Tauron
1389 3037 1449 3079 cunr

334 3127 509 3192 medietate
534 3129 740 3211 possessionis
766 3126 950 3212 Kompolth
975 3149 1038 3210 que
1064 3149 1123 3209 pro
1148 3148 1214 3191 una
1230 3129 1450 3208 computantur.

336 3236 458 3300 voeatis
490 3236 523 3298 in
555 3235 742 3318 supradicto
778 3236 935 3300 comitatu
974 3233 1197 3316 existentibus,
1236 3233 1451 3317 possessionem

337 3342 448 3408 Torua
473 3395 479 3408 .
504 3395 511 3408 .
537 3343 742 3426 Kompoldus
774 3343 920 3426 eligendo
953 3344 984 3407 in
1017 3363 1107 3407 snam
1140 3342 1315 3425 recepisset
1343 3337 1451 3422 porcio·

337 3473 411 3516 nem
428 3502 435 3516 .
452 3501 458 3515 .
476 3451 592 3516 deinde
609 3453 841 3536 possessionem
859 3451 973 3516 Taren
990 3472 1061 3514 cum
1074 3449 1249 3514 medietate
1259 3445 1452 3532 possessionis

337 3558 521 3642 Kompolth
551 3559 701 3624 videlicet
731 3561 883 3642 porcione
915 3558 1101 3624 eorumdem
1117 3559 1152 3622 in
1167 3557 1281 3622 eadem
1306 3554 1413 3620 habita
1427 3601 1453 3624 ·.

338 3667 523 3752 Stephanus
540 3668 688 3751 eligendo
705 3667 738 3731 in
754 3689 845 3733 suam
861 3667 1036 3751 recepisset
1061 3667 1272 3750 porcionem.
1289 3715 1296 3728 .
1313 3661 1453 3728 medietas

338 3797 413 3841 vero
429 3776 639 3859 possessionis
656 3772 793 3859 Gyenda
804 3775 953 3840 videlicet
968 3775 1078 3858 porcio
1095 3773 1318 3858 predictorum
1327 3769 1454 3836 filiomm

339 3885 487 3966 magistri
518 3883 610 3948 Petri
642 3887 676 3949 in
707 3884 820 3948 eadem
850 3883 965 3948 habita
991 3933 998 3947 .
1024 3932 1031 3947 .
1057 3883 1216 3965 magistro
1242 3878 1399 3964 Gregorio
1421 3923 1455 3940 .-

339 3993 592 4058 remansisset..
623 3991 790 4074 habenda;
821 3991 1011 4056 adiecerunt
1042 3991 1192 4055 eciam..
1218 3987 1307 4072 quod
1341 3987 1457 4072 quicun-

342 4123 404 4186 que
436 4121 475 4164 ex
505 4099 582 4183 ipsis
614 4099 663 4164 vel
694 4100 837 4182 ipsorum
871 4097 1044 4163 heredibus
1080 4097 1224 4181 aliquam
1260 4096 1309 4161 vel
1348 4095 1458 4177 aliquas

342 4233 381 4274 ex
404 4207 658 4290 possessionibus
685 4207 840 4291 predictis
871 4205 1023 4272 uidelicet
1056 4204 1265 4287 porcionibus
1297 4205 1364 4268 suis
1393 4221 1458 4284 quo·

343 4317 502 4402 quomodo
543 4337 694 4400 processu
734 4316 889 4400 temporis
928 4315 1125 4396 amitterent,
1157 4333 1222 4376 non
1253 4312 1288 4375 in
1319 4311 1459 4375 damnum

343 4429 487 4510 ipsorum
512 4426 723 4490 communiter
747 4423 803 4490 sed
827 4425 860 4488 in
886 4424 1039 4488 damnum
1063 4422 1250 4506 porcionem
1273 4441 1367 4483 suam
1396 4433 1461 4498 qno-

345 4533 426 4600 tibet
451 4533 546 4598 modo
572 4533 751 4600 amittentis
782 4533 854 4622 ipsa
884 4527 1014 4594 amissio
1038 4527 1251 4620 possessionis
1276 4527 1328 4590 rel
1354 4541 1463 4616 posses·
