3132 5470
541 507 797 578 taav.s0v.ao.
1183 513 1245 583 337

117 701 163 760 tes
178 693 213 760 in
230 698 424 778 perpetuum
440 691 590 757 duximus
606 693 845 759 concedendum
856 695 944 778 quod
965 697 1247 782 quocienscunque

117 825 175 870 uos
191 823 265 867 cum
281 802 400 867 nostris
424 800 572 866 hostibus
597 802 766 885 personale
791 803 908 867 inimus
935 803 1121 872 conflictum
1137 811 1174 872 tu
1190 813 1247 873 tue

116 931 252 996 persone
277 931 369 975 arma
385 915 418 974 et
441 931 605 976 armorum
630 910 776 994 quelibet
800 912 941 992 insignia
968 912 1131 980 detectiva
1146 922 1245 1000 atque

118 1023 250 1086 cristam
276 1025 309 1084 et
331 1017 485 1083 vexillum
501 1018 623 1084 habeas
651 1025 684 1083 et
708 1019 824 1084 induas
850 1020 1008 1088 deaurata
1034 1030 1067 1088 et
1083 1025 1148 1089 sive
1163 1047 1245 1108 puro

116 1129 224 1196 omnia
250 1126 407 1193 accendas
431 1127 465 1191 in
486 1148 574 1210 auro,
609 1133 641 1192 et
666 1129 693 1192 si
718 1149 941 1216 quemcunque
965 1131 1016 1196 vel
1037 1154 1247 1218 quoscunque

115 1239 235 1303 milites
252 1236 370 1302 similia
385 1235 449 1300 tuis
465 1235 564 1300 armis
581 1240 614 1299 et
628 1256 793 1300 armorum
818 1235 985 1303 detectivis
1001 1237 1142 1306 ferentes
1162 1241 1246 1306 mili·

115 1347 202 1411 taria
216 1346 357 1430 insignia
372 1366 429 1409 seu
445 1366 536 1409 arma
561 1365 660 1408 aurea
676 1349 734 1408 ant
760 1344 918 1412 deaurata
943 1347 1030 1412 intra
1045 1350 1148 1414 nostri
1163 1351 1246 1433 regi-

114 1456 209 1520 minis
242 1461 341 1537 atque
372 1453 507 1516 dicionis
540 1452 717 1536 reperieris,
748 1453 810 1536 ipsi
841 1453 960 1518 milites
991 1455 1052 1520 tibi
1069 1457 1186 1522 cedant
1213 1465 1246 1523 et

114 1562 299 1628 huiusmodi
315 1583 374 1626 sua
390 1581 481 1624 arma
498 1567 530 1624 et
555 1582 719 1626 armorum
745 1561 905 1628 detectiva
930 1563 1070 1646 insignia
1086 1565 1245 1631 deaurata

115 1671 271 1736 militaria
288 1673 461 1753 exponant,
478 1674 580 1751 tuque
597 1669 708 1733 eadem
735 1670 776 1734 ab
793 1671 870 1754 ipsis
887 1669 1053 1736 auferendi
1079 1674 1147 1738 siue
1169 1697 1243 1740 oon-

115 1779 311 1848 tradiccioue
337 1779 448 1859 aliqua
464 1777 629 1860 pleneme
657 1777 749 1842 nobis
771 1799 954 1844 concessam
979 1779 1100 1846 habeas
1126 1781 1244 1866 ubique

114 1893 317 1971 potestatem.
342 1885 468 1950 Datum
493 1907 551 1969 per·
566 1907 681 1950 manus
699 1887 830 1951 discreti
857 1889 917 1952 viri
942 1891 1091 1972 magistri
1107 1889 1243 1958 Andree

115 1996 269 2080 prepositi
286 1994 419 2059 ecclesie
435 1991 592 2057 Albensis
612 2000 645 2058 et
661 1995 735 2058 aule
746 2001 855 2060 nostre
865 1997 1123 2064 vicecancellarii
1134 2000 1244 2064 dilecti

115 2113 146 2168 et
160 2103 266 2168 fidelis
283 2103 395 2182 nostri,
411 2123 494 2165 anno
512 2101 632 2165 domini
648 2101 824 2168 Millesimo
851 2107 1078 2172 trecentesimo
1105 2110 1241 2192 septimo

115 2209 206 2298 (igy),
223 2211 348 2276 decimo
364 2208 522 2274 kalendas
538 2207 741 2294 Novembris,
758 2212 850 2295 regni
866 2215 968 2278 nostri
994 2237 1078 2280 anno
1096 2217 1245 2281 similiter

114 2321 263 2384 vicesimo
281 2319 429 2401 septimo.

221 2481 313 2545 Kivaq
324 2497 340 2530 a
354 2481 427 2530 xlv.
440 2479 537 2550 suazad
549 2479 669 2531 reszirltl
683 2481 746 2532 valo
759 2482 857 2533 irassal
870 2485 1051 2548 Privilegium
1067 2486 1098 2536 Κ.
1113 2487 1186 2550 regis
1201 2502 1243 2536 su·

114 2589 161 2637 per·
175 2573 248 2622 datis
263 2572 350 2636 signis
372 2585 513 2622 armorum
527 2571 753 2635 magistriDonch
766 2573 912 2624 ‹leaurstia

221 2718 309 2766 Vbi-os
326 2717 353 2765 es
380 2715 459 2778 seir-ga
472 2715 590 2765 czeruen
608 2717 694 2781 ffiggb
716 2718 808 2780 pecset
830 2719 1007 2784 nyomaival5
1030 2721 1161 2786 credetije
1175 2738 1192 2772 a
1205 2722 1237 2772 N.

111 2809 306 2858 Mvrzeumban.

598 2950 758 2960 ——.---—·

642 3191 715 3252 299.

111 3353 211 3414 1327.
237 3351 343 3414 Kolta
369 3373 438 3414 rto-n.
465 3351 517 3413 26.
546 3349 694 3414 Szobolcs
719 3356 887 3436 evirrncpye
913 3354 1083 3440 olispciajc
1109 3357 1244 3422 aebbe-

106 3459 218 3522 ln'raoi
244 3457 361 3524 Koitai
396 3457 579 3522 Maeliani·
615 3456 752 3544 Lcnqpol
777 3459 884 3522 Jdnos
910 3461 1004 3526 olleai
1028 3467 1125 3550 vulpot
1157 3466 1241 3530 ellia-

598 3567 749 3650 losztjo'k.
1226 3560 1228 3566 ⁵

218 3727 289 3794 Nos
314 3728 468 3810 magister
493 3724 640 3791 Jacobus
670 3725 757 3791 filius
782 3726 875 3792 Petri
902 3729 1078 3795 vicecomes
1094 3733 1241 3814 magistri

101 3835 231 3902 ‹Iavoebi
245 3835 315 3917 filii}
332 3835 496 3919 quondam
521 3835 633 3900 Danae
657 3835 796 3919 palatini
824 3837 949 3901 comitis
974 3837 1014 3902 de
1039 3837 1196 3904 Zobouoh
1212 3847 1245 3904 et

101 3953 253 4030 quatuor·
268 3945 390 4010 iudices
407 3943 564 4010 nobilium
580 3943 620 4007 de
636 3943 748 4008 eodem
765 3943 879 4009 damus
895 3967 954 4028 pro
971 3949 1137 4031 memoria,
1154 3948 1243 4030 qnod

100 4078 182 4120 oum
212 4055 387 4120 secundum
422 4053 657 4120 continenciam
683 4053 828 4136 priorum
854 4053 1023 4120 literarum
1054 4062 1243 4121 nostrarum

98 4165 348 4230 memorialium
372 4163 548 4227 Ladislaus
565 4160 651 4226 filius
667 4161 841 4226 Michaelis
857 4161 995 4227 sabbato
1011 4165 1158 4247 proximo
1169 4171 1244 4248 post

97 4274 232 4340 festum
245 4273 341 4338 beate
371 4271 534 4338 Katerine
560 4272 692 4354 virginis
718 4270 924 4338 Lukachium
950 4278 984 4336 et
1000 4272 1144 4339 Paulum
1160 4274 1244 4340 filios

95 4383 205 4450 Bana
224 4389 255 4447 et
270 4381 446 4448 Nicolaum
471 4403 625 4466 sponsum
641 4381 796 4446 Dannani
821 4383 994 4446 servientes
1023 4403 1098 4447 suos
1114 4383 1244 4447 racione

95 4491 295 4558 nocumenti
312 4495 429 4556 contra
453 4490 644 4573 magistrum
670 4487 857 4553 Johannenr
884 4488 1005 4553 <lictum
1031 4487 1154 4571 Leugel
1181 4497 1244 4555 sta-

96 4609 199 4664 tuere
221 4598 384 4663 debuisset
402 4599 512 4680 sicque
529 4599 599 4682 ipso
617 4598 756 4662 termino
789 4597 979 4661 adveniente
989 4597 1074 4661 idem
1091 4599 1246 4682 magister·

91 4706 285 4773 Ladislans
301 4706 432 4771 eosdem
448 4707 622 4770 servientes
639 4707 741 4790 ipsius
759 4706 876 4770 statuit
892 4711 990 4788 prout
1015 4706 1190 4770 tenebatur
1211 4715 1243 4771 et

142 4841 312 4880 nnsouuoar
329 4830 494 4876 onulsvrlu
510 4842 538 4878 ιι.
557 4831 618 4877 utu.
1095 4819 1136 4878 22
