3112 5466
354 433 418 494 266
709 446 898 493 nurousosr
914 432 1134 492 orulrrrls.

351 611 638 675 instrumentorum
655 609 849 692 corumdem,
866 609 1030 692 predictus
1040 607 1218 673 Ladinlaus
1234 606 1320 672 lilius
1333 606 1475 692 Stephani

351 719 566 802 personaliter
582 718 737 784 adiuncto
765 719 826 783 sibi
852 718 963 783 Bricio
990 717 1092 782 fratre
1117 737 1174 781 suo
1200 717 1330 782 uterino
1356 716 1398 782 ab
1421 739 1472 780 nna

348 828 545 911 pa1·te,itcm
561 825 707 910 prefatus
722 825 923 890 Benedictus
939 847 997 910 pro
1014 847 1048 891 se
1064 823 1280 908 personaliter
1299 819 1372 911 proJ
1388 823 1470 890 Nico-

349 935 402 1000 lao
418 956 494 999 rero
511 939 544 1000 et
559 933 716 999 Ladizlao
733 933 889 1000 fratribus
906 935 971 999 suis
988 933 1183 1017 supradictis
1203 954 1275 998 oum
1291 939 1466 1017 procurato-

348 1045 405 1108 riis
422 1043 542 1109 litteris
559 1044 694 1128 capituli
710 1043 880 1108 memorati
896 1042 938 1108 ab
954 1043 1068 1124 altera,
1094 1038 1227 1108 obtenta
1243 1064 1263 1106 a
1278 1041 1373 1107 nobis
1388 1042 1469 1106 licen-

351 1152 401 1216 cia
417 1151 450 1215 in
465 1150 553 1216 sacto
570 1151 725 1235 premisse
742 1151 949 1234 possessionis
975 1155 1009 1215 et
1032 1151 1269 1234 pertinencium
1288 1150 1331 1216 ad
1349 1149 1467 1215 cauden

349 1258 501 1324 videlicet
510 1258 659 1342 premissi
669 1259 786 1324 montis
796 1255 964 1344 Kapala*)
976 1263 1008 1322 et
1018 1258 1169 1324 villarum
1175 1255 1384 1343 Gyurkfolua
1400 1257 1472 1340 Kys·

349 1367 442 1433 solud
451 1373 485 1432 et
494 1365 631 1451 Wyfolu
639 1367 880 1432 nominatarum
890 1367 923 1431 in
934 1367 1045 1450 predic
1056 1367 1123 1432 sive
1132 1367 1298 1432 territorio
1309 1371 1469 1431 memorale

349 1476 557 1559 possessionis
573 1473 743 1542 Gurtuatu
762 1477 898 1540 sitarum
917 1476 1183 1560 componentibus
1214 1481 1247 1540 et
1263 1470 1471 1539 ordinantibus

348 1583 492 1667 pacificis
503 1583 771 1668 compositoribus
787 1582 829 1648 ad
844 1582 952 1665 talem,
969 1589 1007 1647 ut
1023 1584 1125 1648 omnis
1138 1583 1310 1648 inimicicie
1326 1581 1423 1646 fomes
1438 1579 1467 1644 dc

350 1692 456 1758 medio
473 1693 659 1778 ipsorumin
674 1696 867 1776 perpetuum
885 1692 1074 1774 extirpetur,
1091 1692 1179 1774 pacis
1190 1691 1388 1756 devenerunt
1396 1690 1469 1754 unio·

347 1823 430 1883 nem,
447 1801 533 1884 quod
550 1801 650 1866 iidem
665 1800 841 1866 Ladirlaus
867 1805 901 1865 et
926 1797 1056 1866 Bricius
1082 1798 1141 1865 filii
1168 1797 1330 1886 Stephani
1354 1803 1470 1883 propter

348 1908 525 1976 efficaciam
534 1910 754 1994 rigorositatis
763 1909 1050 1974 instrumentorum
1059 1909 1093 1973 in
1103 1906 1465 1974 obtenoionectemoione

347 2018 447 2101 ipsius
462 2018 672 2101 possessionis
688 2023 722 2082 et
737 2039 869 2083 suarum
885 2017 1065 2082 utilitatum
1091 2017 1133 2082 ad
1157 2018 1262 2100 ipsam
1287 2023 1325 2082 ut
1348 2015 1464 2101 premis·

348 2148 418 2192 sum
434 2133 484 2191 est
507 2127 727 2211 speetancium
753 2130 932 2191 memorato
957 2123 1069 2192 Deseu
1094 2125 1155 2192 rite
1181 2130 1215 2191 et
1239 2125 1382 2210 legitime
1404 2145 1464 2188 con-

349 2233 508 2299 sectorum
524 2240 557 2299 et
574 2256 799 2300 concessorum
810 2233 1051 2300 considerantes
1061 2234 1143 2299 nihil
1160 2256 1199 2298 ex
1208 2234 1323 2299 eadem
1339 2255 1371 2298 se
1386 2254 1463 2317 posse

347 2341 537 2424 reobtinere,
562 2343 666 2426 ipsam
691 2342 924 2427 possessionem
949 2364 1022 2407 cum
1046 2347 1155 2408 monte
1180 2343 1328 2425 predicto
1352 2343 1384 2406 in
1410 2361 1462 2424 quo

347 2471 433 2514 nunc
448 2454 591 2515 castrum
608 2456 657 2516 est
673 2455 895 2516 constructum
911 2457 942 2516 et
960 2473 1033 2516 cum
1058 2450 1131 2516 aliis
1147 2451 1233 2516 villis
1259 2449 1414 2534 premissis
1434 2449 1462 2517 iu

346 2560 511 2624 territorio
538 2560 639 2644 ipsius
657 2560 728 2624 sitis
753 2559 953 2624 utilitatibus
978 2557 1129 2624 videlicet
1154 2559 1195 2623 ab
1220 2558 1355 2642 antiquo
1378 2556 1460 2642 perti-

345 2666 497 2732 nentibus
528 2667 571 2732 ad
602 2665 737 2732 eandem
769 2665 963 2751 supradictis
988 2665 1064 2732 filiis
1089 2666 1200 2732 Deseu
1232 2666 1384 2731 heredum
1413 2683 1461 2748 per

345 2773 479 2839 heredes
503 2773 546 2838 ad
569 2781 759 2859 perpetuam
791 2775 1022 2844 successionem
1050 2774 1183 2858 pacifice
1200 2780 1233 2839 et
1258 2775 1366 2859 quiete
1389 2794 1458 2838 con-

344 2881 502 2946 miserunt
526 2887 559 2946 et
584 2888 819 2967 perpetuarent
844 2935 851 2948 .
878 2932 885 2946 .
910 2882 996 2947 idem
1030 2905 1104 2948 vero
1130 2882 1328 2949 Benedictus
1352 2903 1405 2966 pro
1431 2900 1458 2943 sc

344 2989 559 3071 personaliter
575 2995 608 3054 et
622 3012 682 3074 pro
698 2990 777 3074 ipsis
792 2988 949 3054 fratribus
964 2991 1095 3055 nomine
1111 2991 1347 3076 procuratorio,
1362 3007 1456 3072 quarn·

344 3119 442 3182 quam
459 3120 498 3163 ex
515 3097 659 3164 efficacia
675 3120 805 3164 sucrum
821 3099 1110 3164 instrumentorum
1131 3099 1268 3165 eandem
1279 3105 1312 3164 et
1321 3098 1361 3163 ad
1370 3098 1455 3180 ipsam

343 3207 540 3290 pertinentes
556 3205 787 3272 inviolabiliter
804 3211 913 3270 tenere
930 3209 1120 3291 potuissent,
1139 3213 1249 3273 tamen
1268 3213 1305 3272 ut
1316 3209 1453 3291 perpetus

343 3336 407 3398 pax
417 3315 519 3399 possit
534 3315 619 3379 inter
633 3315 722 3398 ipsos
739 3335 779 3378 ex
795 3319 933 3396 utraque
949 3319 1042 3398 parte
1069 3315 1243 3399 observari,
1263 3315 1374 3398 viginti
1387 3310 1454 3374 dues

342 3443 468 3488 marcas
484 3426 617 3505 propter
626 3419 801 3486 firmiorem
816 3421 918 3504 ipsius
937 3423 1220 3506 perpetuacionem
1238 3422 1357 3488 eisdem
1370 3417 1454 3484 Ladi-

343 3531 414 3596 rlao
435 3537 468 3595 et
486 3529 597 3595 Bricio
622 3531 709 3594 omni
727 3530 835 3595 inriet
854 3529 995 3595 dominio
1016 3531 1103 3615 quod
1118 3553 1152 3596 se
1168 3532 1202 3596 in
1227 3531 1338 3597 eadem
1350 3535 1378 3593 et
1399 3525 1452 3590 suis

341 3637 540 3704 utilitatibus
557 3659 591 3702 se
607 3659 700 3722 posse
715 3637 836 3703 habere
853 3644 887 3703 et
902 3639 1047 3704 obtinere
1063 3639 1225 3723 putabant
1252 3633 1451 3704 renuncianti-

340 3748 401 3815 bus
427 3748 551 3813 solvere
566 3749 659 3813 iuxta
675 3747 874 3830 obligamina
897 3749 931 3812 in
947 3748 1020 3813 aliis
1035 3749 1155 3814 litteris
1171 3750 1292 3814 nostris
1316 3751 1450 3814 contenta

343 3859 378 3922 in
411 3856 558 3921 terminis
590 3855 735 3937 legitime
755 3854 798 3919 ad
822 3854 883 3919 hoc
903 3873 1011 3920 coram
1035 3858 1106 3941 ipso
1131 3857 1276 3941 capitulo
1307 3852 1450 3939 deputetis

340 3967 490 4030 assumsit
516 3987 549 4029 se
574 3969 608 4028 et
631 3963 775 4047 prefatos
790 3963 909 4028 fratres
926 3987 1000 4031 suos
1024 3964 1161 4030 firmiter
1187 3965 1376 4049 obligand03
1399 3979 1446 4025 nos

339 4075 451 4158 itaque
476 4074 531 4157 qui
547 4094 586 4136 ex
607 4070 713 4138 officio
733 4071 889 4138 ordinarii
900 4073 1063 4139 iudicatus
1082 4075 1259 4158 unicuique
1273 4073 1357 4158 quod
1370 4089 1447 4136 sunm

340 4183 476 4248 reddere
493 4188 526 4247 et
541 4179 666 4246 firmius
682 4181 775 4246 iuxta
791 4203 885 4248 suum
900 4204 1085 4266 processum
1111 4189 1144 4248 et
1168 4183 1300 4250 modum
1316 4181 1447 4247 roboare

447 4359 473 4423 *)
486 4362 601 4426 Kapale,
614 4363 705 4425 Kspla
726 4364 799 4427 hegy
823 4365 925 4414 debr
937 4364 1145 4430 varmegytben‚
1158 4365 1237 4416 inntt
1248 4369 1359 4416 uarezte
1370 4360 1448 4425 magu
1543 4343 1544 4364 ¹

340 4451 439 4514 Kaplai
452 4451 546 4514 danos,
560 4467 592 4502 aa
607 4452 768 4502 oklevelbsn
781 4453 902 4504 emlitett
919 4455 1046 4504 Benodelr
1059 4455 1103 4515 fia,
1122 4455 1144 4506 Ι.
1158 4454 1240 4520 Isajos
1254 4457 1344 4519 kirtly
1357 4451 1447 4504 malle

339 4540 459 4590 ‹lasanak
472 4539 559 4605 regen
582 4555 660 4590 orosz
684 4541 772 4606 vajda,
799 4543 827 4591 ds
849 4545 999 4608 Zslgmond
1021 4546 1111 4609 klraly
1134 4545 1356 4597 urallrodrtstnalr
1375 4543 1446 4608 elejtn

339 4629 505 4695 orsztgbird,
519 4647 535 4680 a
547 4631 677 4682 Isorrindfl
691 4633 782 4683 osaltd
797 4635 849 4683 dee.
1338 4636 1418 4688 Saerk.
