3172 5462
585 449 679 518 1324.
695 471 765 520 rme
780 452 829 520 18.
1209 454 1270 520 143

133 634 280 699 venturis
306 633 524 700 mediantibus
535 633 654 700 litteris
664 634 858 700 venerabilis
869 633 1004 718 capituli
1024 635 1157 700 ecclesie
1167 635 1271 702 Nitri-

134 742 221 808 ensis
247 741 449 826 confirmare,
485 744 545 809 tali
579 743 706 808 vinculo
738 743 950 828 obligacionis
975 743 1155 828 interiecto,
1182 751 1219 810 ut
1244 746 1271 810 si

132 849 282 933 prefatus
308 848 447 918 Gochou
464 901 471 916 .
487 901 494 916 .
511 850 712 936 sepedictam
736 855 858 917 terram
877 851 1034 917 ..comiti
1064 851 1212 919 Martino
1238 859 1271 918 et

132 957 210 1023 filiis
227 960 295 1025 suis
311 982 377 1026 non
392 965 612 1046 perpetuaret,
628 966 748 1024 extunc
757 959 913 1026 tredecim
923 981 1039 1046 pensas
1060 959 1268 1028 denariorum

134 1067 213 1132 dare
231 1073 264 1133 et
281 1069 407 1134 solvere
423 1074 597 1151 teneretur,
613 1090 672 1153 pro
690 1069 808 1152 quibus
824 1069 980 1136 tredecim
996 1071 1104 1154 pensis
1120 1071 1268 1136 denario-

133 1197 207 1242 rum
227 1199 286 1259 pro
313 1177 425 1243 eodem
442 1175 582 1244 Gochou
598 1175 624 1242 J
626 1177 768 1242 ohannes
777 1181 979 1267 felliporios
996 1183 1122 1246 donziai
1136 1184 1221 1268 repis
1238 1185 1271 1245 et

133 1283 308 1350 Johannes
324 1283 551 1370 filiusYpoliti
566 1283 770 1350 fideiussores
787 1287 975 1352 extiterunt.
987 1286 1111 1352 Datum
1127 1286 1209 1352 ferie
1225 1308 1272 1352 se·

133 1393 244 1458 cunda
276 1395 425 1477 proxima
458 1401 533 1460 ente
558 1392 677 1458 festum
702 1391 898 1462 Nativitatis
923 1394 948 1460 J
950 1395 1086 1461 ohannis
1121 1395 1271 1479 baptiste,

132 1521 219 1565 enno
236 1501 359 1566 domini
375 1501 429 1566 Μ0
445 1499 546 1568 0000
562 1500 654 1566 XX⁰
670 1507 797 1585 quarto.

244 1664 395 1729 Hsitlapjdn
414 1665 511 1716 hetrom
524 1665 616 1730 pensat
635 1666 811 1733 nyomaiva13
835 1667 964 1732 eredetije
984 1683 1001 1718 a
1021 1666 1055 1718 N.
1079 1667 1271 1720 Muzeumbsn.

134 1754 236 1804 Kozri:
251 1755 377 1820 ngdnyi
391 1755 423 1806 K.

627 1899 784 1911 ——nnnn--n

671 2135 743 2198 129.

134 2297 234 2362 1324.
253 2297 500 2382 Visrgrddjcn.
515 2299 563 2362 18.
581 2299 609 2364 Ι.
627 2297 754 2382 Krircly
763 2296 874 2384 kircily
890 2297 962 2361 eloe
980 2295 1132 2362 Na'brridi
1148 2297 1267 2364 Midlo's

130 2409 164 2470 ές
190 2407 301 2470 tdrsai
317 2407 454 2492 Lenpyel
469 2407 590 2472 Ja'nost
606 2407 755 2492 bizonyos
766 2405 970 2470 Itdvetele'ee're
982 2408 1074 2469 no'zve
1090 2407 1267 2492 kiele'pr'rik.

243 2545 314 2613 Nos
329 2545 476 2614 Karolus
492 2599 499 2614 .
516 2598 523 2613 .
539 2570 596 2614 rex
613 2599 620 2614 .
637 2598 644 2614 .
661 2547 775 2612 damus
789 2569 847 2631 pro
864 2546 1028 2629 memoria,
1052 2548 1139 2632 quod
1164 2549 1264 2632 magi-

130 2661 201 2723 ster
227 2655 254 2722 J
255 2655 398 2722 ohannes
409 2657 546 2741 polonus
563 2658 649 2723 sicut
666 2656 745 2721 dicit
760 2679 800 2722 ex
815 2677 881 2722 una
896 2661 999 2741 parte,
1015 2656 1094 2722 item
1111 2653 1269 2722 Nicolaus

131 2765 171 2828 de
197 2763 348 2849 Nebrad,
374 2764 545 2831 Johannes
569 2765 655 2830 filius
681 2763 845 2830 Johannis
870 2763 911 2828 de
937 2764 1049 2829 eadem
1073 2763 1211 2830 Nabrad
1236 2771 1270 2830 et

130 2870 317 2956 Gregorius
342 2869 428 2938 filius
455 2871 584 2938 Emuch
604 2873 688 2938 sicut
714 2871 827 2938 dicunt
846 2876 940 2956 parte
957 2871 998 2938 ab
1015 2872 1121 2938 altera
1136 2922 1143 2937 .
1161 2921 1167 2938 .
1184 2873 1270 2938 dixe·

131 2985 213 3045 rnnt
240 2979 333 3046 nobis
349 3029 356 3045 .
371 3030 378 3046 .
396 2981 484 3064 quod
509 2983 543 3046 in
568 3002 665 3046 causa
686 3002 784 3066 quem
809 2980 897 3046 idem
922 2981 1079 3064 magister
1098 2980 1268 3047 Johannes

130 3095 252 3155 contra
276 3088 362 3171 ipsos
385 3089 420 3152 in
444 3091 567 3155 octavis
590 3088 825 3155 Penthecostes
855 3089 1011 3174 proximis
1026 3111 1154 3155 movere
1170 3087 1269 3154 habe-

132 3196 193 3262 bat
212 3195 330 3262 taliter
341 3198 599 3282 concordassent,
616 3197 869 3284 quodNicolaus
887 3197 927 3263 de
943 3197 1079 3264 Nabrad
1095 3199 1129 3262 in
1145 3197 1269 3263 octavis

129 3305 487 3388 Assumpcionisbeate
507 3308 642 3392 virginis
667 3329 754 3372 nunc
778 3307 923 3372 venturis
943 3307 1082 3372 solveret
1098 3305 1159 3371 sibi
1176 3327 1266 3371 sexa-

128 3415 227 3496 ginta
245 3413 325 3480 duos
341 3435 470 3497 grossos
480 3437 590 3482 coram
607 3423 766 3482 conventu
783 3416 823 3480 de
839 3415 935 3480 Leles
952 3419 986 3480 et
1002 3413 1089 3499 quod
1105 3415 1190 3480 idem
1206 3415 1232 3480 J
1233 3438 1265 3481 o·

128 3523 260 3587 hannes
284 3521 387 3588 frater
410 3524 510 3606 ipsius
527 3523 657 3591 Nicolai
680 3525 830 3590 similiter
846 3524 1015 3608 sexaginta
1032 3523 1113 3588 duos
1129 3543 1266 3607 grossos.

128 3631 316 3716 Gregorius
326 3654 401 3698 vero
409 3631 557 3716 prefatus
573 3634 810 3717 quinquaginta
841 3654 969 3718 grossos
985 3632 1147 3697 solverent
1163 3631 1267 3696 eidem

128 3741 291 3824 magistro
308 3738 453 3806 Johanni
467 3741 647 3806 intermino
658 3740 806 3824 predicto
822 3791 830 3807 .
846 3791 853 3806 .
869 3741 994 3807 Datum
1005 3742 1040 3806 in
1056 3739 1266 3824 Wyesegrad,

128 3871 216 3914 nono
236 3848 290 3912 die
315 3855 504 3916 octavarum
519 3847 595 3914 festi
619 3849 839 3935 Pentecostes,
857 3871 942 3916 enno
959 3849 1080 3915 domini
1096 3848 1150 3914 Μ0
1167 3845 1267 3915 000υ

128 3955 225 4022 XX⁰
236 3963 365 4040 quarto.

242 4099 345 4152 Kietis
358 4104 412 4154 Pro
426 4104 555 4156 Johsnne
568 4105 707 4156 Bochemo
721 4104 790 4170 (igy)
801 4109 896 4155 contra
909 4103 1055 4155 Nicolaum
1069 4107 1097 4154 et
1109 4103 1266 4154 Johannem

128 4189 162 4242 de
174 4191 294 4243 Nabrsd
307 4199 336 4244 et
345 4193 507 4258 Gregorium
521 4233 527 4246 .
542 4231 566 4248 ..

240 4321 371 4370 Zeirlatdn
384 4321 656 4387 peosdttdredekke13
671 4321 800 4386 credetije
813 4323 870 4373 aN.
884 4321 1076 4382 Mezeumban,
1088 4335 1105 4369 e
1114 4319 1215 4384 Keiley
1228 4335 1265 4370 es.

128 4412 217 4463 ltban.
241 4411 337 4460 Kozli:
351 4411 474 4477 ngrinyi
486 4411 600 4478 Keroly.

625 4591 781 4606 ψ
