3130 5470
324 439 389 506 416
678 454 866 506 sruouuonr
882 442 1098 504 orntnrrln.

326 621 504 688 dicavimus
519 624 678 708 perpetuo
704 617 916 705 possidendas
940 617 1097 692 tenendas
1123 624 1155 684 et
1180 618 1342 685 habendas
1356 619 1427 684 salso

323 737 432 796 tamen
447 731 518 795 iure
535 729 642 794 alieno
660 729 700 794 de
717 728 837 794 eisdem
852 732 1048 792 remanente.
1057 726 1185 793 Datum
1201 728 1235 792 in
1244 725 1426 830 Wyssegrad,

323 838 515 905 duodecimo
532 839 584 904 die
601 842 791 903 octavarum
804 834 1038 902 Penthecostes
1054 835 1284 920 predictarum,
1300 834 1425 902 annodo

323 949 402 1014 mini
418 946 473 1012 Μ0
489 945 591 1014 000⁰
607 943 701 1010 XX⁰
716 967 810 1012 nono.

431 1110 528 1176 thgd
549 1110 700 1175 pecstttel;
729 1110 860 1176 eredetije
882 1126 914 1162 az
927 1125 997 1162 orsa.
1019 1111 1074 1161 ltstr
1095 1109 1196 1160 kincst.
1220 1111 1287 1160 oszt.
1307 1107 1339 1159 N.
1359 1107 1386 1158 B.
1404 1107 1430 1158 Δ.

326 1207 386 1255 649.
401 1209 426 1256 7.
440 1203 506 1266 dipl.
520 1201 592 1252 lttr:
607 1204 685 1252 2547.
699 1201 798 1252 Kozli:
812 1201 916 1252 Vincas
929 1201 1030 1252 (labor.

857 1601 931 1662 361.

1537 1319 1539 1408 l

328 1767 423 1830 1329.
449 1764 509 1849 jot
544 1715 637 1826 1.'A
663 1761 873 1848 aepyedrodi
914 1771 1045 1826 convent
1071 1761 1143 1826 etos
1175 1761 1312 1828 chnosi
1341 1760 1436 1824 larda
1539 1781 1540 1786 ¹

326 1873 468 1938 Ecscdea
478 1868 867 1956 Szatmdrcdrmcppe'bea
877 1867 945 1934 le‘ot'
961 1867 1168 1934 birtolcre‘szdt
1184 1868 1306 1934 Bo‘tori
1321 1869 1436 1934 Berccalc

694 1977 831 2063 fiainak
846 1976 1077 2064 elzdlogositjc.

435 2139 506 2208 Nos
522 2139 643 2206 Petrus
668 2140 853 2226 prepositus
879 2143 913 2204 et
938 2143 1115 2206 conventus
1140 2140 1329 2206 monasterii
1352 2139 1440 2205 sancti
1540 2133 1541 2146 ²

329 2247 488 2336 Stephani
504 2248 766 2336 prothomartiris
783 2248 824 2313 de
848 2247 1071 2335 promontorio
1087 2247 1298 2314 Waradiensi
1314 2297 1320 2316 .
1336 2299 1343 2315 .
1358 2247 1439 2332 signi·

328 2357 463 2425 ficamus
480 2408 487 2424 .
503 2407 511 2423 .
528 2356 616 2442 quod
632 2351 818 2440 Stephanus
834 2355 921 2422 filius
937 2354 1063 2423 Thome
1079 2355 1120 2422 de
1135 2355 1281 2423 Iwanusi
1295 2379 1353 2442 pro
1368 2377 1398 2422 se
1411 2361 1438 2420 et

327 2489 388 2554 pro
403 2465 561 2534 Ladislao
577 2463 679 2532 fratre
704 2487 763 2532 suo
788 2465 830 2532 ab
855 2486 921 2530 una
945 2470 1041 2550 parte
1067 2469 1100 2530 et
1125 2465 1276 2550 magistri
1290 2465 1441 2532 Johannss

334 2574 471 2642 Leuhus
487 2595 526 2641 ac
541 2571 701 2640 Nicolaus
717 2572 777 2638 filii
791 2571 937 2638 Bricchii
952 2571 993 2636 de
1009 2569 1140 2638 Bathur
1164 2573 1207 2640 ab
1232 2574 1338 2640 altera
1351 2592 1443 2639 coram

332 2683 425 2760 nobis
440 2682 654 2768 personaliter
680 2681 849 2748 constituti
864 2679 951 2746 idem
976 2677 1160 2764 Stephanus
1177 2731 1184 2747 .
1200 2732 1207 2747 .
1225 2685 1276 2748 est
1292 2679 1444 2758 consess,

332 2790 421 2876 quod
437 2792 514 2875 quia
529 2811 638 2857 omnes
653 2790 871 2875 possessiones
895 2789 1040 2874 ipsorum
1056 2791 1169 2874 quovis
1194 2792 1324 2857 nomine
1339 2809 1443 2858 nuncu·

332 2906 410 2986 pate
426 2900 460 2964 in
475 2899 746 2984 acquisicionibus
763 2903 879 2984 quarte
895 2897 1052 2982 puellaris
1078 2904 1111 2964 et
1126 2899 1223 2966 rebus
1239 2900 1445 2984 parapherna·
1542 2981 1543 2986 ἵ

333 3009 420 3076 libus
444 3009 545 3074 nimia
570 3009 763 3074 necessitate
789 3013 897 3073 essent
920 3007 1099 3092 ponderate
1125 3013 1159 3073 et
1184 3030 1335 3094 oppresse
1360 3005 1444 3073 etde
1542 3007 1543 3010 ’

333 3118 473 3205 propriis
487 3115 700 3184 facultatibus
711 3138 776 3182 non
786 3122 920 3202 possent
931 3116 1111 3184 deliberare
1127 3117 1226 3184 aliter
1241 3120 1304 3184 nisi
1320 3119 1445 3202 aliquam

335 3249 375 3293 ex
390 3225 546 3310 predictis
559 3226 813 3310 possessionibus
829 3227 972 3310 ipsorum
981 3225 1111 3311 pignori
1126 3224 1274 3321 ohligare
1290 3229 1446 3312 oporteret,

336 3333 501 3422 quandam
531 3335 729 3418 particulam
759 3354 816 3400 seu
846 3336 1032 3420 porcionem
1063 3355 1174 3402 eorum
1204 3337 1250 3406 iu¹
1263 3335 1446 3421 possessione

335 3441 452 3510 Eched
482 3447 598 3510 vocata
628 3445 661 3508 in
694 3443 850 3509 comitatu
876 3437 1116 3510 Zathmariensi
1132 3445 1325 3512 existentem
1340 3445 1447 3512 scilicet

334 3550 545 3618 medietatem
561 3551 648 3634 ipsos
664 3551 734 3616 iure
749 3550 946 3618 hereditario
978 3553 1218 3636 contingentem
1235 3555 1326 3620 cuius
1341 3571 1448 3639 posses·

337 3661 435 3726 sionis
452 3659 609 3725 medietas
635 3659 763 3727 eosdem
786 3659 871 3728 fihos
895 3658 1041 3726 Bricchii
1065 3663 1202 3746 attingit
1227 3683 1301 3730 cum
1317 3661 1448 3730 omnibus

336 3768 536 3848 utilitatibus
561 3774 594 3835 et
619 3769 827 3854 pertinenciis
851 3770 1008 3836 universis
1032 3792 1053 3836 a
1077 3769 1157 3838 data
1180 3773 1383 3856 presencium
1401 3789 1450 3854 per

338 3877 484 3961 spacium
500 3882 641 3962 quatuor
658 3897 817 3944 annorum
832 3900 891 3963 pro
909 3883 981 3944 octo
1007 3881 1124 3946 marcis
1155 3901 1342 3964 grossorum
1365 3879 1450 3946 bohe

337 3985 501 4052 micalium
518 3986 613 4070 plene
629 3993 662 4052 et
677 3989 803 4072 integre
814 3987 1025 4055 coramnobis
1042 3989 1224 4074 quamlibet
1239 4009 1450 4057 marcamcum

339 4094 577 4180 quinquaginta
593 4097 712 4181 grossis
737 4117 796 4181 per
811 4097 917 4182 ipsum
941 4096 1147 4182 Stephanum
1170 4099 1266 4184 plene
1290 4099 1406 4168 habitis
1425 4099 1452 4160 et

338 4205 477 4288 receptis
494 4211 526 4269 et
541 4227 600 4290 per
616 4205 744 4272 eosdem
760 4203 844 4272 filios
869 4205 1014 4272 Bricchii
1029 4207 1206 4293 persolutis
1221 4209 1370 4294 pignori.
1386 4257 1393 4272 .
1407 4205 1452 4271 oh

338 4309 453 4393 ligavit
470 4333 578 4378 coram
594 4312 686 4379 nobis
702 4313 760 4380 tali
775 4313 872 4380 modo
883 4315 971 4398 quod
986 4317 1013 4380 si
1029 4315 1063 4380 in
1079 4321 1199 4400 quarto
1216 4337 1301 4383 anno
1317 4315 1453 4382 uidelicet

343 4434 378 4500 111
393 4419 515 4485 octavis
530 4419 724 4488 Natiuitatis
746 4422 835 4487 beati
852 4421 877 4488 J
879 4421 1015 4490 ohannis
1032 4422 1184 4509 Baptiste
1198 4425 1378 4510 predictam
1393 4444 1453 4508 por·

340 4528 465 4594 cionem
480 4551 591 4596 eorum
608 4530 765 4596 redimere
780 4532 929 4615 poterint
938 4531 1019 4598 hene
1037 4533 1168 4616 quidem
1185 4534 1331 4621 alioquin
1355 4539 1454 4620 postea

341 4655 413 4714 cunr
428 4659 512 4722 pena
528 4644 670 4722 quatuor
681 4660 863 4705 marcarum
874 4640 1132 4728 quandocunque
1147 4642 1306 4710 redimere
1315 4645 1455 4730 poterunt
