3132 5470
353 485 418 558 990
712 493 1136 562 lurouromounlrruln.

353 673 402 741 dit
418 695 451 740 se
469 671 512 740 ud
529 694 627 740 unum
659 671 759 741 berch
777 682 809 741 et
826 673 873 741 sic
887 695 946 760 per
976 673 1071 740 illum
1102 675 1200 742 berch
1231 679 1351 743 iterato
1377 693 1472 742 uersus

354 789 479 869 purtem
497 785 796 869 septemtrionalem
828 783 935 850 tendit
951 806 1011 868 per
1027 791 1155 851 montes
1179 787 1388 853 limitaeionis
1401 789 1474 852 inter

351 891 554 976 Nogrimoch
571 899 603 958 et
619 891 731 960 Looch
747 915 852 977 usqne
862 893 990 959 Wurad
1006 893 1117 977 ibique
1132 895 1292 960 vicinatur
1309 919 1383 962 cum
1397 902 1472 962 terro

353 1001 393 1066 de
409 1001 539 1068 Zeehen
555 1025 575 1068 a
590 1010 685 1088 perte
700 1004 948 1088 septemtrionis,
963 1025 1022 1088 per
1038 1005 1178 1071 rivulum
1203 1013 1313 1073 autem
1337 1009 1422 1073 renit
1435 1007 1470 1072 ed

351 1117 479 1196 partem
510 1112 742 1177 occidentalem
767 1133 869 1196 usque
886 1118 990 1176 metas
1020 1117 1107 1177 terre
1137 1111 1348 1199 Nogrymoch
1379 1121 1410 1181 et
1436 1115 1469 1180 de

351 1221 455 1284 rivulo
472 1219 539 1285 exit
554 1219 596 1284 ad
612 1220 876 1303 septemtrionem
907 1221 1089 1304 transitque
1119 1223 1204 1288 viam
1230 1245 1382 1306 magnum
1396 1224 1469 1308 prio·

351 1350 420 1393 rem
460 1329 670 1414 pervenitque
702 1328 743 1393 ud
774 1329 882 1394 locum
897 1329 1038 1412 primum
1055 1380 1062 1395 .
1081 1382 1088 1396 .
1107 1329 1231 1398 Datum
1262 1331 1344 1396 serie
1361 1333 1464 1416 quinte

351 1435 499 1520 proxime
528 1441 604 1520 post
619 1435 737 1502 festum
769 1435 1015 1520 Penthecostes‚
1048 1459 1132 1502 anno
1164 1437 1286 1506 domini
1302 1439 1466 1505 Millesimo

351 1541 453 1610 0000
468 1541 560 1608 XX⁰
575 1543 720 1629 septimo.

459 1691 481 1740 1.
492 1689 598 1754 Ktroly
611 1689 702 1753 kirtly
724 1693 800 1740 1³27.
814 1693 883 1753 sept.
911 1689 980 1740 e-iki
1004 1693 1170 1756 megerosltlt
1195 1692 1355 1756 ritirutr'sbol,
1377 1695 1464 1757 melyel

353 1779 431 1844 Fejer
443 1779 467 1829 is
481 1781 561 1828 kozol
573 1779 591 1828 i.
605 1795 641 1830 m.
656 1779 732 1828 v111,
746 1785 771 1828 4.
786 1783 836 1829 656
851 1780 869 1830 1.
881 1797 887 1844 ;
901 1781 991 1830 cunels
1003 1782 1134 1846 eredetiJe
1147 1797 1267 1848 megvau
1291 1797 1324 1832 sz
1337 1798 1403 1832 orsz.
1423 1783 1468 1832 ltir

359 1871 458 1939 kinost.
472 1875 538 1919 oszt.
561 1869 593 1920 N.
607 1869 639 1919 R.
654 1869 686 1918 A.
700 1872 763 1920 435.
779 1874 802 1918 1.
817 1869 883 1932 dipl.
897 1871 928 1920 lt.
944 1874 1023 1921 2418.
1037 1871 1119 1921 Kozli
1132 1889 1137 1922 :
1151 1873 1254 1922 Vincze
1268 1871 1370 1923 Gtibor.

836 2013 993 2022 ———--

884 2195 957 2258 265.

356 2361 450 2424 1327.
458 2361 534 2452 jesu.
544 2356 611 2423 4.Α
623 2357 723 2422 bodri
733 2356 894 2443 kdptalau
906 2359 934 2422 I.
946 2357 1071 2443 Il’droly
1081 2359 1260 2442 hircilyuak
1267 2359 1388 2443 jelenti,
1397 2361 1466 2442 hopy

351 2468 513 2553 Boqlnslco'
526 2469 664 2558 Neiprcirl
674 2467 856 2552 vdrmepyei
865 2466 1010 2530 lirtolrba
1022 2469 1054 2530 e'e
1066 2469 1343 2552 turtozruu'uyuu’bn
1360 2466 1465 2531 Tutoris

697 2575 821 2660 erdelyi
835 2576 952 2659 uojddt
972 2576 1135 2640 beiktattu.

458 2735 584 2802 Karolo
602 2787 608 2801 .
626 2786 632 2800 .
648 2737 718 2818 regi
742 2733 914 2818 Hungerie
946 2735 1125 2819 capitulum
1156 2735 1318 2802 Budeusis
1348 2731 1465 2801 ecclesie
1548 2789 1549 2794 ,

310 2891 313 2899 -
366 2843 525 2910 ,litteras
557 2835 662 2908 vestre
694 2843 880 2908 serenitatis
905 2843 1061 2908 noveritis
1077 2865 1136 2908 nos
1152 2843 1310 2927 recepisse
1334 2849 1464 2907 tenorem
1547 2909 1548 2935 ¹

351 2950 533 3018 huiusmodi
550 2953 769 3018 continentes:
801 2949 1007 3036 (koretlrezik
1017 2949 1044 3015 I.
1061 2949 1190 3034 Ktroly
1206 2950 1312 3035 kirtly
1327 2949 1465 3027 ollerele,
1546 3009 1547 3041 p

347 3060 497 3145 melyben
527 3057 685 3148 essbudei
717 3057 890 3142 keptelent
931 3057 1068 3142 kilrttldi,
1109 3059 1195 3142 hogy
1230 3057 1344 3124 Elissfi
1377 3057 1464 3122 Peter
1545 3121 1546 3149 ¹

350 3167 460 3234 fitnulr
477 3167 640 3233 Petemek
656 3165 821 3250 Boglesklt
841 3169 937 3233 {nevil
953 3164 1127 3232 birtolreba
1143 3169 1177 3231 es
1194 3163 1464 3249 tertozmtnyniba
1544 3201 1545 3214 κ

350 3275 469 3342 Tamus
481 3277 601 3361 erdelyi
611 3274 854 3360 rajdetilrtassa
870 3273 910 3340 be
924 3297 962 3358 3a
977 3273 1095 3360 kirolyi
1110 3274 1307 3360 meghagyte
1324 3273 1462 3340 tertelme
1543 3301 1544 3314 κ

350 3385 383 3448 es
398 3383 486 3449 kelte
516 3404 685 3468 megegyez
702 3405 722 3447 a
737 3381 873 3447 fiintebb
892 3387 965 3447 262.
982 3405 1023 3448 sn.
1040 3405 1068 3448 a.
1084 3383 1198 3448 kozolt
1226 3381 1348 3448 oklerel
1363 3377 1462 3445 tertul·

348 3492 456 3556 miuval
486 3495 519 3557 es
550 3489 712 3577 kelterel.)
745 3489 815 3556 Nos
846 3491 957 3574 itaque
973 3541 980 3555 .
997 3540 1004 3554 .
1022 3513 1093 3555 cnm
1118 3491 1265 3574 predicto
1281 3489 1414 3555 Nicoloo
1429 3487 1462 3550 de
1541 3501 1542 3504 ’

349 3597 452 3665 Gelsu
476 3598 608 3664 homine
640 3606 747 3664 restro
779 3605 927 3664 nostrum
957 3599 1119 3664 hominem
1150 3597 1314 3666 Jacobum
1329 3595 1463 3661 videlicet

347 3706 565 3791 presbiterum
581 3708 704 3773 socium
721 3713 753 3772 et
778 3708 1031 3774 concsuonicum
1047 3712 1193 3772 nostrum
1210 3757 1217 3771 .
1233 3756 1241 3771 .
1258 3728 1317 3789 pro
1333 3703 1462 3770 testimo·

347 3817 402 3881 nio
420 3813 569 3880 duximus
586 3814 872 3880 transmittendum
889 3815 945 3898 qui
961 3865 968 3879 .
985 3866 992 3880 .
1009 3815 1192 3880 retulerunt
1217 3815 1306 3898 quod
1320 3813 1378 3898 ipsi
1392 3809 1462 3875 ieris

313 3929 316 3936 '
348 3929 467 4007 quarta
482 3924 630 4007 proxime
646 3929 720 4007 post
736 3923 854 3988 festum
870 3922 1084 3989 Ascensionis
1098 3921 1219 3988 domini
1235 3921 1279 3988 ad
1294 3921 1387 3986 facies
1401 3938 1462 4003 pos·

347 4033 524 4108 sessionum
556 4031 730 4120 Bogloslrw
769 4031 951 4096 Luchuuch
982 4037 1015 4096 et
1044 4031 1183 4116 Eperies
1214 4027 1409 4096 Zanasteluk
1436 4031 1462 4088 et

347 4139 495 4205 Izbisehe
511 4145 643 4205 vocatos
659 4139 754 4205 Petri
770 4138 829 4204 filii
861 4139 954 4204 Petri
979 4139 1038 4205 filii
1068 4137 1151 4223 Elye
1167 4140 1200 4204 in
1218 4141 1369 4204 comitutu
1385 4133 1461 4200 Neu·

346 4245 509 4330 gradiensi
525 4247 702 4312 existentes
734 4249 943 4312 accessissent
969 4253 1001 4311 et
1027 4245 1155 4311 easdem
1172 4297 1179 4312 .
1196 4295 1203 4312 .
1220 4245 1460 4312 reambnlsssent

346 4362 380 4419 et
395 4355 588 4420 statuissent
613 4353 786 4438 magnifico
802 4356 871 4420 viro
888 4353 1013 4420 Thome
1043 4355 1178 4442 roivode
1209 4353 1416 4419 Transilrano
1430 4355 1458 4414 et

347 4463 456 4528 comiti
473 4462 513 4528 de
529 4461 646 4529 Zonulr
662 4469 820 4548 perpetuo
845 4461 1065 4548 possidendas,
1098 4484 1236 4546 querum
1262 4459 1388 4546 quidem
1403 4466 1457 4524 ter·

345 4591 455 4635 rarum
486 4593 543 4636 seu
573 4573 811 4654 possessionum
841 4569 1015 4654 Bogloslrw
1047 4569 1183 4654 Eperies
1214 4576 1248 4636 et
1273 4565 1457 4634 Zenasteluk

343 4685 431 4746 mete
446 4681 550 4766 prime
565 4681 679 4764 incipit
709 4703 729 4746 a
744 4687 838 4766 perte
854 4679 1006 4747 orientali
1021 4679 1056 4744 in
1071 4701 1135 4745 uno
1159 4677 1278 4745 beereh
1293 4697 1389 4762 supro
1400 4696 1444 4740 ar·
