3172 5462
703 477 890 526 arroononr
907 464 1124 524 onsrlsr'rla.

871 718 922 778 72.

337 863 429 924 1323.
447 860 558 940 Bada,
567 861 633 945 jul.
651 862 680 924 6.
707 860 734 923 I.
751 859 997 943 Kdrolplrr'rdly
1014 884 1051 923 az
1078 865 1192 946 orszrip
1208 861 1461 946 kozlrato'scipoit,

332 970 505 1033 lrtlltlrro'sea
517 968 616 1052 podir]
633 969 811 1030 lt'omo‘roaa
827 969 1009 1052 *rcirroeppc‘t
1026 973 1175 1053 atosr'tjo,
1194 971 1276 1054 kopp
1292 993 1312 1031 a
1332 970 1461 1053 ozor-pit-

331 1079 444 1162 ezr'peti
459 1077 640 1162 apricarilnt
647 1075 879 1162 felszalrcillosr'
904 1073 1096 1140 lr'rroltoloa
1112 1079 1334 1141 'rrisdr’tarto'sr'
1342 1076 1461 1162 jopote-

581 1185 640 1246 baa
659 1185 772 1247 sesami
787 1184 902 1246 aratos
919 1207 956 1245 ae
972 1184 1222 1269 ctada'lpozzo'le.

438 1307 583 1374 Karolus
600 1357 607 1372 .
624 1357 631 1372 .
647 1329 705 1371 rer
721 1357 727 1371 .
744 1357 751 1371 .
768 1303 916 1372 fidelibus
935 1307 1000 1374 suis
1018 1309 1173 1374 universis
1183 1309 1364 1392 comitibus,
1381 1307 1459 1372 iudi-

332 1419 431 1498 cibus,
442 1417 635 1500 castellanis,
647 1414 848 1499 officialibus,
866 1415 1047 1482 tributariis
1058 1423 1091 1482 et
1107 1419 1291 1502 specialiter
1301 1418 1413 1482 comiti
1428 1423 1457 1478 et

333 1527 510 1592 castellano
521 1526 560 1591 de
576 1525 758 1608 Remorum
778 1525 914 1608 aliisque
931 1526 1048 1610 quibus
1062 1533 1225 1611 presentes
1246 1527 1460 1592 ostenduntur

333 1636 471 1700 salntem
488 1640 520 1699 et
545 1635 696 1717 graciam.
721 1632 846 1698 Dicunt
870 1634 962 1700 nobis
979 1636 1128 1719 religiose
1144 1636 1273 1702 domine
1289 1636 1459 1701 sanctimo-

332 1744 436 1808 niales
452 1742 491 1808 de
507 1742 621 1807 Insula
631 1742 726 1807 beate
740 1743 873 1825 virginis
889 1741 1034 1808 Budensi
1051 1743 1285 1828 conquerendo,
1303 1743 1391 1827 quod
1406 1765 1459 1807 ros

332 1853 496 1916 universos
511 1850 656 1916 homines
681 1848 723 1914 ad
738 1851 969 1933 possessionem
993 1853 1138 1936 ipsorum
1153 1853 1353 1918 Felzalralus
1369 1873 1459 1918 roca·

332 1966 401 2025 tam
418 1981 514 2025 causa
539 1959 601 2024 lori
626 1965 659 2024 et
685 1959 823 2023 aliorum
849 1960 1069 2042 quorumlibet
1085 1961 1292 2044 negociorum
1309 1983 1460 2046 peragen-

333 2066 449 2132 dorum
465 2068 627 2131 venientes
642 2067 856 2152 prohiberetis
866 2071 973 2131 otnon
984 2069 1152 2134 cessaretis
1167 2069 1340 2134 molestare
1353 2097 1360 2153 3
1378 2069 1458 2134 unde

315 2197 407 2240 ¹cum
423 2197 481 2240 nos
505 2176 670 2239 universas
696 2175 847 2240 ecclesias
863 2176 954 2258 regni
978 2178 1081 2240 nostri
1102 2183 1134 2241 et
1159 2177 1344 2261 specialiter
1361 2177 1457 2242 eccle·

333 2285 414 2348 siam
430 2281 525 2347 beate
541 2283 673 2365 virginis
697 2282 858 2366 prefatam
875 2285 908 2349 in
935 2285 1001 2348 suis
1017 2284 1142 2349 iuribus
1159 2291 1191 2350 et
1206 2285 1459 2370 possessionibus

332 2391 423 2456 illese
438 2391 471 2456 in
496 2395 641 2456 nostram
665 2391 856 2474 recipientes
881 2391 1118 2474 proteccionem
1138 2393 1310 2476 specialem
1326 2395 1457 2459 velimus

334 2520 531 2582 conservare,
555 2499 704 2564 volumus
729 2505 762 2563 et
777 2505 883 2562 vestre
906 2497 1060 2564 fidelitati
1076 2500 1189 2564 damus
1214 2499 1353 2566 firmiter
1368 2507 1400 2566 et·
1414 2501 1457 2565 di·

333 2611 445 2675 strict-e
460 2609 493 2672 in
518 2605 688 2688 mandatis,
705 2611 866 2688 quatenus
892 2605 1017 2670 nullum
1033 2605 1076 2670 ad
1092 2607 1212 2672 dictam
1229 2611 1456 2692 possessionem

333 2719 476 2801 ipsorum
493 2737 590 2780 cansa
615 2715 739 2796 negocii
757 2715 894 2779 alicuius
914 2714 1090 2798 peragendi
1115 2717 1296 2781 venientem
1312 2717 1457 2800 prohibe·

334 2827 397 2890 atis
407 2825 457 2888 vel
469 2823 711 2907 quomodolibet
721 2823 906 2906 molestetis,
927 2822 983 2886 sed
1002 2823 1103 2888 libere
1124 2824 1261 2888 interris
1282 2827 1359 2890 etin
1369 2827 1457 2909 equis

334 2953 373 2997 ac
390 2931 512 3014 absque
528 2931 614 2996 omni
631 2929 825 2995 difficultate
841 2930 1013 3014 procedere
1029 2932 1235 3015 permittetis,
1254 2938 1287 2996 et
1303 2933 1387 3008 sicut
1404 2953 1456 2996 nos

334 3038 728 3124 offenderepertimescitis
737 3061 828 3104 secus
838 3059 902 3104 non
912 3039 1038 3120 facturi,
1049 3040 1194 3122 alioquin
1205 3039 1457 3124 indignacionem

334 3155 477 3216 nostram
511 3170 576 3214 non
600 3149 762 3213 immerito
796 3148 823 3212 si
847 3169 937 3212 secus
962 3147 1102 3212 feceritis
1136 3148 1317 3231 incurretis,
1343 3153 1375 3212 et
1397 3147 1455 3211 hoc

336 3259 484 3323 columns
500 3277 558 3341 per
573 3257 644 3322 sore
661 3263 693 3321 et
703 3257 768 3322 alie
779 3256 851 3321 loca
868 3255 988 3339 ubique
998 3256 1107 3340 palam
1117 3257 1321 3340 proclamari.
1337 3256 1458 3320 Datum

335 3363 429 3431 Bude
445 3367 478 3429 in
503 3365 624 3429 octaris
650 3364 869 3448 apostolorum
894 3362 987 3428 Petri
1004 3369 1036 3428 et
1060 3361 1158 3429 Pauli
1183 3363 1361 3448 beatorum,
1377 3383 1459 3428 anno

333 3473 453 3539 domini
469 3473 523 3538 Μο
540 3471 639 3538 0000
655 3471 747 3538 ΧΧ0
762 3475 872 3540 tercio.

439 3601 588 3666 Hatlapjatn
601 3601 693 3665 pecstt
714 3602 888 3666 nyornrrival;
909 3599 1037 3665 eredetije
1058 3615 1090 3652 az
1112 3615 1180 3651 orsz.
1200 3601 1256 3650 lter
1280 3600 1378 3650 kincst
1392 3601 1451 3648 osat.

332 3692 407 3744 Mon.
426 3693 488 3743 Poe.
508 3696 550 3743 33.
572 3697 595 3742 3.
616 3693 682 3757 dipl.
695 3694 766 3743 lter:
787 3697 864 3744 2175.
878 3693 974 3745 Kezn:
993 3693 1096 3744 Vincze
1115 3693 1217 3744 (labor.

815 3833 971 3846 nna—..h-

872 3947 921 4010 73.

336 4094 431 4157 1323.
465 4089 632 4178 l‘lseprar'd,
650 4090 716 4178 jol.
736 4093 785 4157 13.
812 4089 839 4156 Ι.
868 4090 994 4176 Karoly
1010 4088 1121 4176 ln'ro'ly
1145 4113 1165 4154 o
1183 4091 1273 4156 oriozr'
1289 4089 1456 4177 captatae

333 4202 472 4280 laesae,
489 4204 569 4286 lropp
586 4201 713 4264 Michor
729 4201 819 4282 ficit,
845 4200 968 4264 berlrlrer'
988 4201 1168 4280 aemaselat,
1193 4201 1244 4262 lae
1272 4202 1457 4264 alteratam

335 4321 413 4375 nortl
433 4309 569 4394 Nepae
579 4311 761 4395 aar'rraeppoi
784 4309 974 4374 stracholto
992 4309 1124 4394 Dolspp
1150 4333 1250 4372 coatras
1271 4312 1303 4372 e's
1321 4303 1460 4372 testre'rei

680 4417 832 4481 alleac'lren
849 4419 984 4502 helyezzc
1007 4418 1118 4482 a·t'ssza.

440 4539 586 4606 Karolus
603 4590 609 4605 .
625 4589 632 4605 .
649 4561 705 4604 rex
722 4591 729 4604 .
745 4591 752 4605 .
770 4539 912 4624 capitulo
934 4542 1065 4606 ecclesie
1076 4539 1281 4607 Wechiensis
1299 4590 1305 4605 .
1324 4591 1330 4605 .
1350 4539 1461 4605 dicunt-

334 4647 427 4714 nobis
442 4646 561 4713 Petrus
586 4647 672 4713 filius
696 4646 825 4714 Nicolai
851 4655 883 4713 et
899 4647 1046 4714 Jacobus
1071 4649 1156 4715 filius
1175 4648 1303 4715 Mathei
1322 4647 1381 4714 filii
1403 4647 1460 4712 Mi-
