3240 5460
330 445 373 506 54
692 461 879 506 nusouuonr
897 447 1113 507 ommsmrn.

329 645 389 708 pro
406 623 619 688 fidelitatibus
631 629 663 687 et
679 624 855 687 meritoriis
873 621 1014 686 serviciis
1031 621 1172 688 eiusdem
1189 631 1296 688 vestra
1313 627 1469 691 maiestas

329 738 487 818 perpetuo
513 731 740 815 possidendam
761 733 960 814 contulisset,
977 737 1009 796 et
1025 733 1258 798 reanrbulaudo
1276 757 1348 800 cum
1365 737 1469 802 otnui·

330 842 390 906 bus
407 842 604 906 utilitatibus
621 848 654 906 et
679 841 887 924 pertinenciis
912 845 1071 906 statueret
1088 842 1176 909 dicto
1193 846 1350 928 magistro
1366 843 1468 910 Ihoni

330 955 487 1034 perpetuo
514 949 764 1034 possidendam.
783 1000 789 1015 .
806 948 876 1014 Nos
893 950 1017 1032 igitur.
1035 1000 1042 1014 .
1058 951 1200 1016 misimus
1221 1002 1227 1016 .
1247 1001 1254 1017 .
1274 954 1469 1036 magistrum

331 1059 494 1124 Jacobum
520 1057 783 1123 archidiaconum
809 1057 848 1121 de
873 1057 1029 1142 Sumhnn,
1052 1061 1108 1141 qui
1124 1059 1166 1124 ad
1182 1082 1241 1126 nos
1256 1083 1404 1127 reversus
1422 1062 1470 1127 di-

331 1169 388 1246 xit,
406 1166 493 1250 quod
513 1167 658 1251 prefatus
683 1166 779 1232 homo
804 1173 910 1232 vester
935 1168 1004 1250 ipso
1021 1173 1170 1251 presente
1188 1169 1222 1232 in
1238 1171 1361 1235 octavis
1376 1171 1470 1236 beati

331 1275 503 1340 Michaelis
528 1275 714 1357 archangeli
741 1275 780 1339 de
806 1299 888 1341 novo
914 1278 1088 1357 preteritas
1114 1273 1197 1362 (igy)
1221 1280 1409 1344 accessisset
1427 1280 1470 1344 ad

331 1383 447 1448 faciem
463 1383 670 1466 possessionis
694 1389 866 1467 prenotate
883 1390 915 1450 et
935 1385 1069 1450 eandem
1084 1386 1289 1468 presentibus
1306 1388 1420 1453 ricinis
1438 1397 1472 1452 et

334 1492 561 1574 commetaneis
588 1491 730 1556 eiusdem
758 1493 964 1575 possessionis
992 1499 1025 1558 et
1051 1495 1237 1577 specialiter
1262 1497 1470 1579 presentibus

334 1597 494 1682 Gregorio
511 1597 650 1664 Nicolao
667 1605 699 1664 et
714 1599 897 1664 Laurenoio
914 1599 989 1664 filiis
1006 1599 1138 1665 Nicolai
1153 1601 1213 1666 filii
1228 1601 1326 1667 Pauli
1346 1602 1385 1667 de
1403 1603 1471 1669 Ba-

334 1731 397 1792 nay
407 1707 640 1773 reambulasset
652 1715 683 1773 et
700 1731 773 1773 oum,
787 1708 934 1773 omnibus
951 1709 1172 1776 utilitatibus.
1189 1760 1196 1774 .
1214 1711 1279 1775 suis
1294 1714 1470 1778 statuisset

334 1816 421 1882 dioto
445 1817 601 1900 magistro
617 1815 716 1882 Ihoni
738 1818 807 1882 iure
824 1821 981 1902 perpetuo
997 1817 1223 1900 possidendam
1240 1867 1246 1884 .
1267 1868 1274 1884 .
1289 1819 1419 1886 Datum
1434 1823 1470 1886 iu

334 1922 416 1988 festo
442 1923 531 1989 beati
546 1921 637 1990 Luco
663 1925 878 2010 ewangeliste,
904 1945 989 1990 anno
1016 1925 1138 1991 domini
1163 1925 1339 1994 Millesimo
1364 1925 1471 1994 000⁰

334 2029 457 2096 XXmo
481 2031 630 2098 secundo.

442 2178 463 2228 Ι.
483 2178 587 2243 Karoly
610 2179 757 2244 kirtlynalr
782 2183 858 2231 1323.
881 2193 943 2244 aug.
969 2180 1049 2231 30-an
1072 2179 1131 2231 kelt
1144 2181 1436 2248 adomanyleveldb613
1450 2185 1470 2234 l.

335 2269 425 2319 alabb.

820 2415 978 2424 -—-—-..

875 2581 926 2642 45.

338 2742 433 2804 1322.
461 2752 520 2805 oct.
537 2742 642 2806 torsit.
659 2737 707 2806 Aa
734 2744 803 2827 apri
825 2744 989 2830 lectptalan
1014 2743 1140 2807 Do'zsai
1166 2744 1278 2808 Halm
1295 2743 1469 2830 Gydrrnda

336 2849 446 2922 tonale
463 2849 628 2935 Lipdtcola
644 2849 753 2934 Fopni
770 2851 892 2916 Bola'zs
900 2851 1014 2938 fttlelti
1032 2857 1181 2938 veiroapp
1208 2853 1303 2916 ellani
1326 2853 1470 2938 dpye'den

587 2955 807 3042 mepjeleudsrc
824 2962 862 3044 ὑφ’
891 2962 1087 3044 hotdruapot
1104 2970 1156 3024 tila
1176 2961 1220 3023 di.

444 3114 513 3182 Nos
530 3117 708 3201 capit-ulum
735 3118 866 3183 ecclesie
890 3114 1060 3202 Agriensis
1086 3120 1200 3184 (lamus
1216 3141 1274 3203 pro
1300 3121 1470 3223 memoria⁷

337 3225 424 3309 quod
441 3248 514 3290 cum
530 3227 623 3290 iuxta
648 3228 884 3293 continenciam
909 3228 1092 3295 litterarum
1119 3234 1303 3293 nostrarum
1320 3231 1471 3294 memori-

337 3335 438 3399 alium
455 3332 642 3400 Germanus
657 3335 744 3400 iilius
759 3333 878 3400 Hitlen
897 3336 936 3400 de
955 3337 1068 3400 Dausa
1085 3340 1121 3402 ia
1136 3340 1308 3423 quindenis
1324 3339 1470 3404 residen-

339 3447 385 3508 eie
402 3448 558 3510 accercitus
585 3444 705 3509 domini
731 3443 814 3527 regis
832 3444 911 3510 duos
927 3445 1009 3510 filios
1026 3467 1101 3510 suos
1117 3445 1266 3510 videlicet
1281 3444 1470 3530 Lypoldum

338 3557 370 3615 et
401 3550 573 3617 Nicolaum
600 3553 865 3636 composicionem
897 3552 1086 3618 confirmare
1111 3554 1266 3637 magistro
1297 3552 1411 3619 Blasio
1427 3553 1471 3618 de

337 3658 431 3743 Foyn
457 3660 633 3726 castellano
659 3661 698 3724 de
722 3659 837 3745 Fylek,
860 3659 1008 3725 habitam
1026 3662 1112 3726 inter
1136 3663 1244 3745 ipsum
1270 3667 1303 3727 et
1328 3661 1471 3727 eundem

337 3769 528 3850 magistrum
553 3755 700 3833 Blasium
725 3768 942 3832 mediantibus
966 3769 1084 3833 litteris
1109 3770 1228 3834 nostris
1245 3791 1354 3834 coram
1373 3770 1472 3836 nobis

337 3881 480 3940 statuere
491 3876 661 3957 debuisset,
672 3877 861 3942 adveniente
877 3878 946 3960 ipso
963 3879 1101 3942 termino
1112 3878 1198 3943 idem
1207 3877 1366 3943 Nicolaus
1380 3877 1472 3945 filius

337 3980 485 4048 German
501 3985 714 4067 personaliter
724 3987 905 4068 comparuit
916 4006 1027 4050 coram
1037 3985 1139 4070 uobis,
1150 3983 1316 4050 affirmans
1332 3985 1472 4052 eandem

337 4092 604 4174 composicionem
629 4115 727 4176 quam
753 4094 859 4158 dietus
894 4100 988 4177 pater
1013 4117 1089 4159 suus
1116 4116 1189 4159 cum
1213 4093 1283 4176 ipso
1308 4095 1470 4176 magistro

337 4200 450 4265 Blasio
466 4199 543 4265 fecit
559 4207 665 4265 ratam
690 4199 810 4265 habere
827 4207 859 4266 et
875 4209 1041 4286 acceptam
1061 4209 1161 4286 atque
1176 4201 1304 4266 firmam
1319 4209 1419 4284 prout
1434 4204 1473 4268 in

338 4309 457 4373 eisdem
472 4309 591 4374 littoris
607 4311 724 4375 uostris
741 4312 944 4394 continetur·;
961 4333 1020 4394 pro
1031 4312 1227 4377 eodemvero
1243 4311 1366 4394 Ipolito
1383 4309 1472 4398 (igy)

338 4416 439 4481 fratre
456 4439 513 4482 suo
525 4416 630 4482 dictus
650 4417 808 4484 Nicolaus
819 4418 966 4483 exhibuit
983 4419 1075 4494 uobis
1092 4419 1220 4483 litteras
1237 4417 1359 4482 domiui
1383 4421 1473 4502 regis

339 4525 539 4590 continentes
564 4527 651 4609 quod
676 4527 857 4591 cumidem
881 4527 1023 4610 Ipolitus
1048 4529 1089 4591 sit
1116 4549 1189 4592 cum
1216 4526 1345 4591 domiuo
1361 4547 1419 4592 suo
1435 4527 1473 4591 in

341 4632 492 4700 confinali
524 4642 630 4700 castro
656 4633 798 4700 eiusdem
824 4635 944 4701 domini
968 4637 1105 4721 regiain
1131 4635 1281 4720 partibus
1297 4635 1473 4702 maritimis
