3152 5472
558 481 655 544 1332.
673 499 752 543 sunu
771 480 799 542 5.
1184 481 1246 544 621

110 658 327 744 possessionis
344 658 565 724 distinxissent
580 707 610 724 ..
636 657 938 743 reambulatamque
963 709 970 724 .
998 709 1005 725 .
1030 659 1156 744 prefato
1183 679 1249 724 ma-

110 769 217 852 gistro
234 767 359 834 'l'home
375 767 462 843 dicto
479 767 575 854 Tyuk
592 789 665 832 curn
679 763 903 836 Vernelteleki
914 771 947 833 et
956 767 1029 834 aliis
1039 769 1248 853 pertinenciis

111 878 179 943 suis
196 882 297 962 prout
313 900 333 944 a
347 878 461 944 ricinis
478 883 511 944 et
527 877 755 958 commetaneis
770 877 816 943 ibi
832 876 1064 962 apparentibus
1081 882 1114 944 st
1130 879 1203 944 aliis
1228 899 1249 942 a

115 986 238 1072 quibus
262 988 372 1054 decuit
387 991 420 1052 et
446 987 540 1053 licuit
563 988 668 1071 ipsam
686 985 883 1071 particulam
900 991 986 1052 terre
1004 985 1249 1056 Verneltheleki

110 1095 154 1160 ad
169 1095 280 1180 ipsam
295 1096 529 1180 possessionem
546 1092 634 1181 Gyal
650 1094 846 1160 invenissent
862 1098 894 1160 et
910 1095 1077 1162 scivissent
1086 1095 1248 1179 pertiuen-

110 1208 179 1268 tem
198 1205 390 1270 statuissent
404 1207 562 1290 perpetuo
578 1201 804 1290 possidendam
821 1245 828 1270 .
845 1252 852 1269 .
868 1204 994 1270 nemine
1014 1202 1205 1289 prohibente
1216 1207 1249 1269 et

111 1312 378 1397 contradicente;
397 1313 488 1379 cuim
505 1312 636 1396 quidem
651 1311 862 1397 possessionis
877 1317 962 1378 mete
978 1313 1040 1378 hoe
1055 1313 1168 1380 ordine
1184 1311 1249 1377 dis-

112 1421 306 1505 tinguntur:
322 1422 428 1506 prima
444 1423 529 1488 enim
553 1426 640 1487 meta
664 1421 780 1505 incipit
803 1443 823 1486 a
847 1423 1077 1506 septemtrione
1108 1443 1128 1486 a
1158 1425 1251 1505 parte

114 1529 330 1613 possessionis
347 1527 619 1596 Scenthleurinch
634 1531 748 1595 vocate
763 1529 819 1594 ubi
834 1534 911 1595 sunt
919 1551 1033 1596 novem
1042 1533 1127 1596 mete
1137 1533 1251 1610 terree,

112 1637 231 1702 deiude
247 1659 305 1723 per
321 1644 424 1705 metas
441 1639 606 1705 cursuales
626 1637 716 1704 vadit
740 1637 783 1702 ad
808 1637 963 1704 orientem
988 1639 1032 1704 ad
1055 1645 1123 1704 tres
1147 1643 1252 1704 metas

111 1751 241 1813 terreas
266 1745 423 1832 zeghatar
442 1747 628 1814 nominatas
654 1767 716 1831 que
743 1746 926 1829 distingunt
949 1746 1055 1813 tribus
1080 1747 1251 1832 possessio·

111 1855 210 1921 nibus
228 1853 448 1923 Tornustelelr
464 1863 497 1922 et
512 1855 616 1922 Helm
634 1878 673 1922 ao
689 1854 793 1920 eidem
812 1856 1005 1939 possessioni
1031 1853 1117 1941 Gyal
1148 1861 1182 1921 et
1205 1854 1252 1920 ibi

113 1971 288 2050 separatur
318 1966 359 2031 ab
391 1964 503 2031 eadem
525 1965 725 2048 possessione
751 1962 982 2048 Tornusteluk,
1014 1963 1134 2030 abhinc
1166 1964 1252 2028 circa

112 2073 252 2140 eandem
272 2074 505 2158 possessionem
521 2072 623 2139 Holm
640 2073 787 2139 metatim
811 2073 903 2139 vadit
934 2072 976 2138 ad
1007 2071 1252 2139 meridionalem

112 2185 244 2267 partem
261 2183 303 2248 ad
318 2205 420 2249 unum
435 2184 543 2248 lacum
559 2203 616 2248 seu
631 2187 761 2268 pratum
777 2181 905 2250 Toufeu
924 2183 1126 2250 nominatum
1148 2189 1181 2249 et
1206 2184 1252 2249 ibi

113 2295 191 2356 sunt
224 2295 291 2356 tres
315 2297 399 2356 mete
430 2297 535 2357 terrea
565 2291 722 2375 zeghatar
753 2297 938 2374 nuncupate
972 2312 1034 2374 que
1066 2291 1252 2375 distingunt

114 2398 222 2464 tribus
238 2400 494 2483 possessionibus
509 2397 661 2465 videlieet
677 2399 737 2483 ipsi
758 2397 953 2482 possessioni
978 2395 1063 2483 Gyal
1089 2404 1122 2464 st
1147 2398 1251 2464 Holm

113 2527 153 2572 ac
168 2505 289 2572 Pokun
307 2507 481 2573 nominatis
492 2513 524 2572 et
534 2507 579 2572 ibi
595 2512 765 2591 separatur
781 2505 823 2571 ab
839 2506 908 2589 ipsa
924 2507 1124 2589 possessione
1139 2506 1251 2589 Helm,

113 2613 233 2680 deinde
252 2615 358 2680 tendit
372 2617 492 2682 iterum
508 2615 550 2681 ad
565 2615 700 2682 eandem
715 2619 841 2699 partem
858 2614 1048 2680 orientalem
1065 2616 1151 2680 circa
1177 2635 1251 2680 ean-

113 2722 189 2788 dem
221 2723 455 2808 possessionem
471 2723 589 2790 Pohun
605 2724 646 2790 ad
663 2746 761 2790 unam
785 2727 906 2788 metam
932 2724 1107 2807 antiquam,
1134 2723 1251 2790 deinde

113 2832 140 2898 it
155 2853 217 2917 per
232 2839 335 2899 metas
361 2833 525 2900 cursuales
540 2834 659 2899 iterum
675 2832 717 2899 ad
732 2837 859 2918 partem
883 2832 1129 2901 meridionalem
1145 2839 1251 2900 trans·

112 2941 222 3007 eundo
237 2964 336 3008 unam
352 2963 502 3028 maguam
517 2942 602 3008 viam
628 2963 692 3027 que
706 2942 795 3008 radit
819 2941 863 3007 ad
887 2941 1022 3009 Keurus
1038 2947 1071 3009 et
1086 2941 1132 3008 ibi
1164 2945 1251 3010 circa

112 3051 222 3135 ipsam
246 3053 333 3117 viam
362 3057 437 3118 sunt
462 3051 525 3116 due
550 3056 637 3116 mete
668 3055 773 3116 terrea
805 3051 977 3132 cursuales,
1008 3051 1126 3116 abhinc
1148 3055 1254 3117 trans-

113 3158 225 3226 eundo
241 3160 345 3244 ipsam
361 3161 444 3228 viam
459 3163 486 3226 it
503 3161 543 3226 ad
559 3181 708 3244 magnam
732 3160 817 3225 viam
842 3165 1066 3226 transeuntem
1091 3159 1132 3225 ad
1148 3156 1254 3225 Olcha

113 3273 148 3332 et
175 3268 264 3333 circa
287 3268 421 3334 eandem
437 3269 523 3334 viam
554 3290 612 3354 per
636 3274 740 3334 metas
771 3269 936 3334 cursuales
966 3267 1183 3354 reditusque
1211 3267 1254 3334 ad

113 3375 214 3442 aliam
233 3397 385 3461 magnam
409 3379 494 3442 viam
520 3399 583 3461 que
608 3377 698 3444 vadit
726 3377 765 3442 de
785 3377 815 3443 B
833 3427 935 3444 .....
965 3379 1000 3442 in
1025 3376 1137 3461 Zeged
1160 3377 1254 3444 stibi

111 3489 192 3550 sunt
224 3490 291 3550 tres
317 3490 403 3550 mete
427 3491 534 3552 terrae
566 3508 628 3572 que
661 3485 844 3571 distingunt
868 3485 972 3552 tribus
996 3487 1253 3571 possessionibus

112 3593 241 3660 scilicet
273 3589 362 3678 Gyal
393 3599 426 3659 et
451 3591 557 3660 Olcha
582 3595 698 3661 Pokun
733 3595 929 3681 supradictis
955 3599 989 3661 et
1013 3595 1059 3662 ibi
1085 3603 1255 3680 separatur

111 3724 132 3767 a
149 3702 355 3785 possessione
380 3701 507 3784 Polum
525 3709 557 3769 et
582 3703 658 3768 inde
683 3726 741 3789 per
767 3702 902 3769 eandem
927 3723 1078 3787 magnam
1103 3705 1187 3770 viam
1213 3705 1256 3771 ad

110 3809 236 3876 bonum
261 3810 406 3894 spacium
430 3809 536 3876 tendit
559 3812 602 3877 ad
617 3808 814 3877 occidentem
839 3812 882 3877 ad
905 3817 972 3878 tres
996 3817 1100 3878 metas
1123 3819 1248 3880 terreas

109 3916 271 3983 similiter
305 3917 461 4001 zeghatar
494 3924 697 4004 nuncupatas
727 3940 790 4003 que
830 3919 1011 4003 distingunt
1046 3921 1151 3987 tribus
1182 3943 1254 4006 pos·

109 4024 320 4091 sessionibus
344 4025 493 4092 videlicet
529 4025 633 4093 eidem
668 4028 862 4113 possessioni
890 4025 978 4114 Gyal
1010 4033 1042 4094 et
1067 4027 1189 4116 Nymig
1215 4052 1253 4096 ao

108 4131 357 4217 Kerekhyghaz
371 4134 458 4199 stibi
469 4141 640 4219 separatur
656 4157 676 4202 a
692 4133 814 4220 Nymig
831 4141 864 4202 et
880 4137 967 4202 circa
983 4136 1118 4203 eandem
1129 4158 1252 4221 posses-

109 4242 237 4306 sionem
250 4239 492 4327 Kerelrhyghaz
518 4243 607 4310 vadit
631 4243 673 4310 ad
699 4250 829 4330 pratum
849 4267 910 4329 que
927 4246 1068 4331 pertinet
1088 4246 1131 4312 ad
1146 4247 1250 4332 ipsam

108 4348 363 4434 Kerekhyghaz‚
381 4350 605 4419 circumeundo
621 4354 728 4437 ipsum
744 4359 876 4438 pratum
892 4355 1100 4440 interipsum
1119 4362 1250 4440 pratum

109 4464 144 4524 et
161 4458 256 4524 lorus
271 4457 375 4524 Holm
391 4460 481 4527 vadit
499 4461 541 4526 ed
566 4463 800 4546 possessionem
824 4463 1012 4529 Kormanus
1038 4469 1070 4529 et
1095 4465 1142 4530 ibi
1173 4472 1249 4531 sunt

108 4575 179 4633 tres
204 4572 291 4633 mete
317 4573 422 4634 terrea
448 4591 511 4653 que
537 4569 719 4653 distingunt
744 4569 849 4637 tribus
875 4571 1129 4655 possessionibus
1161 4569 1248 4658 Gyal

109 4675 304 4742 Kormauus
320 4681 352 4740 et
368 4675 609 4762 Kerekhyghaz
626 4683 658 4742 et
674 4677 719 4743 ibi
735 4685 905 4763 separatur
915 4679 957 4744 ab
967 4681 1039 4763 ipsa
1054 4679 1247 4766 Kerelrhyg-
