3152 5472
343 507 406 576 596
696 521 885 572 surounom
903 509 1121 570 0111111111.

339 709 411 754 mus
443 687 615 772 diligenter
639 693 797 771 quatenus
822 687 984 753 hominem
1015 691 1158 752 vestrum
1203 705 1261 768 pro
1294 682 1457 748 testimonio

341 791 539 876 fidedignum
565 813 660 878 quem
677 799 787 879 partes
803 795 837 858 in
853 793 1013 860 communi
1040 790 1201 858 adducere
1227 791 1344 858 debent
1371 797 1459 856 trans·

342 901 490 984 mittatis,
516 903 549 967 in
566 902 657 967 cuius
673 903 840 987 presencia
855 899 1010 968 Nicolaus
1028 901 1067 966 de
1093 899 1224 986 Heethy
1250 900 1300 966 vel
1325 897 1459 966 Andreas

340 1007 427 1076 filius
442 1007 532 1076 Iwan
549 1009 589 1076 de
606 1009 715 1094 Zepus
731 1032 870 1094 quorum
888 1031 989 1074 unum
1005 1009 1102 1074 iidem
1118 1007 1178 1074 filii
1188 1005 1377 1089 Alexandri,
1391 1008 1458 1074 item

342 1115 495 1184 Andreas
510 1138 646 1201 magnus
662 1119 701 1184 de
713 1117 860 1202 Porlogh
875 1119 927 1183 rel
943 1116 1055 1184 Booch
1065 1115 1152 1182 filius
1161 1115 1282 1184 Nochk
1301 1115 1340 1180 de
1355 1114 1461 1198 Scepus

344 1243 483 1309 quorum
498 1225 647 1291 similiter
662 1247 763 1292 unum
779 1224 924 1310 prelatus
940 1223 1085 1290 Michael
1102 1223 1188 1290 filius
1212 1223 1381 1290 Michaelis
1400 1223 1462 1288 aliis

344 1329 532 1398 absentibus
555 1354 615 1418 pro
640 1332 823 1398 hominibus
840 1331 962 1398 domini
978 1333 1064 1416 regis
1081 1331 1250 1414 adducent,
1275 1333 1309 1397 in
1326 1329 1462 1416 predictis

345 1439 516 1526 quindenis
530 1439 619 1507 beati
636 1438 772 1525 Georgii
797 1441 942 1506 martiris
967 1439 1114 1525 proxime
1138 1440 1283 1506 venturis
1308 1438 1349 1504 ad
1377 1437 1460 1504 facies

345 1548 505 1614 dictarum
520 1549 759 1636 possessionum
775 1547 930 1616 Salamon
947 1555 981 1614 et
1001 1547 1152 1614 Zelemer
1175 1551 1361 1614 vocatarum
1384 1566 1459 1612 acce·

346 1655 452 1722 dendo
477 1657 632 1742 premissa
662 1661 866 1742 exequantur
882 1707 912 1724 ..
940 1655 1066 1724 Datum
1090 1658 1123 1722 in
1139 1655 1335 1742 Wysagrad,
1362 1662 1460 1722 octavo

348 1764 399 1830 die
429 1765 662 1849 reportacionis
694 1765 787 1832 seriei
810 1771 993 1850 prenotato,
1028 1786 1112 1832 anno
1137 1765 1260 1830 domini
1294 1763 1346 1830 Μ0
1377 1761 1462 1830 000⁰

348 1868 482 1938 XXX⁰
506 1874 653 1940 secundo.
685 1871 755 1940 Nos
788 1875 890 1957 igitur
923 1873 1076 1956 legitimis
1101 1873 1316 1958 peticionibus
1340 1872 1462 1938 eiusdem

349 1980 474 2045 comitis
493 1979 590 2046 Pauli
607 1985 640 2045 et
660 1981 788 2046 iusticie
814 1986 990 2048 annuentes
1015 2001 1088 2046 cum
1114 1978 1240 2064 prefato
1272 1979 1402 2046 Andrea
1428 1979 1460 2044 de

348 2085 494 2169 Parlagh
511 2089 639 2154 homine
655 2093 762 2155 restro
790 2111 886 2174 quem
901 2088 1047 2174 prelatus
1058 2088 1202 2154 Michael
1213 2087 1299 2153 filius
1309 2087 1462 2154 Michaelis

352 2196 431 2262 inibi
464 2194 652 2263 adduxisset
683 2197 721 2264 ad
755 2199 845 2264 cuius
870 2200 1083 2264 assercionem
1104 2203 1136 2262 et
1158 2197 1351 2264 relacionem
1375 2197 1462 2262 dictus

351 2325 457 2372 comes
472 2302 661 2370 Alexander
677 2310 745 2370 tam
766 2307 800 2370 in
810 2304 893 2372 facie
903 2307 1062 2372 dictarum
1074 2311 1237 2372 metarum
1247 2307 1462 2392 possessionum

353 2411 502 2478 Zelemer
521 2419 553 2478 et
573 2413 728 2480 Salamon
753 2413 987 2499 prelibatarum
1009 2435 1106 2499 quam
1132 2415 1232 2479 eciam
1259 2436 1365 2480 coram
1387 2414 1464 2479 nobis

352 2543 385 2587 se
402 2523 623 2605 compromisit
648 2522 840 2606 magistrum
855 2522 964 2588 David
989 2522 1253 2588 archidiaconum
1274 2523 1314 2588 de
1326 2521 1464 2589 Zobouch

351 2631 474 2695 socium
496 2633 528 2694 et
547 2633 799 2696 concanonicum
824 2636 970 2696 nostrum
997 2631 1234 2697 transmisimus
1261 2631 1305 2696 ad
1329 2633 1465 2716 premissa

352 2736 549 2822 exequenda,
577 2739 632 2822 qui
648 2737 775 2804 demum
793 2738 835 2804 ad
851 2760 909 2805 nos
925 2740 1044 2804 reversi
1061 2739 1151 2804 nobis
1169 2739 1371 2804 concorditer
1394 2745 1465 2804 relu-

351 2845 460 2912 lerunt
476 2846 563 2929 quod
579 2847 641 2932 ipsi
657 2847 690 2911 in
706 2847 862 2931 predictis
878 2847 1047 2932 quindenis
1064 2849 1168 2913 sancti
1184 2845 1322 2930 Georgii
1341 2849 1463 2912 martiris

352 2955 497 3040 proxime
528 2955 692 3039 preteritis
723 2956 932 3022 accessissent
957 2955 999 3022 ad
1034 2954 1131 3022 facies
1156 2959 1384 3022 annotaturum
1407 2977 1466 3040 pos·

353 3063 529 3128 sessionum
548 3062 698 3129 Zelemer
724 3071 756 3129 et
772 3063 928 3130 Salamon
944 3069 1132 3130 vocatarum
1157 3065 1189 3128 in
1216 3063 1305 3130 dicto
1330 3065 1465 3130 comitatu

354 3171 564 3236 existencium
581 3177 615 3236 11
631 3191 650 3235 1
664 3171 789 3236 duabus
805 3173 898 3236 metis
915 3172 1029 3236 terreis
1045 3192 1064 3237 1
1079 3171 1178 3256 plaga
1188 3170 1378 3238 occidentali
1388 3175 1462 3236 iuxta

354 3277 515 3362 quandam
531 3279 695 3363 publicam
705 3279 789 3344 viam
806 3301 867 3364 que
889 3279 928 3344 de
938 3279 1016 3344 villa
1025 3278 1215 3345 Debrenthe
1226 3301 1335 3346 versus
1344 3279 1460 3346 flurium

356 3384 454 3472 Tycie
471 3385 606 3452 duceret
621 3389 707 3452 inter
723 3388 827 3454 dictas
843 3388 925 3453 duas
941 3387 1158 3471 possessiones
1174 3386 1325 3454 Zelemer
1343 3395 1373 3453 et
1391 3387 1466 3455 Sala-

354 3515 429 3560 mon
454 3493 546 3560 iuxta
570 3494 730 3578 quendam
751 3517 904 3578 magnum
930 3495 1019 3561 holm
1049 3496 1163 3580 positis
1187 3497 1412 3582 processissent
1432 3493 1466 3558 ad

354 3603 484 3688 plagam
501 3603 691 3670 orientalem
708 3611 742 3670 et
757 3624 815 3689 per
831 3611 931 3670 metas
947 3603 1129 3689 duplicatas
1145 3625 1183 3670 ac
1202 3605 1380 3687 singulares
1397 3605 1468 3669 inter
1546 3675 1547 3692 ἦ

355 3717 460 3777 terras
470 3711 606 3778 arabiles
616 3712 651 3777 in
661 3718 734 3778 octo
754 3713 833 3778 locis
849 3714 970 3796 positas
987 3733 1069 3797 quas
1085 3711 1231 3797 prefatus
1247 3709 1466 3778 Michaelfilius

354 3817 526 3884 Michaelis
553 3821 671 3886 eisdem
703 3820 897 3887 ostendisset
929 3821 1051 3886 directe
1092 3821 1291 3886 transeundo
1326 3820 1464 3906 persenis-

355 3933 426 3992 sent
442 3927 483 3992 ad
500 3927 647 3994 ultimam
667 3935 788 3995 metam
804 3929 992 4012 angularem
1009 3928 1157 3994 similiter
1174 3926 1373 4012 duplicatam
1393 3928 1468 3993 iuris
1545 4007 1546 4018 ἵ

354 4034 518 4120 quandam
534 4037 647 4103 silvam
663 4037 705 4103 ad
725 4037 1087 4122 dictampossessionem
1096 4034 1248 4102 Zelemer
1266 4039 1466 4122 pertinentem

354 4146 495 4228 positam
519 4143 575 4212 obi
597 4151 682 4211 mete
708 4145 881 4212 earundem
907 4147 1133 4228 terminantur,
1159 4147 1193 4210 in
1219 4165 1286 4230 qua
1316 4146 1423 4212 ultima
1444 4147 1467 4206 et

355 4252 506 4338 angulari
522 4257 609 4320 mets
624 4254 800 4339 prelibatus
815 4253 957 4322 Michael
967 4252 1053 4320 filius
1063 4252 1234 4321 Michaelis
1250 4254 1344 4322 iuxta
1358 4253 1468 4321 libitum

355 4381 413 4428 sue
428 4361 603 4428 voluntatis
620 4363 736 4430 stando
761 4363 938 4430 secundum
952 4362 1088 4430 formam
1105 4368 1137 4430 et
1151 4367 1298 4430 tenorem
1324 4363 1466 4430 dictarum
1544 4393 1545 4412 1

355 4467 540 4536 litterarum
579 4472 707 4537 comitis
738 4470 838 4538 Pauli
875 4471 1060 4540 iurasset..
1085 4469 1210 4536 Datum
1250 4469 1332 4538 seria
1370 4469 1467 4555 quinta

356 4577 504 4660 proxima
535 4585 663 4647 octavas
676 4577 709 4667 *)
742 4579 977 4664 quindenarum
1027 4580 1130 4647 sancti
1161 4576 1299 4664 Georgii
1329 4575 1467 4650 martiris,

357 4686 442 4694 -----
447 4689 570 4696 ———-.-..

465 4723 491 4786 *)
509 4725 655 4776 Kimaradt
664 4732 726 4790 post
739 4740 812 4790 vagy
826 4731 895 4777 unte.
