3240 5460
347 454 388 520 68
700 469 886 520 susannem
902 457 1119 518 onnlurrln.

345 657 525 719 cantianos
542 635 575 700 in
591 635 694 720 patris
711 635 839 701 nomine
857 634 1073 720 assumpsistis
1089 639 1122 698 et
1147 631 1365 717 spopondistis
1380 651 1475 698 roca-

343 749 442 827 turos,
458 765 579 828 uosque
595 743 779 810 huiusmodi
795 741 989 808 confidencie
1012 743 1170 808 habentes
1185 731 1351 827 speramus
1374 747 1475 826 prout

342 853 430 936 patri
445 854 590 937 suppetit
606 852 646 916 ad
664 851 767 918 filium
783 852 993 918 reverendum
1008 873 1174 917 recursum
1197 851 1318 916 habere
1338 872 1404 914 non
1419 850 1474 914 de-

340 961 491 1045 sistimus,
501 982 598 1046 super
608 983 671 1044 quo
682 966 786 1026 vestre
796 961 942 1026 amicicie
952 960 1155 1026 nobilitatem
1171 959 1374 1044 presentibus
1389 960 1473 1042 peti-

339 1091 411 1134 mus
426 1069 608 1153 affectuose,
626 1076 786 1154 quatenus
802 1069 963 1134 tributum
978 1067 1126 1134 Ladislai
1137 1073 1170 1132 et
1188 1067 1360 1132 Michaelis
1376 1068 1473 1132 servi·

339 1184 451 1242 entum
482 1182 675 1262 nostrorum,
706 1176 794 1260 quod
824 1177 857 1241 in
888 1177 967 1241 villa
991 1177 1135 1261 ipsorum
1160 1173 1288 1242 Sernien
1313 1174 1472 1240 hactenns

339 1286 463 1370 percipi
479 1287 588 1350 extitit
608 1291 803 1369 consvetnm,
820 1285 922 1350 donec
937 1291 1081 1350 nostram
1097 1305 1268 1369 personam
1283 1282 1392 1348 videre
1409 1283 1470 1348 deo

339 1395 484 1478 propicio
500 1394 660 1476 valebitis,
676 1393 795 1460 litteris
811 1395 926 1459 restris
941 1393 1158 1458 mediantibus
1169 1391 1288 1457 eisdem
1304 1391 1470 1476 percipere

338 1501 536 1584 permittatis
553 1508 586 1566 et
601 1501 685 1566 sicut
700 1503 733 1566 in
750 1507 853 1566 vestre
869 1501 1088 1585 proximitatis
1104 1499 1263 1566 filiacione
1280 1498 1471 1564 confidimus

338 1630 429 1675 secus
445 1630 510 1674 non
526 1608 643 1674 facturi
660 1610 693 1673 iu
718 1609 890 1693 premissis.
915 1608 1042 1674 Datum
1065 1607 1160 1672 Bude
1174 1609 1210 1672 in
1226 1607 1387 1673 dominice
1402 1605 1471 1671 Ra-

338 1717 591 1802 mispalmarum,
611 1740 696 1783 anno
713 1717 834 1785 domini
849 1717 904 1782 M⁰
920 1716 1021 1784 000ο
1040 1711 1132 1781 XX⁰
1147 1717 1257 1782 tercio.

443 1881 544 1932 Kivm:
564 1881 696 1946 Philippo
715 1881 841 1945 palatino
861 1881 988 1945 proximo
1007 1895 1063 1932 suo.

442 1971 574 2022 zurtam
593 1971 686 2036 peccet
713 1971 974 2036 maradvtnyaival;
1002 1970 1133 2035 eredetije
1159 1971 1228 2020 aN.
1247 1969 1434 2020 Muzeumban
1454 1982 1472 2016 a

334 2060 438 2128 Kallay
457 2077 492 2114 cs.
513 2065 600 2114 ltbsn.

823 2207 982 2220 -ᾞ

874 2496 926 2558 61.

333 2659 428 2722 1323.
446 2657 703 2744 Napp-Semy'e'n,
730 2668 824 2720 mart.
852 2653 900 2722 15.
926 2657 1078 2722 Szaboics
1094 2661 1264 2741 orirmeppc
1282 2659 1416 2746 ἱερά-νῆα
1434 2663 1469 2725 e's

330 2767 509 2831 bc‘rritn'rsai
525 2767 598 2830 elon
615 2767 726 2852 Epped
743 2789 845 2829 copres
856 2765 909 2848 fia
927 2763 1055 2829 Simeon
1073 2789 1094 2830 a
1114 2765 1245 2829 Laetori
1261 2777 1344 2831 aava
1369 2768 1468 2833 birro-

331 2874 397 2936 ka'a
415 2873 554 2958 Nyakas
570 2873 635 2937 Pul
651 2872 733 2936 Attal
760 2873 921 2936 elkiioetett
945 2872 1265 2938 bntolrnasborlcisrril
1291 2875 1468 2960 elotajesz-

826 2983 885 3045 trist
900 2991 971 3045 leoz.

438 3139 508 3206 Nos
523 3141 679 3226 magister
695 3139 881 3227 Stephanus
897 3139 983 3207 filius
999 3141 1098 3206 Pauli
1118 3141 1196 3208 bani
1223 3164 1329 3208 comes
1346 3142 1386 3209 de
1402 3143 1466 3210 Za·

330 3247 417 3314 buch
433 3255 466 3312 et
482 3256 624 3332 quatuor
639 3250 761 3316 iudices
778 3249 818 3314 de
834 3249 946 3314 eodem
973 3249 1086 3316 damus
1113 3272 1173 3334 pro
1194 3253 1359 3334 memoria,
1377 3253 1465 3336 quod

329 3357 485 3440 magister
502 3355 642 3442 Symeon
668 3357 753 3422 filius
778 3357 887 3441 Egidii
914 3358 1041 3424 comitis
1057 3408 1064 3422 .
1080 3407 1087 3423 .
1103 3357 1185 3424 feria
1201 3361 1304 3425 tercia
1319 3367 1395 3445 post
1409 3360 1464 3426 do-

326 3463 480 3528 minicam
495 3465 604 3530 iudica
620 3487 670 3530 me
687 3515 693 3531 .
711 3466 928 3549 protestavit
956 3472 993 3531 ut
1016 3464 1140 3532 Paulus
1158 3467 1264 3534 dictus
1279 3466 1395 3534 Nakas
1418 3470 1464 3534 io-

326 3570 480 3656 bagioncs
495 3572 639 3656 ipsorum
655 3572 694 3637 de
710 3571 846 3639 Laslud
871 3573 1084 3640 meridionale
1101 3575 1141 3641 de
1157 3574 1316 3642 fiuctibus
1332 3577 1463 3662 proibu-

326 3679 450 3744 isset..
475 3677 601 3745 Datum
626 3681 660 3746 in
675 3679 751 3766 Nog
777 3679 905 3748 Semien
921 3683 955 3747 in
980 3681 1031 3748 die
1057 3683 1213 3770 predicto,
1238 3705 1323 3752 anno
1341 3685 1463 3751 domini

326 3785 380 3852 M⁰
395 3785 497 3857 000ο
512 3788 604 3856 XX⁰
621 3792 730 3858 tercio.

432 3953 564 4004 ztrlatan
584 3953 680 4017 pectet
692 3955 868 4020 nyomaival;
889 3953 1019 4019 eredetije
1037 3970 1054 4005 s
1073 3955 1106 4007 N.
1126 3957 1321 4026 Muzeumbau,
1332 3975 1349 4010 a
1361 3959 1464 4018 Killay

324 4053 360 4091 cs.
378 4041 497 4093 lttrbsn.
