3172 5462
730 475 916 522 :iurouaom
933 461 1149 524 oauturriu.

895 967 967 1030 153.

364 1128 459 1190 1324.
476 1128 538 1190 elec.
555 1128 606 1190 21.
619 1125 647 1190 A
665 1129 808 1191 escizmai
823 1128 981 1213 raptatae
1002 1127 1074 1192 elea
1099 1103 1341 1210 niteloma‘sfiai,
1365 1129 1464 1192 Karon

362 1234 501 1320 Somopy
516 1237 697 1320 vrironepyci
713 1237 896 1300 birtokulcat
913 1239 1029 1301 [storin
1039 1236 1144 1301 Κόνόε
1160 1236 1465 1322 ocii·mepyeif6isp‹iu

362 1345 394 1407 e‘s
420 1347 547 1408 recreem
581 1343 709 1407 Verbczc
734 1345 918 1430 veironeppei
942 1344 1122 1432 Laosiaafb'
1153 1355 1233 1410 aecii
1249 1343 1466 1408 loirtolcrioalel·

852 1452 995 1516 caerc'lik.

469 1591 539 1657 Nos
574 1593 751 1676 capitulum
787 1591 993 1660 Ohasmensis
1027 1595 1161 1659 ecclesie
1178 1645 1185 1658 .
1202 1645 1209 1660 .
1225 1593 1465 1678 significamus..

362 1701 448 1785 quod
473 1699 659 1785 Stephanus
676 1723 781 1766 comes
797 1700 967 1767 Orisiensis
992 1709 1026 1767 et
1048 1702 1212 1768 Emirious
1227 1703 1329 1768 frater
1344 1704 1405 1767 eius
1419 1701 1465 1765 lilii

360 1807 491 1876 Sandur
515 1832 535 1874 a
559 1816 652 1893 parte
677 1832 750 1892 una,
775 1809 817 1874 ab
842 1812 946 1876 altera
970 1816 1081 1876 autem
1105 1811 1239 1896 Mykael
1266 1811 1406 1889 etPetev
1419 1809 1466 1874 filii

360 1915 522 1982 Aldumas
537 1919 751 2000 personaliter
766 1939 875 1992 coram
891 1919 983 1984 nobis
994 1919 1174 2002 constituti,
1198 1920 1308 1984 eedem
1323 1925 1422 2003 partes
1435 1919 1465 1982 de

360 2025 614 2108 possessionibus
639 2046 751 2090 eorum
776 2025 997 2090 concambium
1021 2025 1206 2091 huiusmodi
1222 2027 1308 2090 inter
1324 2048 1355 2090 se
1368 2025 1466 2090 retule-

360 2141 438 2198 runt
454 2155 488 2198 se
504 2133 624 2217 secisse,
635 2134 784 2199 videlicet
801 2135 887 2218 quod
903 2134 1038 2219 Mykael
1056 2140 1089 2198 et
1105 2133 1208 2199 Peter
1224 2134 1366 2199 iamdicti
1380 2133 1465 2218 porci-

360 2265 453 2308 onem
478 2243 685 2326 possessionis
711 2265 822 2308 eorum
838 2237 956 2308 Karan
981 2249 1094 2307 vocate
1120 2243 1153 2306 in
1186 2241 1338 2307 districtu
1355 2240 1463 2323 simigi-

361 2353 427 2416 ensi
454 2352 645 2416 existentem
671 2351 757 2434 ipsos
782 2373 841 2433 pro
858 2351 1010 2435 porcione
1028 2351 1269 2432 contingentem
1287 2401 1294 2415 .
1312 2402 1318 2415 .
1335 2349 1465 2434 predictis

360 2459 527 2542 Stephano
544 2461 654 2524 comiti
678 2467 710 2524 et
726 2460 871 2524 Emirioo
888 2458 983 2523 fratri
1000 2461 1068 2524 eius
1085 2509 1091 2524 .
1109 2509 1116 2523 .
1133 2459 1259 2524 dedisse
1276 2509 1283 2522 .
1301 2511 1308 2524 .
1324 2465 1394 2524 sunt
1407 2478 1465 2521 oon-

360 2569 434 2634 lessi
450 2618 457 2632 .
474 2619 481 2632 .
497 2569 567 2633 iure
583 2573 741 2651 perpetuo
751 2567 1015 2652 possidendam,e
1032 2589 1184 2634 converso
1208 2590 1285 2634 vero
1304 2567 1464 2652 Stephanus

360 2699 465 2742 comes
500 2683 532 2740 et
556 2675 720 2742 Emirious
754 2679 901 2759 superius
935 2677 1094 2742 nominati
1118 2677 1351 2760 possessionem
1374 2695 1462 2740 eorum

358 2783 570 2869 Laohynafeu
584 2791 732 2849 vocatam
748 2786 781 2850 in
798 2785 955 2850 comitatu
971 2783 1010 2848 de
1027 2781 1211 2850 Wereuohe
1229 2785 1410 2850 existentem
1419 2779 1462 2844 ubi

360 2893 486 2977 capella
510 2892 605 2957 beate
620 2892 724 2957 Eleae
748 2893 880 2975 virginis
896 2897 945 2956 est
962 2891 1112 2957 edificata
1137 2893 1310 2958 similiter.
1327 2943 1334 2957 .
1350 2891 1403 2956 sub
1418 2889 1465 2952 eis·

360 3001 432 3066 dem
473 3002 566 3066 metis
603 3001 749 3064 terminis
784 3001 884 3082 signis
924 3007 956 3064 et
986 2999 1194 3064 libertatibus
1228 3001 1345 3082 quibus
1359 3049 1387 3063 ..
1408 3017 1464 3080 pos-

360 3109 513 3174 sederunt
528 3109 561 3172 in
587 3107 808 3173 concambium
824 3107 970 3191 predicte
994 3107 1155 3190 porcionis
1180 3107 1395 3192 prefatisfiliis
1417 3101 1464 3168 Al-

360 3217 474 3282 damas
484 3215 609 3281 dedisse
629 3221 662 3280 et
677 3217 858 3299 assignasse
876 3223 952 3281 sunt
971 3215 1107 3280 confessi
1124 3265 1131 3279 .
1147 3266 1154 3281 .
1171 3217 1299 3280 litteras
1318 3215 1410 3281 eciam
1427 3233 1464 3275 rc·
1551 3249 1552 3290 ;

359 3347 435 3408 gum
460 3331 493 3389 et
517 3327 702 3407 reginarum
719 3346 757 3389 ac
783 3323 1001 3408 quorumlibet
1025 3329 1241 3389 conventuum
1267 3346 1322 3389 seu
1344 3321 1464 3388 iudicum

359 3431 401 3496 ad
432 3431 560 3496 easdem
584 3432 801 3514 possessiones
827 3431 990 3496 coniectas
1006 3481 1037 3496 ..
1063 3453 1140 3516 pars
1164 3433 1253 3515 parti
1278 3429 1412 3497 reddidit
1425 3447 1465 3490 co

358 3561 429 3604 ram
463 3539 555 3604 nobis
570 3587 600 3602 ..
625 3537 750 3602 Datum
781 3540 814 3603 in
842 3538 926 3604 festo
957 3539 1045 3604 beati
1070 3537 1195 3604 Thome
1222 3540 1367 3623 apostoli,
1394 3557 1463 3600 anno

359 3647 480 3712 donrini
496 3646 671 3711 Millesimo
688 3647 912 3713 trecentesimo
929 3647 1020 3712 ΧΧ0
1039 3654 1165 3731 quarto.
1550 3635 1551 3650 ¹

466 3791 616 3856 Hatlapjan
638 3791 730 3856 peeset
751 3793 917 3856 nyoniaival‚
936 3791 994 3843 alirl
1018 3793 1296 3858 cyrographummal;
1319 3787 1464 3852 eredetijea

358 3881 391 3930 N.
403 3882 594 3932 Muzeumban.
606 3881 702 3932 Kozu:
724 3881 847 3947 Taganyi
860 3881 894 3932 K.
