3130 5470
621 460 715 525 1329.
732 478 801 525 oor.
818 460 847 523 4.
1242 459 1307 522 435

169 637 303 706 Nicolai
316 659 356 704 ex
372 637 478 710 altera
495 658 602 704 coram
618 638 712 704 nobis
727 639 941 723 personaliter
958 638 1145 704 constitutis
1160 657 1219 722 per
1229 659 1306 704 eun-

172 747 247 812 dem
272 745 458 812 Fabianum
489 745 591 812 filium
622 743 780 830 Stephani
812 747 1015 832 propositum
1042 747 1153 812 extit't
1170 795 1198 812 ..
1218 747 1306 831 quod

172 858 250 942 quia
265 855 364 922 iidem
373 855 464 941 Wyd
481 861 514 920 et
528 853 686 921 Nicolaus
701 876 842 921 unacum
857 856 928 940 ipso
955 855 1114 940 quasdam
1128 855 1303 939 possessio-

172 985 230 1030 nes
246 965 391 1050 ipsorum
415 963 598 1047 Feeleghaz
615 968 649 1029 et
664 961 865 1046 Pagsnkuth
880 969 1009 1030 uocatas
1034 965 1069 1028 in
1085 966 1241 1030 comitatu
1263 963 1304 1030 de

171 1071 331 1138 Zobouch
347 1072 523 1137 existentes
547 1071 638 1136 Iwan
665 1075 698 1136 et
723 1068 848 1138 Simoni
872 1071 948 1138 filiis
972 1071 1086 1156 Egidii
1110 1093 1169 1156 pro
1184 1073 1254 1156 ipso
1272 1077 1305 1135 et

171 1181 260 1248 dicto
278 1184 372 1265 patre
388 1201 445 1245 suo
462 1201 521 1264 pro
538 1179 649 1244 decem
659 1179 1058 1264 mercisimpiguorassent
1073 1201 1132 1264 pro
1150 1200 1186 1244 eo
1198 1184 1303 1245 totam

170 1289 360 1376 porcionem
376 1309 468 1353 suam
484 1294 518 1352 et
527 1287 607 1354 dicti
617 1289 721 1372 petris
732 1288 781 1352 sui
796 1289 831 1353 in
845 1289 1045 1372 possessione
1061 1287 1180 1372 Hugey
1190 1294 1308 1353 vocata

172 1397 321 1462 habitam
338 1416 440 1478 usque
472 1395 515 1460 ad
529 1396 704 1460 terminum
719 1394 932 1461 redemcionis
948 1395 1186 1480 possessionum
1201 1395 1307 1480 predi·

173 1512 304 1572 ctarum
321 1526 381 1589 per
395 1505 501 1588 ipsum
532 1504 793 1570 redimendarum
810 1503 930 1569 eisdem
955 1503 1046 1588 Wyd
1062 1509 1095 1568 et
1110 1503 1216 1570 Paulo
1233 1525 1307 1568 cum

172 1615 240 1679 suis
256 1613 456 1679 utilitatibus
482 1617 515 1677 et
539 1612 753 1696 proventibus
784 1613 1002 1697 reliquissent.
1032 1611 1157 1678 Datum
1173 1613 1206 1678 in
1223 1610 1307 1676 festo

175 1723 265 1788 hecti
280 1720 454 1786 Michaelis
470 1722 762 1806 archangelicum
778 1721 901 1788 domini
925 1720 979 1787 Μ0
990 1719 1092 1788 0000
1102 1719 1194 1787 XX⁰
1208 1741 1304 1786 nono.
1400 1805 1403 1808 Ι

281 1885 413 1935 Ztrlattu
425 1883 575 1950 pecsette13
595 1886 725 1951 credetije
743 1901 760 1936 a
772 1885 806 1937 N.
820 1887 1012 1951 Muzeumban,
1026 1899 1043 1935 a
1055 1885 1158 1950 Kellay
1171 1899 1207 1936 es.
1224 1883 1309 1937 lteri·

173 1977 236 2026 ban.
254 1975 336 2025 Kozli
348 1991 354 2024 :
368 1974 494 2039 Teginyi
504 1975 537 2024 K.

178 2539 273 2602 1329.
299 2536 393 2618 Va'cz,
409 2545 466 2600 oct.
482 2537 512 2599 4.
529 2532 559 2598 A
575 2537 667 2599 odeat
682 2534 841 2620 lociptolan
857 2534 930 2598 elb'tt
946 2533 1082 2600 Thombt
1099 2535 1219 2602 Milolo's
1225 2537 1306 2618 fiai,

181 2645 300 2710 Gerebi
315 2644 413 2709 Petbb'
429 2649 461 2710 c's
478 2643 604 2723 Do‘oid,
622 2644 728 2707 Kortia
739 2645 771 2707 6⁸
785 2644 920 2730 Pcstyc'u
931 2655 1011 2710 creuit
1022 2645 1255 2710 hierosolimae
1275 2646 1307 2708 es

179 2754 249 2819 ecclc
260 2751 619 2838 tortozaodoscipoiaole
635 2754 872 2836 meqosztctsotro
889 2755 982 2816 cervo
998 2755 1174 2839 eqyczsepct
1191 2751 1307 2818 ketaet

526 2860 558 2923 cs
580 2883 601 2924 o
616 2858 792 2923 boldrokat
807 2858 964 2944 tip'elolilc.

285 3018 357 3086 Nos
373 3017 554 3104 capitulum
570 3018 702 3086 ecclesie
718 3017 904 3084 Waciensis
920 3069 927 3084 .
944 3069 951 3086 .
969 3019 1011 3086 ad
1021 3020 1308 3088 universorumuo·

177 3131 289 3196 tioium
305 3129 421 3194 harum
438 3129 519 3194 serie
535 3128 683 3194 volumus
693 3127 869 3212 pervenire,
886 3128 974 3211 quod
989 3127 1115 3194 nobiles
1130 3130 1191 3193 viri
1207 3135 1240 3194 et
1254 3131 1310 3195 ho-

178 3240 262 3304 nesti
277 3237 429 3304 uidelicet
444 3237 574 3302 Petheu
590 3236 630 3302 de
647 3233 761 3321 Gyryp
778 3243 810 3300 et
825 3235 935 3301 David
960 3236 1063 3300 frater
1088 3237 1233 3304 eiusdem
1249 3235 1308 3302 filii

179 3345 312 3414 Nicolai
328 3344 469 3410 Thombi
494 3365 603 3410 corum
619 3343 711 3410 nobis
737 3345 951 3428 personaliter
968 3345 1140 3410 constituti
1165 3345 1309 3411 conside-

181 3461 293 3520 rantes
311 3453 398 3538 quod
414 3453 496 3518 nihil
521 3457 606 3518 esset
622 3453 743 3518 cercius
759 3457 864 3517 morte
888 3456 921 3516 et
946 3451 1027 3516 nihil
1051 3453 1209 3518 inceroius
1224 3452 1307 3520 hora

180 3563 297 3629 mortis
314 3562 408 3628 nobis
425 3562 628 3627 concorditer
644 3583 720 3650 voce
736 3562 856 3628 viventi
874 3559 1078 3626 affirmarunt
1103 3568 1135 3626 et
1152 3561 1305 3628 dixerunt
1424 3555 1425 3559 ¹

185 3672 275 3758 quod
290 3693 393 3756 usque
423 3671 614 3736 hodiernum
632 3670 717 3736 diem
734 3691 925 3755 quecunque
941 3670 1079 3736 materia
1104 3671 1262 3753 iurgionis
1278 3677 1311 3737 et

188 3780 450 3848 conturbacionis
467 3781 551 3846 inter
568 3801 622 3846 eos
639 3779 753 3845 fuisset
768 3785 881 3846 exorta
898 3785 930 3843 et
946 3778 1135 3844 diuturnata
1150 3778 1211 3844 hec
1227 3783 1313 3845 tota-

185 3889 264 3955 liter
281 3894 365 3955 essel
381 3889 494 3955 sedata
510 3895 644 3974 propter
661 3909 862 3954 communem
887 3888 1105 3954 uoluntarium
1131 3893 1164 3952 et
1180 3909 1311 3956 eonsen-

188 4021 268 4079 sum,
285 3999 416 4064 racione
433 3999 523 4064 cuius
540 4003 653 4063 mutuo
674 4019 708 4062 se
725 3997 853 4062 unionis
869 3996 1085 4080 possessiones
1110 3997 1254 4080 ipsorum
1270 3997 1316 4063 sic

186 4107 391 4192 partiverunt
409 4105 496 4191 quod
521 4107 680 4192 possessio
697 4104 833 4191 Kyurth
848 4112 962 4171 vocata
988 4106 1083 4171 cessit
1108 4105 1170 4189 ipsi
1186 4103 1315 4170 Petheu

185 4213 224 4280 (le
241 4211 349 4298 Gyrip
381 4235 453 4280 eum
469 4214 617 4280 omnibus
633 4215 699 4280 suis
726 4213 922 4300 utilitatibus
948 4213 1123 4279 circulares
1150 4211 1233 4298 (igyl
1250 4213 1316 4279 alia

185 4343 261 4386 uero
277 4321 355 4386 uilla
369 4320 513 4406 Pessyan
529 4323 697 4388 nominata
723 4321 811 4387 dicto
828 4320 937 4386 David
962 4321 1111 4386 similiter
1128 4321 1224 4386 cessit
1241 4343 1315 4385 cum

189 4429 396 4512 utilitatibus,
413 4435 445 4494 et
454 4429 674 4496 molendinum
692 4428 780 4514 quod
805 4427 926 4494 habent
943 4449 1039 4512 super
1055 4449 1172 4512 aquam
1182 4426 1273 4512 Ypol
1289 4433 1316 4494 si

196 4535 457 4604 reedificaverint
473 4545 591 4604 extunc
607 4538 686 4604 dues
701 4538 872 4622 porciones
887 4536 1117 4603 tolletPetheu
1133 4535 1320 4602 tercisriam

184 4643 376 4712 Desidiam
401 4651 508 4712 taetus
525 4651 659 4731 propter
675 4647 861 4730 porcionem
877 4643 1150 4726 molendinatoris,
1168 4643 1224 4708 sed
1241 4643 1319 4730 quia

1158 4750 1220 4816 28*
