3154 5474
304 460 368 522 530
667 473 855 522 aurocrouv
871 461 1087 520 ouvrlnvrlu.

306 637 446 722 Zunyug
462 637 548 704 filius
565 635 657 701 Petri
673 636 731 701 filii
748 635 862 702 Pauka
878 636 918 701 de
933 635 1024 702 Kata
1040 637 1164 702 iuvenis
1179 635 1250 702 aule
1265 643 1365 702 nostre
1382 633 1422 700 ad

303 749 431 813 culmen
461 747 644 813 serenitatis
659 751 770 813 nostre
787 745 950 830 accedens,
976 767 1016 811 ne
1043 747 1169 811 litteras
1195 746 1272 812 dicti
1296 745 1422 831 capituli

302 855 421 921 litteris
437 860 547 922 nostre
563 855 740 920 maiestatis
756 855 818 941 ipsi
844 855 999 938 magistro
1017 851 1182 939 Stephano
1208 853 1424 920 confirmantes

304 964 560 1050 concederemus,
602 962 870 1030 contradiccionis
910 961 1078 1029 obstaculo
1119 961 1260 1028 obviavit
1289 984 1424 1028 asserens

301 1073 404 1156 ipsam
433 1075 666 1157 possessionem
697 1073 760 1138 sibi
793 1073 963 1157 pertinere,
996 1093 1119 1157 nosque
1137 1077 1236 1156 prout
1266 1073 1424 1154 regiminis

303 1183 407 1247 nostri
432 1181 591 1248 incumbit
610 1181 717 1248 officio
743 1179 889 1246 volentes
914 1180 1062 1264 partibus
1094 1181 1242 1263 utrisque
1271 1181 1423 1244 iusticiam

302 1289 454 1354 exhibere
472 1290 658 1374 coequalem
676 1309 803 1354 causam
819 1289 922 1373 ipsius
941 1285 1211 1352 contradiccionis
1237 1286 1278 1350 ad
1302 1291 1424 1351 octavas

301 1397 388 1462 beati
405 1395 541 1481 Georgii
556 1398 698 1462 martiris
716 1396 834 1462 litteris
851 1397 972 1462 nostris
988 1417 1026 1461 eo
1041 1396 1137 1461 modo
1148 1402 1185 1460 ut
1201 1396 1271 1480 ipse
1281 1391 1424 1459 Andreas

303 1505 408 1571 dictus
426 1505 564 1592 Zunyug
586 1507 712 1572 litteras
732 1527 804 1572 suas
821 1507 938 1591 quibus
955 1505 1169 1573 mediantibus
1185 1507 1257 1588 ipsa
1272 1506 1425 1588 possessio

303 1615 343 1680 ad
360 1615 494 1681 eundem
510 1618 672 1701 pertineat
696 1617 730 1682 in
745 1617 823 1701 ipsis
849 1618 970 1682 octavis
996 1615 1111 1682 debeat
1135 1615 1286 1681 exhibere
1311 1615 1343 1680 iu
1357 1636 1426 1699 pre-

302 1726 409 1790 sencia
440 1732 551 1790 nostra
593 1725 723 1809 speciali
764 1746 1027 1809 prorogassemus
1060 1726 1139 1809 ipsis
1169 1726 1279 1808 itaque
1309 1725 1426 1790 octavis

301 1832 545 1898 advenientibus
576 1833 661 1899 idem
691 1831 843 1899 Andreas
868 1833 1008 1918 Zunyug
1040 1832 1202 1917 quoddam
1227 1832 1425 1917 privilegium

300 1939 420 2006 dourini
437 1941 517 2008 Bele
534 1943 611 2008 olim
627 1941 764 2010 illustris
780 1943 866 2026 regis
883 1943 1053 2026 Hungarie
1071 1944 1119 2008 avi
1137 1949 1170 2006 et
1194 1941 1425 2027 predecessoris

299 2051 401 2114 nostri
422 2051 578 2116 carissimi
598 2050 701 2118 felicis
726 2053 878 2117 memorie
904 2051 1102 2136 presentavit
1126 2059 1236 2117 nostre
1261 2051 1425 2131 maiestati,

299 2157 390 2222 cuius
407 2165 516 2224 tenore
533 2158 704 2245 diligenter
719 2166 889 2245 perspecto
906 2161 1120 2246 comperimus
1144 2159 1316 2242 evidenter,
1342 2159 1424 2241 quod

298 2264 383 2329 idem
409 2265 556 2332 dominus
572 2289 629 2333 rex
639 2267 720 2333 Bela
735 2270 838 2353 ipsam
854 2270 1087 2353 possessionem
1104 2269 1231 2334 nomine
1256 2268 1425 2352 possessio-

296 2374 346 2438 nis
362 2373 528 2442 hominum
545 2378 613 2443 sine
629 2377 747 2444 herede
764 2377 991 2444 deaedeneium
1011 2377 1160 2458 videlicet
1176 2379 1422 2466 aurifabrorum

294 2485 465 2569 repeliunt,
483 2482 584 2550 Petro
610 2485 649 2550 de
665 2485 758 2551 Kata
774 2493 852 2552 tuno
877 2487 1102 2571 pincernarum
1122 2507 1253 2551 suorum
1272 2485 1425 2567 magistro

294 2609 353 2674 pro
379 2593 553 2658 meritoriis
579 2595 646 2659 suis
678 2593 841 2679 obsequiis
866 2602 1021 2679 perpetuo
1055 2595 1263 2677 contulisset;
1295 2603 1327 2658 et
1352 2593 1425 2658 dum

297 2720 357 2764 nos
373 2700 441 2765 viso
466 2709 576 2767 tenore
601 2703 702 2786 ipsius
728 2701 940 2787 privilegialis
965 2704 1171 2769 instrumenti
1197 2701 1334 2768 eundern
1358 2701 1427 2766 An-

294 2805 403 2872 dream
420 2807 564 2896 Zvvnyug
583 2811 871 2896 requisivissemus,
890 2819 1000 2878 utrum
1016 2813 1101 2877 idem
1126 2811 1246 2878 Petrus
1273 2813 1313 2878 de
1337 2811 1425 2877 Katn

294 2913 429 2980 heredes
445 2917 562 2984 habeat
578 2920 628 2984 vel
644 2919 799 2986 heredum
816 2941 1016 2987 successores
1033 2929 1089 2986 aut
1105 2921 1213 3006 inqua
1232 2920 1319 2986 linea
1334 2941 1428 3002 gene·

294 3023 433 3087 racionis
464 3026 550 3092 idem
575 3027 695 3096 Petrus
722 3029 760 3094 de
785 3028 876 3095 Kata
906 3031 967 3095 sibi
1000 3031 1144 3111 attineat,
1175 3031 1244 3114 ipse
1276 3027 1428 3094 Andreas

294 3127 439 3216 anyug
456 3136 591 3202 eundem
616 3137 752 3204 Petrum
772 3137 889 3204 habere
914 3137 1048 3203 heredes
1076 3137 1266 3223 simpliciter
1291 3139 1428 3214 abuega-

294 3239 349 3323 vit,
366 3263 398 3306 se
415 3251 521 3310 autem
537 3247 643 3330 ipsum
667 3249 702 3312 in
726 3247 863 3333 quadam
890 3246 974 3313 linea
999 3247 1219 3330 generacionis
1235 3248 1368 3312 remissa
1393 3255 1427 3312 et

292 3358 415 3415 remota
429 3354 490 3418 sibi
507 3357 643 3422 attinere
659 3355 728 3422 fore
744 3353 925 3439 affirmavit,
951 3376 1009 3421 nec
1036 3355 1192 3441 aliquales
1210 3355 1338 3421 litteras
1355 3356 1428 3439 qui-

292 3455 352 3522 bus
368 3459 583 3528 mediantibus
599 3465 669 3548 ipsa
685 3465 844 3548 possessio
861 3485 934 3529 cum
950 3465 1016 3529 suis
1032 3465 1186 3547 proximis
1212 3485 1271 3547 per
1287 3461 1426 3528 eundern

292 3561 425 3634 Petrum
452 3569 551 3636 fuerit
576 3570 679 3637 divisa
704 3579 762 3637 aut
786 3573 984 3656 participata
1015 3571 1123 3656 potuit
1148 3571 1317 3654 exhibere3
1341 3570 1427 3636 unde

293 3680 371 3763 quia
387 3698 426 3742 ex
443 3685 552 3743 tenore
568 3679 729 3762 privilegii
748 3680 850 3764 ipsius
867 3679 990 3744 domini
1006 3677 1085 3743 Bele
1100 3679 1186 3761 regis
1203 3700 1240 3743 eo
1251 3677 1339 3762 quod
1353 3679 1426 3760 ipsa

292 3787 450 3872 possessio
468 3784 607 3870 'Pyulrud
623 3788 743 3853 nemini
759 3788 853 3852 alteri
869 3795 1076 3872 preterquam
1096 3787 1156 3872 ipsi
1173 3785 1274 3852 Petro
1286 3785 1325 3851 de
1335 3785 1426 3852 Kato

293 3905 325 3960 et
342 3896 408 3960 suis
424 3893 598 3960 heredibus
615 3917 652 3960 ac
677 3895 833 3961 heredum
850 3917 981 3961 suorum
998 3894 1236 3960 successoribus
1262 3895 1426 3978 pertinere

294 4005 481 4070 dinoscatur
497 4005 712 4088 cognovimus,
730 4013 762 4070 et
778 4005 854 4090 quia
869 4006 942 4089 ipsa
956 4004 1209 4088 possessionuria
1225 4002 1357 4068 collacio
1382 4001 1427 4068 ad

293 4112 372 4178 alias
389 4133 541 4196 personas
571 4133 627 4176 sue
653 4113 857 4196 cognacionis
882 4120 1090 4197 preterquam
1108 4112 1271 4197 adipsum
1287 4111 1424 4176 Petrum

293 4220 332 4284 de
348 4219 439 4285 Kata
464 4227 496 4285 et
521 4241 652 4286 suorum
677 4221 834 4286 heredum
851 4227 1060 4288 'successores
1087 4243 1151 4286 nou
1183 4217 1427 4302 extendebatur,

292 4329 424 4413 ipseque
455 4325 606 4394 Andreas
638 4327 744 4396 dictus
770 4329 911 4416 Zunyug
937 4331 1080 4396 senciens
1106 4349 1138 4394 se
1163 4329 1225 4412 ipsi
1252 4327 1353 4394 Petro
1385 4326 1427 4392 de

291 4435 381 4500 Kata
396 4437 526 4501 minime
543 4437 576 4502 in
593 4435 703 4522 aliqua
718 4443 810 4522 parte
828 4439 1135 4522 consangvineitatis
1159 4437 1298 4502 attinere
1316 4443 1349 4502 et
1365 4457 1426 4521 per

291 4543 353 4607 hoc
364 4543 484 4609 ductus
501 4547 761 4630 pregrauacionis
778 4546 949 4613 formidine
965 4547 999 4611 in
1016 4547 1102 4612 facto
1118 4545 1274 4630 premisso
1299 4544 1425 4611 scilieet

291 4651 483 4716 ‹levicciouis
500 4654 662 4720 ordinarie
678 4656 821 4720 nondum
838 4657 940 4740 ipsius
957 4654 1097 4736 litigiose
1121 4653 1341 4721 contencionis
1357 4653 1422 4719 line
