3130 5470
369 488 434 552 400
743 501 932 550 aurounom
948 487 1164 550 onninrrin.

373 666 535 732 wazbeere
560 667 594 732 in
619 667 710 733 euius
735 666 833 732 beera
859 667 893 731 in
916 664 981 732 fine
1006 669 1056 731 ent
1081 687 1147 730 una
1171 669 1260 731 meta
1275 669 1383 732 terrea
1395 665 1475 750 priori

373 773 468 840 modo
485 774 677 860 lykaehator
708 779 823 840 vocata
839 795 902 858 que
918 772 1065 858 dietingib
1080 793 1100 839 a
1115 780 1209 858 parte
1225 771 1359 858 Keykea
1373 771 1411 837 ad
1423 777 1472 837 ter·

370 903 441 947 ram
457 880 574 967 Nnnal,
589 883 664 948 inde
681 881 849 948 descendit
864 903 922 966 per
939 881 1222 966 Munurospatalra
1247 880 1290 946 ad
1315 879 1473 964 Melyespa·

369 989 448 1055 taka
464 995 498 1056 et
512 1012 572 1075 per
597 989 846 1076 Melyeapatalra
863 992 966 1056 currit
980 991 1022 1056 ad
1047 988 1225 1057 Genohuta
1251 1012 1315 1075 que
1341 989 1473 1055 dividite

368 1103 463 1183 paria
480 1105 566 1164 terre
581 1098 699 1164 Manik
724 1099 767 1164 ad
782 1104 904 1164 herram
929 1099 1031 1184 Bura,
1055 1098 1131 1164 inde
1155 1121 1176 1164 a
1201 1096 1378 1166 Genohuia
1399 1117 1475 1180 supra

368 1206 617 1292 Melyeapataka
632 1207 796 1274 tendendo
813 1213 846 1274 et
862 1229 882 1273 a
897 1208 1148 1293 Melyeapataha
1173 1207 1321 1274 aseendit
1345 1205 1475 1272 adhaere

369 1315 604 1402 Dubrahegeae
629 1319 830 1408 nominatum
858 1322 891 1382 et
914 1339 973 1403 per
998 1317 1084 1382 idem
1102 1317 1199 1384 beere
1223 1316 1315 1382 vadii
1337 1313 1475 1400 usquead

366 1447 521 1508 magnum
537 1425 656 1510 Kapua
674 1426 760 1512 quod
777 1430 907 1510 separat
923 1448 942 1492 a
956 1432 1051 1512 parte
1067 1432 1155 1492 terre
1171 1423 1475 1492 Sumburadterrau

366 1533 458 1600 Buza
475 1541 508 1601 et
523 1557 581 1619 per
597 1536 683 1601 idem
699 1535 794 1600 beere
809 1535 900 1601 vadit
916 1535 957 1600 ad
973 1540 1116 1602 mentem
1130 1534 1423 1620 Lumpeyrthegeee
1435 1553 1476 1598 ro·

370 1648 479 1710 catum
505 1645 560 1728 qui
576 1695 583 1709 .
601 1695 607 1710 .
625 1644 740 1711 dividit
771 1665 790 1709 a
814 1643 911 1709 bernis
942 1642 1238 1710 Zentmihaltelehe
1263 1648 1296 1708 et
1311 1639 1476 1728 Fynhutad

369 1757 492 1817 terram
508 1750 600 1817 Bura
625 1755 657 1816 et
673 1753 720 1817 eie
735 1757 821 1818 mete
838 1751 1025 1818 earumdem
1051 1773 1109 1836 per
1134 1752 1307 1816 circuitum
1322 1751 1476 1816 terminan-

370 1865 434 1942 tur,
450 1861 528 1925 item
544 1864 628 1925 mete
645 1865 731 1925 berre
748 1858 943 1926 Guiateleke
960 1861 1123 1926 nominate
1138 1861 1299 1944 incipiunt
1314 1860 1378 1940 aie,
1406 1855 1476 1941 qued

365 1969 471 2052 prima
486 1972 574 2033 meta
604 1974 654 2034 est
669 1967 800 2053 lapidea
816 1991 836 2033 a
861 1973 955 2053 parte
980 1973 1068 2034 terre
1093 1965 1274 2033 Marhhaza
1289 1963 1391 2054 (eum)
1406 1973 1476 2030 terra

367 2075 485 2142 arabili
500 2077 593 2142 iuxta
607 2076 701 2160 viam,
731 2076 807 2142 inde
824 2077 944 2142 transit
958 2097 1017 2161 per
1032 2074 1174 2141 rivulum
1197 2095 1309 2140 verane
1325 2071 1479 2140 meridiem

364 2182 518 2250 adfinem
534 2184 598 2251 loci
615 2182 836 2251 Almalrereke
852 2191 1012 2269 vocatum'
1027 2185 1145 2252 abhinc
1162 2183 1265 2250 currit
1281 2181 1324 2248 ad
1347 2182 1427 2247 duas
1440 2202 1479 2245 ar·

363 2292 459 2358 borea
474 2294 574 2377 ilieee,
591 2293 668 2360 bine
692 2293 798 2360 tendit
814 2315 913 2378 supra
928 2295 1073 2358 montem
1089 2297 1122 2358 et
1138 2293 1241 2358 currit
1267 2313 1326 2377 per
1340 2291 1432 2357 beere
1445 2287 1478 2353 ad

363 2421 461 2466 unam
478 2407 601 2467 metam
618 2407 760 2468 terream
777 2423 839 2486 que
856 2407 906 2466 eat
923 2422 1022 2485 supra
1037 2397 1166 2485 Buzyas
1198 2421 1262 2485 que
1279 2404 1367 2465 meta
1381 2396 1477 2464 dividit

365 2531 386 2574 a
402 2517 492 2576 terra
507 2510 614 2576 Baree
631 2533 651 2576 a
667 2518 758 2576 terra
773 2509 980 2593 Gulaieieke‚
996 2509 1072 2576 inde
1089 2509 1213 2593 abipsa
1229 2514 1317 2574 meta
1333 2505 1480 2573 deseendit

369 2617 413 2684 ad
427 2640 580 2702 magnam
596 2619 680 2684 viam
696 2641 759 2705 que
775 2619 866 2686 vadit
881 2640 991 2684 versus
1016 2617 1221 2702 Bonebhyda
1238 2639 1300 2702 que
1315 2619 1368 2682 via
1383 2613 1480 2680 dividit

369 2731 500 2809 aparte
515 2731 602 2792 terre
619 2725 711 2794 Suuk
727 2725 770 2791 ad
787 2733 910 2792 terram
928 2723 1124 2792 Galateleke
1149 2731 1182 2791 et
1197 2747 1257 2810 per
1282 2723 1413 2790 eandem
1427 2741 1480 2786 ma·

368 2855 467 2919 gnam
482 2836 567 2901 viam
582 2835 671 2902 vadit
688 2837 730 2902 ad
760 2836 899 2902 rivulum
924 2834 1173 2921 Woryupataka
1197 2835 1404 2916 nominatum,
1419 2827 1480 2896 inde

368 2943 409 3008 de
425 2945 494 3028 ipso
510 2945 615 3012 rivulo
632 2945 777 3011 aseendit
793 2945 835 3012 ad
851 2968 953 3012 unum
967 2944 1065 3011 beere
1081 2945 1116 3010 in
1132 2966 1196 3030 quo
1213 2993 1221 3010 .
1238 2993 1245 3009 .
1262 2949 1392 3010 estune
1406 2944 1479 3005 meta

368 3058 475 3119 terrea
491 3075 553 3138 que
582 3060 670 3120 mei-a
685 3059 816 3140 separat
831 3076 851 3120 a
867 3060 956 3120 terra
972 3051 1073 3121 Gunk
1089 3052 1132 3119 ad
1157 3057 1281 3118 terram
1299 3046 1479 3119 Gulaielehe

367 3183 388 3228 a
404 3184 470 3246 qua
484 3167 573 3228 meta
588 3163 691 3229 currit
706 3163 747 3229 ad
762 3164 870 3229 locum
885 3158 1111 3229 Abelharazta
1124 3161 1327 3226 nominatum
1343 3164 1376 3224 et
1389 3155 1431 3222 ibi
1440 3159 1479 3218 eet

367 3289 435 3336 una
450 3276 538 3336 meta
569 3276 677 3338 terrea
693 3293 755 3356 que
771 3271 920 3355 dietingit
936 3293 956 3336 a
980 3275 1069 3336 terra
1093 3267 1299 3354 Bonebhyda
1315 3267 1357 3332 ad
1371 3272 1479 3331 terram

369 3377 564 3445 Gulabelehe
580 3379 699 3447 abhinc
724 3379 892 3446 deseendit
921 3378 964 3444 ad
995 3383 1147 3463 stagnum
1176 3378 1344 3444 Rekettou
1360 3372 1441 3460 quod
1454 3416 1479 3435 .-

366 3485 483 3554 dividit
498 3510 517 3554 a
533 3494 622 3555 terra
637 3487 728 3555 Zeek
743 3489 787 3555 ad
802 3495 923 3555 terram
940 3483 1143 3572 Gulateleke,
1168 3486 1245 3552 inde
1260 3487 1295 3551 in
1310 3484 1412 3551 rivulo
1425 3480 1478 3546 Re

366 3595 546 3682 ketpataka
560 3603 675 3665 vocato
691 3597 776 3664 infra
786 3597 842 3664 ubi
853 3597 942 3663 eadit
950 3594 1181 3680 Rehetpataka
1190 3596 1224 3660 in
1242 3589 1478 3678 Zeleehpataka,

366 3704 442 3769 inde
458 3706 492 3770 in
507 3703 606 3772 fluvio
623 3703 868 3791 Zeleehpataha
883 3704 990 3772 tendit
1005 3727 1104 3789 supra
1120 3727 1140 3770 a
1156 3725 1221 3787 quo
1238 3754 1246 3769 .
1263 3755 1270 3769 .
1287 3701 1430 3769 aseendit
1443 3695 1478 3762 ad

319 3863 321 3866 .
363 3834 462 3880 unum
479 3812 574 3880 beere
590 3814 677 3899 quod
693 3820 742 3880 aab
756 3816 843 3880 inter
859 3813 940 3880 duaa
956 3813 1053 3880 silvae
1078 3812 1199 3880 Zeleeh
1226 3815 1260 3878 eb
1285 3812 1377 3880 Tabe
1392 3805 1478 3876 nomi·

363 3927 457 3988 natas
474 3923 561 4007 quod
578 3973 584 3989 .
603 3975 609 3989 .
626 3923 741 3992 dividit
771 3946 791 3988 a
821 3929 911 3989 terra
941 3921 1031 3988 Zeek
1062 3921 1104 3987 ad
1134 3925 1255 3988 terram
1287 3916 1476 3994 Gulatelehe

362 4027 481 4096 abhinc
497 4032 644 4098 aseendit
660 4032 703 4098 ad
717 4033 821 4097 maius
837 4032 933 4097 beera
948 4029 1036 4115 quod
1052 4030 1152 4095 estin
1168 4029 1275 4113 eapite
1290 4027 1475 4113 Vyliafeuet

361 4137 436 4204 inde
453 4141 621 4207 deseendit
637 4141 678 4206 ad
693 4141 835 4224 priorem
850 4145 971 4207 metam
987 4138 1151 4223 lapideam
1176 4157 1197 4202 a
1220 4137 1381 4222 principio
1396 4139 1477 4202 note·

363 4251 432 4312 tam
448 4252 481 4314 eb
496 4248 542 4314 aie
557 4253 643 4314 mete
659 4253 745 4314 berre
770 4245 967 4314 Gulateleke
992 4247 1217 4312 terminantur.
1249 4245 1297 4310 Et
1313 4247 1388 4331 quia
1403 4245 1477 4310 aient

359 4375 475 4438 parum
505 4357 594 4423 valet
608 4359 681 4424 iura
697 4357 834 4424 eondere
859 4357 921 4422 nisi
946 4357 988 4422 ait
1013 4355 1070 4438 qui
1094 4377 1133 4421 ea
1158 4354 1309 4420 observet
1324 4355 1370 4420 sie
1385 4351 1476 4418 eniam

358 4459 482 4528 frustra
497 4471 685 4531 contractus
718 4471 879 4531 eteorum
903 4464 1134 4549 stipulacionea
1160 4463 1311 4528 iniuntur
1335 4463 1396 4528 nisi
1425 4479 1476 4545 per

359 4577 469 4654 partes
484 4573 567 4638 inita
575 4571 711 4641 firmiter
727 4573 940 4640 observentur
956 4577 990 4637 et
1015 4569 1180 4638 observari
1205 4592 1265 4655 per
1280 4570 1476 4655 paebaeienea

359 4683 574 4766 compellant,
590 4682 690 4750 talem
705 4682 843 4750 sormam
860 4681 1097 4766 obligaeionum
1107 4679 1192 4746 idem
1202 4681 1358 4765 magister
1367 4675 1473 4744 Laabk
