3154 5474
582 501 677 564 1331.
695 517 763 564 ocr.
782 495 811 564 8'.
1194 505 1255 567 561

126 677 263 744 eandem
283 684 408 762 partem
434 678 582 762 pervenit
606 679 783 762 virgultum
808 679 972 763 quoddam
998 682 1089 746 etin
1115 681 1255 765 virgulto

124 787 277 852 arborem
297 785 396 853 silicis
413 807 508 852 cruce
533 787 703 870 signatam,
729 787 844 852 deinde
869 787 960 854 vadit
985 810 1088 872 usque
1112 791 1255 874 priorem

125 894 266 960 rivulum
282 893 374 960 Haas
391 895 514 960 dictum
533 915 591 978 per
608 893 696 977 quod
711 894 855 960 ascendit
871 895 1014 980 palisper
1030 897 1072 962 ad
1088 896 1256 962 meridiem

125 1002 164 1066 de
180 1003 318 1086 ipsoque
333 1001 438 1068 rivulo
454 1004 544 1068 iuxta
561 1001 723 1087 quoddam
742 1023 878 1087 parvum
896 1025 1008 1070 nemus
1019 1007 1085 1070 exit
1094 1005 1136 1072 ad
1153 1007 1257 1072 orien-

123 1116 242 1176 temet
268 1132 327 1196 per
352 1131 451 1176 unam
475 1111 562 1176 viam
587 1109 730 1176 ascendit
761 1111 804 1176 ad
835 1113 991 1178 orientem
1016 1133 1119 1196 usque
1145 1112 1257 1180 villam

126 1219 261 1302 Topsun
277 1219 466 1304 predictam,
492 1220 583 1284 cuius
599 1241 675 1303 pars
700 1221 971 1304 septemtrionalis
996 1227 1046 1289 est
1076 1227 1164 1288 terre
1180 1223 1258 1288 'Per-

126 1328 209 1412 pech
226 1329 373 1412 predicta
389 1333 483 1414 parte
499 1329 779 1395 meridionaliville
797 1329 930 1414 Topsun
946 1336 1143 1416 remanente,
1161 1335 1193 1396 et
1209 1333 1256 1398 sic

124 1440 230 1504 intrat
245 1439 285 1504 ad
302 1439 414 1504 villam
430 1439 564 1524 Topsun
580 1437 761 1524 predictam
777 1441 812 1504 in
829 1461 893 1524 qua
908 1441 986 1506 villa
1011 1462 1029 1506 a
1045 1445 1137 1525 parte
1153 1442 1257 1514 orieu-
1273 1523 1274 1526 Ἴ

124 1548 185 1613 tali
202 1567 259 1612 sex
276 1547 431 1613 sessiones
456 1549 491 1612 in
515 1547 718 1632 longitudine
742 1548 837 1613 unius
864 1553 952 1614 terre
972 1549 1104 1616 arabilis
1120 1549 1253 1616 cuilibet

124 1663 213 1723 retro
231 1664 338 1724 ortum
357 1665 390 1723 et
406 1675 471 1724 non
488 1659 576 1723 ultra
601 1661 677 1723 sunt
693 1659 794 1741 ipsius
811 1661 897 1724 terre
914 1657 1071 1742 Terpech,
1093 1663 1125 1724 et
1141 1659 1257 1724 deinde

123 1769 245 1833 iterato
263 1767 304 1832 ad
319 1768 580 1851 septemtrionem
598 1767 639 1832 ad
666 1767 802 1832 eandem
818 1769 927 1834 villam
943 1789 1002 1853 per
1018 1789 1117 1852 quam
1132 1768 1200 1834 itur
1216 1767 1258 1834 ad

124 1876 238 1942 villam
269 1875 418 1960 Terpech
443 1897 501 1960 per
525 1877 694 1960 ipsamque
717 1876 801 1939 viam
825 1875 971 1940 ascendit
997 1882 1029 1942 et
1053 1879 1198 1960 pervenit
1223 1877 1257 1942 in

126 1985 278 2050 collicula
297 1984 504 2068 quamplures
530 1984 664 2050 arbores
690 1985 817 2049 silicum
843 1985 934 2050 cuius
959 2007 1035 2069 pars
1056 1986 1257 2070 septemtrio-

125 2093 211 2158 nalis
229 2097 278 2157 est
294 2097 381 2157 terra
396 2091 472 2156 ville
498 2091 645 2176 'Perpech
666 2113 741 2176 pars
765 2113 841 2158 vero
867 2093 1087 2159 meridionalis
1112 2101 1257 2159 remanet

125 2207 213 2266 terre
230 2199 394 2284 Thopson,
410 2201 621 2284 pervenitque
647 2201 692 2266 ibi
712 2201 817 2284 ipsum
843 2202 983 2266 rivulum
1009 2202 1048 2267 de
1075 2223 1139 2286 quo
1166 2203 1256 2286 prius

125 2311 252 2375 exierat
269 2309 310 2374 ad
326 2309 526 2374 occidentem
543 2313 575 2374 et
590 2310 624 2374 in
643 2311 713 2393 ipso
740 2311 845 2375 rivulo
871 2310 1015 2376 ascendit
1040 2332 1098 2395 per
1122 2331 1256 2394 parvum

125 2421 272 2502 spacium
289 2417 330 2483 ad
345 2416 510 2482 meridiem
527 2418 636 2502 ibique
652 2419 745 2484 iuxta
769 2417 901 2484 arbores
919 2419 1045 2484 silicum
1062 2418 1195 2485 exiendo
1213 2420 1253 2484 dc

124 2529 197 2612 ipsc
215 2527 320 2592 rivulo
337 2524 379 2591 ad
395 2526 551 2590 orientem
568 2524 609 2590 ad
625 2530 767 2592 montem
783 2527 893 2592 vineas
910 2527 1164 2611 quamplurimas
1181 2548 1255 2592 con·

125 2639 286 2702 tinentem
312 2641 344 2700 et.
360 2635 406 2699 sic
434 2634 519 2698 inter
543 2635 631 2716 ipsas
656 2635 766 2699 vineas
792 2655 849 2718 per
875 2635 1020 2699 semitam
1046 2633 1190 2700 ascendit
1215 2635 1256 2700 ad

125 2743 263 2810 eandem
288 2748 414 2826 partem
449 2742 638 2806 orientalem
665 2747 697 2806 et
722 2743 869 2826 pervenit
899 2743 984 2807 viam
1015 2763 1167 2826 magnam
1198 2764 1256 2826 per

126 2873 225 2936 quam
243 2851 402 2916 transitur
418 2849 457 2914 de
472 2850 550 2914 villa
566 2847 731 2934 Kysfolud
747 2850 788 2914 ad
804 2850 958 2934 Terpech,
982 2849 1027 2916 ibi
1037 2855 1125 2916 meta
1149 2855 1257 2916 terrea

126 2963 215 3027 circa
239 2961 323 3026 viam
348 2964 455 3024 erecta
487 2959 577 3024 cuius
609 2979 685 3042 pars
711 2957 982 3041 septemtrionalis
1014 2962 1112 3042 prout
1144 2959 1256 3024 semite

126 3070 312 3154 distingunt
326 3073 472 3132 remanet
490 3069 577 3132 terre
594 3064 741 3150 Terpech
756 3086 832 3149 pars
848 3087 923 3132 vero
939 3067 1156 3132 meridionalis
1174 3067 1254 3132 eius-

124 3178 203 3243 dam
219 3183 305 3242 terre
321 3175 478 3259 Thopsnn
493 3174 550 3240 ubi
569 3175 670 3239 eciam
686 3173 835 3238 vicinitas
860 3179 946 3239 terre
974 3173 1122 3258 Terpech
1145 3173 1255 3241 deficit

125 3291 159 3351 et
176 3285 337 3351 vicinatur
354 3305 426 3348 cum
441 3288 530 3347 terra
549 3281 680 3348 ecclesie
698 3278 928 3364 Zagrabiensis
953 3281 1075 3347 Budun
1099 3287 1212 3348 vocate
1239 3303 1257 3347 a

123 3397 221 3480 parte
247 3392 405 3474 orientali,
431 3389 549 3456 abhinc
570 3390 613 3455 ad
638 3395 765 3474 partem
789 3389 1034 3456 meridionalem
1062 3390 1256 3456 declinando

122 3522 186 3587 per
201 3501 304 3584 ipsam
329 3499 414 3564 viam
441 3497 530 3562 vadit
549 3498 636 3562 inter
660 3497 838 3580 virgultum
862 3499 896 3562 in
922 3497 1089 3563 vicinitate
1116 3499 1258 3563 eiusdem

123 3617 215 3676 terre
234 3607 352 3674 Bodon
377 3629 396 3672 a
420 3611 512 3692 parte
539 3605 687 3671 orientali
714 3613 751 3670 ut
775 3605 972 3689 prediximus
998 3610 1030 3671 et
1053 3607 1199 3690 pervenit
1223 3607 1258 3670 in

122 3720 198 3802 ipso
223 3717 365 3799 virgulto
390 3715 538 3780 arborem
562 3714 626 3798 piri
661 3735 719 3798 pro
744 3720 830 3778 meta
854 3715 992 3798 positam
1016 3711 1074 3778 ubi
1098 3713 1259 3797 incipiunt

123 3831 214 3892 mete
248 3830 332 3889 terre
358 3821 522 3890 Terebezd
548 3821 724 3887 deficiendo
750 3825 833 3886 mete
857 3822 958 3904 ipsius
984 3820 1142 3904 Thopsun
1168 3822 1259 3887 cuius

123 3934 296 4001 orientalis
328 3953 401 4017 pars
433 3937 483 3997 est
513 3933 598 3996 terre
639 3930 723 3996 dicte
762 3930 894 3995 ecclesie
926 3927 1154 4014 Zagrabiensis
1185 3951 1259 4014 pars

124 4041 262 4129 quidem
279 4039 488 4106 occidentalis
504 4061 577 4104 cum
592 4039 693 4104 vineis
709 4043 741 4104 et
755 4039 904 4122 virgultis
913 4041 1059 4104 remanet
1069 4039 1152 4103 villis
1163 4037 1260 4103 Tere-

123 4150 212 4219 bezd
228 4147 377 4215 etSithke
387 4148 515 4214 mixtim
525 4147 712 4230 adiacentis,
723 4145 838 4212 deinde
848 4148 993 4231 pervenit
1008 4147 1094 4212 viam
1110 4166 1260 4228 magnam

123 4279 197 4345 qua
213 4255 305 4323 ducit
321 4256 359 4321 de
377 4253 540 4321 Terebezd
557 4253 600 4320 ad
609 4255 720 4320 villam
737 4252 861 4339 Seyner
878 4260 910 4319 et
925 4255 1027 4338 ipsam
1042 4253 1127 4318 viam
1142 4253 1261 4318 transit

121 4367 171 4435 ad
187 4365 321 4432 eandem
336 4369 462 4449 partem
487 4385 545 4448 per
564 4364 742 4447 virgultum
768 4367 801 4428 et
826 4361 990 4428 descendit
1006 4359 1049 4426 ad
1065 4365 1171 4426 terras
1188 4381 1261 4426 ara·

118 4477 210 4544 biles
226 4475 321 4541 etsie
338 4473 443 4539 eundo
461 4472 502 4539 ad
518 4470 651 4538 eandem
668 4474 792 4555 partem
808 4470 1050 4536 meridionalem
1066 4472 1098 4534 et
1114 4470 1261 4553 pervenit

118 4605 227 4654 unam
244 4583 329 4650 viam
345 4581 402 4648 ubi
418 4586 506 4647 meta
522 4586 627 4647 terrea
652 4580 818 4662 angularis
844 4579 1051 4663 declinatque
1076 4577 1193 4643 abinde
1219 4577 1261 4642 ad

118 4691 555 4777 occidentemper'eandem
570 4689 653 4754 viam
670 4687 774 4754 eundo
792 4687 936 4754 ascendit
961 4687 1002 4753 ad
1020 4686 1134 4753 collem
1149 4687 1184 4751 in
1199 4685 1260 4751 vir·

169 4829 327 4869 asrouuour
344 4815 515 4864 ouuirvrln.
536 4828 564 4863 rr.
581 4815 642 4864 nov.
1109 4798 1150 4860 36
