3240 5460
671 445 764 508 1322.
1237 447 1278 508 57

145 629 273 692 terram
288 646 399 692 eorum
424 621 545 690 Zalata
574 625 722 690 vocatam
750 623 852 689 eciam
877 622 1033 707 magistro
1059 622 1160 689 Petro
1186 622 1281 689 fratri

145 733 274 800 carnali
290 732 371 799 dicti
386 731 534 816 magistri
549 730 646 797 Pauli
662 731 800 798 vendere
823 730 1008 814 voluissent,
1034 731 1092 796 sed
1114 730 1199 796 idem
1215 753 1282 798 ma-

145 845 250 928 gister
265 841 386 908 Petrus
401 863 506 906 emere
522 841 679 906 noluisset
703 841 744 906 ab
770 839 898 906 eisdem.
924 838 1049 905 Datum
1072 837 1154 906 feria
1179 841 1282 906 tercia

142 953 296 1037 proxima
320 956 396 1036 post
418 949 538 1015 festum
557 950 652 1016 beate
677 949 778 1017 Lucie
802 949 945 1034 virginis,
970 970 1055 1016 anno
1081 948 1203 1015 domini
1226 945 1282 1014 Μο

145 1057 250 1127 0000
264 1058 358 1124 XX⁰
374 1059 522 1126 secundo.

255 1224 408 1290 Hatlapjtn
421 1223 702 1290 peosttnyomaiva13
722 1223 854 1288 orodotije
875 1237 907 1272 az
921 1237 990 1274 orez.
1013 1222 1068 1272 ltar
1090 1221 1190 1272 kinost.
1212 1224 1279 1272 oszt.

142 1314 181 1365 N.
195 1316 229 1366 R.
245 1317 277 1364 A.
294 1319 371 1367 1507.
386 1321 410 1366 l.
423 1315 490 1380 dipl.
503 1314 574 1366 ltar:
589 1319 667 1366 2153.
681 1313 780 1365 Kozli:
795 1314 897 1366 Vinoze
910 1312 1010 1364 Gsbor.

635 1475 795 1484 ——m

688 1620 740 1682 48.

144 1788 245 1850 1322.
271 1781 525 1870 Now-seman,
549 1783 613 1848 dec.
639 1784 691 1846 23.
717 1780 865 1846 Szobclcs
891 1783 1059 1866 vair-mappa
1087 1783 1222 1868 ispo'aja
1247 1789 1279 1846 e'a

139 1893 329 1959 circlos-sai
355 1888 614 1972 Csaaddfia'aak
641 1890 765 1976 Koltay
781 1890 908 1976 Miloly
933 1890 1015 1954 elles
1040 1889 1128 1955 eakttt
1153 1891 1279 1955 ite‘laek.

255 2050 327 2118 Nos
351 2052 506 2135 magister
528 2047 714 2135 Stephanus
740 2047 828 2114 filius
852 2047 950 2114 Pauli
975 2047 1052 2114 bani
1068 2051 1101 2116 et
1118 2067 1223 2116 comes
1240 2051 1280 2116 de

139 2159 285 2228 Zabuoh
300 2183 425 2237 necnon
442 2167 583 2246 quatuor
598 2159 721 2226 iudices
736 2160 778 2225 de
802 2160 915 2226 eodem
940 2159 1053 2226 damus
1077 2183 1137 2246 pro
1161 2183 1280 2228 memo-

139 2271 206 2354 ria,
225 2269 312 2356 quod
328 2267 486 2335 Nicolaus
500 2268 587 2334 filius
604 2267 741 2335 Ohanad
756 2269 790 2334 in
809 2269 960 2334 vicesimo
976 2267 1117 2335 secundo
1134 2269 1186 2335 die
1201 2269 1280 2357 Epi-

137 2381 268 2465 phania
285 2379 406 2444 domini
423 2383 537 2444 contra
561 2379 752 2462 magistrum
776 2377 974 2443 Michaelem
989 2377 1092 2443 filium
1107 2377 1279 2446 Michaelis

138 2489 245 2554 [lebet
259 2489 368 2554 iurare
393 2510 451 2572 per
475 2489 647 2554 arbitrium
672 2509 756 2554 nono
782 2508 816 2552 se
842 2487 903 2552 sibi
928 2487 1094 2570 similibus,
1121 2511 1217 2573 super
1242 2513 1279 2556 eo

136 2599 306 2682 videlicet,
323 2597 410 2683 quod
424 2597 548 2662 Paulus
565 2601 598 2662 et
612 2593 764 2662 Andreas
780 2597 955 2662 servientes
979 2597 1028 2661 sui
1044 2618 1153 2663 omnes
1179 2619 1279 2683 equos

136 2729 223 2774 suos
239 2712 271 2771 et
285 2726 383 2771 unam
400 2725 529 2771 vascam
544 2706 683 2770 vitulum
697 2705 872 2771 habentem
887 2726 953 2771 non
968 2705 1166 2790 recepissent
1185 2711 1217 2772 et
1236 2706 1279 2772 ad

136 2838 179 2883 se
195 2838 261 2881 non
276 2815 451 2880 duxissent.
467 2814 592 2880 Datum
608 2815 642 2880 in
657 2812 734 2900 Nog
750 2813 879 2881 Semien
904 2813 986 2880 feria
1002 2814 1116 2898 quinta
1131 2815 1280 2898 proxima

134 2929 222 3012 post
246 2924 365 2989 festum
394 2923 484 2990 beati
518 2923 642 2989 Thomc
667 2924 815 3008 apostoli,
840 2946 926 2991 anno
952 2923 1074 2990 domini
1098 2922 1152 2988 Μ0
1177 2921 1279 2992 0000

136 3033 241 3100 XX⁰
255 3031 403 3098 secundo.

255 3177 387 3227 zarlattn
399 3176 669 3243 peccattoresltkke13
689 3178 818 3242 eredetije
840 3193 857 3228 a
879 3179 912 3227 N.
931 3177 1157 3240 Muzeumban,a
1178 3177 1278 3242 Kallay

135 3285 181 3321 cs.
194 3269 270 3318 lban.
283 3265 381 3318 aazia:
397 3265 521 3332 Taganyi
533 3267 566 3317 K.

634 3407 792 3418 ...η-ι.-

686 3558 739 3622 49.

137 3724 243 3787 1322.
260 3719 308 3784 Aa
325 3719 395 3803 apri
409 3718 569 3802 topazon
585 3719 657 3784 dora
684 3719 824 3806 Taoajdt
849 3717 963 3786 Cairke
985 3721 1092 3786 Dacos
1125 3723 1278 3805 Wopaow

135 3830 274 3896 Borsod
289 3831 475 3914 vdrmaqyai
493 3828 660 3910 birtolcbol²
675 3832 867 3915 aoqysanyai
891 3831 1119 3916 lectnyneqpcdi
1145 3831 1277 3894 illaesa-

133 3941 217 4026 με’-νο
235 3938 337 4016 aliave,
361 3934 483 3999 Boleti
499 3935 607 4000 Dones
623 3935 704 3999 altat
720 3935 795 4000 colo
810 3936 1049 4024 kielaqittetc'aat
1066 3938 1277 4024 epitectcc'tjo.

253 4145 284 4160 ..
301 4095 480 4180 capitulum
505 4094 638 4162 ecclesie
654 4091 825 4180 Ag1iensis
842 4147 848 4162 .
866 4146 873 4163 .
890 4097 933 4163 ad
951 4098 1174 4164 universorum
1194 4097 1278 4163 noti·

133 4209 230 4274 ciam
260 4211 373 4270 tenore
402 4203 605 4288 presencium
635 4204 782 4270 volumus
811 4206 991 4292 pervenire,
1015 4206 1102 4291 quod
1127 4205 1277 4272 Dionisio

133 4316 234 4381 dicto
248 4311 376 4398 Chyrke
393 4311 460 4378 filio
477 4311 617 4379 Simonis
634 4311 674 4378 de
691 4311 870 4400 Thobaydy
895 4337 934 4380 ex
953 4337 1019 4381 una
1043 4319 1146 4400 parte,
1172 4315 1213 4380 ab
1230 4315 1276 4379 al·
1335 4309 1336 4312 '

132 4433 218 4490 tera
233 4443 306 4489 vero
322 4421 479 4505 magistro
495 4420 645 4488 Dionisio
660 4419 727 4489 filio
743 4421 847 4488 Blasii
863 4423 902 4488 de
918 4421 1026 4489 Bulch
1041 4445 1101 4508 pro
1118 4445 1151 4490 se
1168 4427 1201 4489 et
1216 4445 1275 4508 pro

132 4529 328 4612 Dominico,
344 4527 370 4594 J
371 4528 507 4614 ohanne,
524 4525 715 4596 Alexandro
734 4535 768 4596 et
792 4529 905 4598 Blasio
921 4529 997 4597 filiis
1014 4533 1079 4598 suis
1095 4553 1205 4598 coram
1220 4551 1276 4596 no-

131 4640 191 4704 bis
211 4639 424 4721 personaliter
440 4639 634 4722 constitutis,
649 4660 708 4724 per
723 4641 829 4727 ipsum
844 4639 1029 4708 Dionisium
1044 4640 1147 4708 filium
1171 4639 1274 4710 Simo·
