3240 5460
653 459 747 520 1323.
764 475 834 520 ssu.
852 458 880 519 6.
1286 459 1327 518 59

191 640 338 706 eiusdem
378 639 526 724 magistri
559 637 696 704 Emirioi
728 642 760 702 et
790 635 954 702 Johannis
985 634 1044 700 filii
1076 633 1233 718 Stephani
1269 634 1328 700 filii

193 746 351 833 Churgho
377 770 450 814 oum
476 747 625 814 omnibus
648 745 847 813 utilitatibus
873 752 906 811 et
929 743 1137 830 pertinenciis
1162 744 1229 809 suis
1254 765 1327 810 con-

192 855 269 922 fessi
286 862 363 922 sunt
379 856 483 922 eidem
502 855 658 940 magistro
683 853 828 920 Emirico
845 904 851 920 .
868 904 875 919 .
891 875 951 937 pro
976 859 1119 937 quatuor
1143 854 1260 920 marcis
1277 875 1327 918 ar-

193 965 284 1048 genti
300 963 481 1030 vandidisse
496 963 536 1028 de
552 964 719 1029 voluntate
730 968 942 1046 cognatorum
952 961 1137 1028 eorumdem
1154 963 1244 1029 nullo
1255 986 1328 1030 con-

192 1073 373 1139 tradictore
384 1073 721 1152 existente;assumens
732 1070 940 1137 nihilominus
950 1069 1035 1136 idem
1045 1073 1200 1155 magister
1209 1071 1328 1138 11111111-

193 1204 252 1248 cus
262 1183 302 1248 de
312 1203 402 1246 sessu
418 1177 499 1266 (igy)
517 1179 603 1246 dicte
614 1179 727 1244 domus
737 1180 845 1244 omnia
854 1180 934 1262 iura,
944 1179 1068 1244 scilicet
1077 1179 1255 1264 terragium
1265 1181 1329 1247 col·

192 1293 297 1358 lectas
308 1296 341 1356 et
351 1291 416 1355 alia
427 1309 490 1372 que
506 1289 546 1354 de
556 1289 634 1354 villa
644 1287 786 1354 eiusdem
797 1285 910 1354 Calido
920 1284 1019 1372 Aque
1029 1289 1113 1372 exigi
1124 1284 1210 1373 con(
1210 1337 1312 1354 .....
1314 1287 1328 1372 )

191 1400 334 1485 regibus
354 1405 422 1464 tam
442 1398 617 1480 reginobus
638 1419 735 1480 quam
752 1399 854 1462 eciam
871 1395 884 1483 (
886 1445 1011 1462 ......
1013 1393 1027 1483 )
1044 1395 1103 1462 bus
1120 1417 1193 1462 crnn
1209 1395 1329 1462 eisdem

192 1508 344 1592 persolvi.
360 1505 486 1572 Datum
501 1504 582 1572 seria
599 1511 717 1589 quarta
733 1506 880 1589 proxima
895 1510 968 1589 post
978 1527 1017 1572 oc
1034 1503 1047 1591 (
1048 1555 1174 1571 ......
1177 1503 1191 1591 )
1207 1505 1328 1572 domini

191 1617 248 1682 M⁰
264 1615 367 1684 000ο
384 1614 476 1681 XX⁰
491 1613 639 1680 secundo.

303 1779 456 1845 Hanapjtn
469 1778 562 1844 peceat
573 1777 751 1842 nyomaivs13
771 1777 903 1843 eredetije
925 1795 957 1828 az
979 1793 1048 1830 orez.
1072 1780 1127 1831 lter
1145 1779 1245 1830 kincst.
1259 1783 1327 1830 oszt.

190 1871 224 1920 N.
240 1871 273 1922 R.
288 1869 321 1920 A.
337 1874 398 1922 860.
413 1875 436 1920 8.
451 1869 518 1934 dipl.
531 1868 602 1920 lter:
618 1872 695 1918 2135.
715 1868 797 1918 Kozli
809 1885 814 1918 :
828 1867 931 1920 Vincze
945 1869 1045 1920 Gabar.

736 2270 786 2332 51.

191 2433 290 2494 1323.
314 2428 345 2492 T
341 2437 494 2511 antester,
503 2436 579 2516 jan.
597 2433 625 2494 6.
653 2431 680 2494 Ι.
698 2433 825 2514 Krirolp
840 2432 952 2518 kirrily
968 2456 1005 2496 cz
1022 2438 1135 2518 orszrtp
1157 2433 1327 2497 rendeiaelc

187 2541 336 2606 ke'reiae're
353 2563 374 2604 a
391 2540 487 2604 irritat
503 2540 617 2604 [storin
633 2541 696 2604 bc'a
707 2540 995 2626 penzmsirtrika'aelc
1015 2541 1178 2628 magfelelo'
1196 2542 1233 2626 aj
1243 2542 1328 2626 pias

508 2649 650 2713 oerc'atro
664 2649 830 2713 penaliter
845 2650 953 2714 dorecil
968 2649 1012 2712 lai.

301 2806 448 2874 Karolus
464 2857 494 2873 ..
520 2829 577 2874 rex
592 2859 600 2874 .
617 2857 624 2874 .
650 2809 793 2894 capitulo
820 2809 952 2875 ecclesie
978 2809 1207 2875 Transsilvane
1224 2859 1231 2873 .
1248 2859 1255 2874 .
1272 2831 1328 2874 no-

192 2917 315 2998 veritis,
340 2917 428 3000 quod
452 2917 578 3003 prelati,
603 2917 741 2983 barones
766 2925 799 2984 et
824 2917 949 2984 nobiles
978 2920 1071 3003 regni
1086 2919 1189 2984 nostri
1214 2917 1327 2984 habito

188 3026 279 3089 inter
310 3045 344 3090 se
376 3025 574 3108 diligenti..
601 3025 771 3110 colloquio,
799 3026 842 3092 ad
865 3031 1010 3093 nostram
1041 3026 1231 3093 accedentes
1256 3047 1327 3110 pre-

188 3133 344 3216 senciam,
379 3132 546 3198 humiliter
584 3157 604 3200 a
642 3134 734 3200 nobis
768 3136 986 3220 postularunt,
1021 3135 1108 3218 qnod
1152 3135 1230 3218 quia
1268 3157 1327 3218 per

187 3239 371 3306 indebitam
403 3246 566 3308 monetam
597 3263 723 3308 camere
750 3249 862 3309 nostre
893 3243 1057 3326 regnicolo
1087 3243 1224 3308 nimium
1254 3263 1327 3325 gra-

186 3355 355 3433 varentur,
379 3355 513 3434 propter
526 3352 799 3418 restauracionorn
825 3353 953 3436 pristini
978 3355 1083 3417 status
1107 3351 1200 3435 regni
1224 3351 1327 3415 nostri

189 3463 225 3520 et
242 3457 419 3522 utilitatem
434 3459 600 3524 moliorem
623 3459 741 3525 bonam
765 3482 882 3526 novam
907 3465 1071 3526 monetam
1095 3464 1252 3544 perpetuo
1269 3459 1326 3525 ‹lu-

187 3563 329 3630 rabilem
346 3571 379 3631 et
394 3587 452 3648 per
475 3571 581 3632 totum
605 3589 741 3651 ragnum
766 3573 913 3634 nostrum
939 3569 1058 3652 ubique
1083 3567 1327 3634 discurrendum

189 3674 347 3740 fabricari
371 3672 559 3758 faceremus,
585 3680 618 3740 et
642 3681 680 3741 ut
704 3674 767 3742 hoc
792 3677 1048 3760 concederemus
1073 3676 1171 3742 iidem
1197 3676 1325 3759 prelati,

188 3785 331 3850 barones
349 3787 382 3848 et
397 3783 522 3848 nobiles
540 3784 633 3868 regni
649 3785 752 3850 nostri
778 3784 818 3850 de
834 3785 970 3869 singulis
994 3787 1097 3869 portis
1117 3783 1326 3869 iobagionum

188 3913 324 3958 suorum
342 3897 375 3956 et
391 3892 530 3956 aliorum
554 3892 697 3957 omnium
722 3892 916 3976 populorum
940 3895 974 3958 in
999 3913 1098 3976 regno
1123 3898 1235 3958 nostro
1261 3894 1326 3957 exi·

188 4001 359 4082 standum,
375 3999 467 4064 nullo
492 3999 622 4083 penitus
647 4007 805 4085 exempto,
829 4000 979 4067 videlicet
995 4007 1063 4066 tam
1079 4002 1113 4065 in
1139 4000 1326 4066 civitatibus

187 4110 293 4174 eciam
318 4129 417 4191 quam
432 4109 467 4172 in
483 4108 609 4192 oppidis
626 4110 879 4175 constitutorum
903 4111 1047 4194 singulos
1064 4109 1213 4175 dimidios
1228 4109 1326 4176 ferto-

186 4240 246 4284 nes
263 4240 338 4284 cum
364 4222 499 4299 argento
525 4217 576 4282 vel
601 4218 742 4284 denariis
757 4219 851 4285 iuxta
866 4220 1008 4285 valorem
1024 4219 1152 4302 argenti
1167 4217 1230 4285 hoo
1240 4241 1325 4285 anno

187 4327 282 4392 nobis
293 4325 367 4391 (lari
378 4331 410 4390 et
421 4325 559 4408 persolvi
569 4325 756 4392 ordinantes
766 4333 1026 4411 assumpserunt;
1042 4348 1153 4392 verum
1164 4349 1222 4392 nos
1232 4327 1325 4392 iustis

186 4431 408 4519 peticionibus
424 4433 598 4500 eorundem
616 4435 825 4519 prelatorum,
835 4435 994 4500 baronum
1010 4439 1043 4500 et
1059 4434 1217 4500 nobilium
1233 4435 1325 4518 regni

187 4543 292 4609 nostri
318 4542 469 4608 inclinati
488 4547 526 4608 nt
550 4547 706 4628 tenemur,
732 4565 876 4610 cameras
901 4549 1029 4609 nostras
1053 4563 1110 4607 seu
1135 4545 1326 4608 comitatum

186 4673 317 4720 camere
343 4672 403 4736 per
433 4657 540 4717 totum
566 4673 703 4736 regnum
736 4657 883 4719 nostrum
910 4651 1019 4720 conriti
1045 4649 1144 4738 Heys,
1168 4650 1325 4720 Ladislao
