3112 5466
335 454 398 518 2²22
692 469 879 514 nsuouuonr
898 457 1113 516 ouulsru'm.

332 629 510 711 ingressum
527 630 589 711 ipsi
616 630 769 712 inagistro
795 630 900 697 Paulo
927 632 1161 716 quinquaginta
1187 653 1312 696 malcus
1336 635 1440 697 solvere

334 742 508 819 teneretur,
524 743 672 819 preterea
689 739 714 800 si
731 739 816 801 idem
833 739 1066 804 Ladislausvel
1077 741 1126 804 sui
1137 741 1330 824 posteriores
1344 741 1441 805 amodo

334 867 430 927 super
446 844 541 908 dietis
557 847 812 928 possessionibus
838 855 951 912 contra
976 849 1081 932 ipsum
1107 849 1297 930 magistrum
1322 849 1440 912 Puuluui

332 955 379 1017 vel
398 975 471 1016 suris
487 952 623 1016 heredes
649 954 715 1017 litis
742 955 906 1018 accionem
932 962 1097 1019 unoverent
1120 956 1295 1039 aliqualem
1313 979 1387 1039 penu
1402 979 1441 1020 cu·

330 1063 466 1144 lumpuii
483 1058 565 1144 (igr)
583 1063 800 1144 punirentur.
817 1113 823 1127 .
840 1061 963 1126 Datum
990 1064 1022 1125 in
1039 1062 1231 1146 Wysegrad,
1257 1063 1336 1127 seria
1359 1065 1441 1126 tercia

331 1177 406 1234 ante
423 1169 540 1235 festum
558 1169 643 1234 beati
660 1169 820 1234 Demetrii
847 1171 998 1254 martiris,
1025 1193 1110 1235 anuo
1136 1170 1258 1236 domini
1284 1170 1336 1235 Μ0
1359 1169 1443 1236 000⁰

331 1277 423 1342 XX⁰
440 1280 561 1360 quinio.

441 1442 464 1490 Α
480 1441 652 1504 nagyviirudi
666 1443 865 1509 ¹lniptalunnuk
891 1445 966 1492 1325.
991 1443 1048 1492 dec,
1065 1441 1443 1492 16·etrikeltoklerelebenit·

333 1532 605 1595 li·ua,rnclysze1·int
629 1547 736 1580 »comes
757 1532 899 1582 Diouisius
921 1531 994 1580 lilius
1017 1531 1135 1580 Simonis
1158 1533 1282 1582 serviens
1295 1539 1323 1581 ct
1336 1531 1443 1580 elficislis

334 1621 462 1682 inagistri
476 1621 555 1670 Pauli
569 1621 636 1670 dicti
650 1622 786 1684 Mugyar.
802 1659 808 1671 .
822 1622 882 1670 vice
905 1621 1010 1672 domini
1024 1623 1082 1672 sui«
1097 1637 1150 1686 egy
1164 1622 1277 1684 neszrol,
1291 1623 1348 1670 unis
1360 1621 1444 1670 resno}

335 1711 417 1772 pedig
444 1709 604 1758 »Ladislans
631 1711 704 1758 lilius
730 1711 882 1759 Alexandri
906 1711 938 1760 de
961 1711 1092 1760 Karuz..
1116 1710 1202 1760 eciam
1225 1711 1354 1760 Nicolans
1375 1711 1446 1758 trater

335 1815 399 1849 suus
422 1801 547 1849 uterinus
572 1815 604 1849 ac
629 1800 732 1849 nobilis
755 1801 867 1850 domine
889 1805 979 1850 mater
1002 1815 1180 1851 sua..nunc
1202 1815 1314 1850 consors
1340 1799 1445 1862 magistri

335 1891 420 1938 Deers
434 1888 491 1937 filio
505 1889 610 1936 scilicet
624 1888 762 1950 quondam
779 1888 906 1952 Gregorii
921 1889 953 1938 de
967 1890 1117 1952 Babonya‹
1133 1904 1149 1938 a
1163 1889 1296 1952 keiptalan
1310 1891 1375 1938 elon
1387 1903 1447 1949 meg·
1543 1929 1544 1932 ,

332 1977 460 2040 julenven
476 1977 564 2026 »idem
581 1977 725 2027 Ladisluns
739 2015 745 2028 .
760 2013 766 2026 .
781 1979 869 2028 eidem
892 1980 987 2028 comiti
1009 1979 1134 2028 Dionisio
1149 2016 1154 2028 .
1169 2016 1175 2028 .
1190 1979 1219 2028 in
1243 1995 1357 2042 persona
1377 1979 1447 2041 ipsius
1543 1963 1544 2026 J

336 2068 441 2116 donum
455 2068 496 2115 sui
512 2105 517 2116 .
533 2105 539 2117 .
554 2067 693 2130 predictus
707 2068 889 2130 possessiones
903 2105 909 2118 .
925 2105 930 2117 .
944 2069 1120 2133 assignavit«
1140 2071 1164 2117 Α
1179 2069 1347 2133 nugyviirudi
1369 2069 1449 2129 kdptu·
1543 2131 1544 2134 Ἴ

336 2160 381 2206 lau
397 2173 460 2206 ezeu
475 2160 599 2207 olrlerele
613 2175 729 2222 megvun
744 2159 901 2208 eredetibeu
916 2175 948 2208 az
962 2175 1030 2210 orez.
1055 2161 1109 2209 lt-ar
1132 2160 1231 2209 kiucst.
1246 2166 1313 2210 oszt.
1338 2161 1368 2207 N.
1380 2159 1409 2208 ll.
1422 2159 1446 2205 A.

339 2253 398 2297 558.
414 2253 437 2296 7.
452 2249 518 2311 dipl.
532 2249 563 2298 lt.
578 2252 655 2298 2325.
670 2249 749 2296 Kuzli
765 2266 769 2298 :
790 2250 869 2312 Nugy
883 2249 982 2312 Gpulu.

871 2667 944 2728 202.

344 2828 438 2890 ltin-¹3.
456 2838 511 2890 oct.
529 2828 580 2890 24.
598 2827 745 2892 seuleus
772 2833 937 2911 euirureppc
962 2827 1130 2912 ulisptirp'u
1154 2829 1186 2890 c‘s
1203 2829 1379 2891 btru'uuuu
1394 2827 1452 2888 eliu

345 2936 451 2998 liuzen
468 2935 588 3017 stuiuulr
613 2935 790 2998 Julnilnuc
815 2937 907 3020 oppilo
924 2935 1090 3021 jodlnippu
1118 2937 1268 3020 dieoupos
1294 2936 1453 2998 uuumisul

605 3043 859 3128 Ncrpy-Seiirjcfiti
878 3043 1073 3128 lliluilpuu-lc
1093 3043 1213 3125 lipari.

453 3201 523 3267 Nos
548 3205 704 3287 magister
730 3203 840 3268 Deseu
865 3203 932 3267 viee
963 3203 1111 3285 magistri
1137 3201 1256 3268 Jacobi
1284 3202 1404 3268 comitis
1424 3199 1456 3264 de

344 3311 467 3376 Zebolo
483 3309 565 3396 (igr)
583 3317 615 3376 et
632 3318 772 3394 (piatum
788 3311 908 3376 iudices
925 3311 964 3375 de
981 3311 1092 3376 eodem
1109 3311 1223 3377 damus
1236 3334 1294 3395 pro
1311 3311 1456 3376 memoria.

345 3418 431 3502 quod
443 3419 641 3483 constitutus
653 3441 761 3484 coram
777 3419 869 3484 uobis
881 3420 1036 3501 magister
1051 3418 1076 3482 J
1078 3419 1220 3484 ohannes
1236 3420 1342 3484 dictus
1358 3417 1457 3483 Caura·
1541 3469 1542 3486 ι

344 3550 397 3592 rus
420 3526 548 3610 iobagio
565 3528 710 3610 magistri
727 3527 752 3590 J
754 3525 847 3593 acobi
863 3527 921 3591 filii
939 3529 1051 3593 Dause
1068 3529 1207 3611 palatini
1223 3527 1263 3592 de
1279 3525 1458 3591 Debrechun

346 3635 513 3700 voluntate
530 3642 707 3718 spontanea
723 3635 886 3718 professus
903 3643 951 3700 est
968 3657 1077 3701 eoram
1093 3633 1185 3700 nobis
1214 3633 1301 3718 quod
1326 3655 1383 3717 pro
1407 3651 1458 3694 uua

346 3765 456 3808 marca
472 3743 532 3807 sub
549 3745 680 3808 racione
697 3765 883 3827 grossorum
909 3744 1027 3826 quibus
1053 3744 1210 3826 magistro
1235 3741 1389 3807 Michaeli
1403 3739 1459 3803 filio

346 3851 521 3916 Michaelis
538 3853 640 3918 nobili
658 3852 698 3916 de
722 3851 799 3935 Nog
816 3851 945 3918 Sourion
972 3853 1093 3918 solvere
1119 3851 1302 3934 tenebatur,
1329 3873 1384 3936 pro
1407 3869 1459 3932 qua

347 3960 437 4024 dicta
453 3980 563 4024 marca
580 3959 660 4026 duas
676 3962 785 4044 pecias
801 3961 900 4044 panni
918 3961 957 4024 de
975 3961 1111 4024 durneto
1124 3959 1460 4043 impignorarerutpro

347 4069 417 4150 ipsa
434 4067 522 4132 dicta
538 4091 649 4133 marca
666 4069 698 4132 in
716 4075 901 4134 nostrorum
912 4069 1078 4152 presencia
1090 4069 1185 4132 solvit
1196 4067 1365 4132 duodecim
1380 4065 1460 4128 ulnus
1540 4087 1541 4132 i

348 4177 448 4259 punni
465 4175 503 4240 de
521 4176 666 4260 durneto,
691 4179 738 4242 ita
764 4184 873 4242 tamen
890 4177 976 4260 quod
992 4177 1025 4241 in
1042 4197 1195 4260 processu
1212 4182 1390 4259 temporum
1405 4173 1462 4254 ipse

349 4283 518 4348 lohannes
536 4285 642 4350 dictus
659 4292 717 4350 aut
733 4288 837 4350 socius
854 4284 1192 4350 suusBartholomeus
1205 4284 1360 4348 reiterare
1374 4283 1463 4345 inleu-

349 4391 464 4455 derent
479 4415 544 4457 uon
560 4399 689 4458 tantum
705 4395 738 4458 in
763 4393 882 4458 iudicio
909 4393 1025 4458 iudicis
1050 4392 1107 4457 sed
1132 4392 1234 4456 eciam
1260 4392 1293 4454 in
1319 4387 1462 4454 calumnia

349 4507 584 4582 luninanerent.
615 4499 741 4566 Datum
757 4500 838 4565 seria
855 4502 969 4584 quinta
985 4502 1133 4585 proxima
1151 4507 1225 4565 aute
1243 4499 1357 4564 festum
1375 4495 1464 4564 Simu·

351 4608 399 4672 uis
417 4615 447 4672 et
467 4608 565 4690 Jude,
582 4631 667 4674 anino
685 4609 806 4673 domini
822 4609 874 4673 Ml
892 4609 1242 4694 (JO(J⁰XX⁰‹1uiuto.
