3240 5460
602 451 695 516 1322.
711 473 782 519 Jnu.
801 453 851 520 19.

703 855 753 917 52.

161 1018 259 1081 1323.
282 1016 460 1096 Tenues-ardu,
477 1017 553 1101 joa.
572 1016 621 1080 13.
639 1014 668 1078 I.
691 1015 819 1102 Ko'roly
843 1016 956 1103 leirdly
981 1019 1053 1084 eloti
1078 1015 1224 1083 Cori-ard
1238 1017 1292 1100 fio

156 1127 290 1208 Miletos,
318 1124 471 1212 Gyzuroyo
487 1123 669 1209 helysdpdoa
685 1123 754 1187 lavo
769 1124 865 1188 hdzcit
881 1127 1039 1210 so'porciro
1062 1127 1293 1212 Mihdlyfldru

464 1232 594 1296 Pc‘tcrrc
611 1231 787 1316 iiriikjopon
803 1232 988 1296 citruddzza.

268 1391 340 1458 Nos
355 1391 503 1458 Karolus
519 1441 526 1458 .
543 1440 551 1458 .
569 1413 626 1456 rex
641 1440 648 1456 .
665 1441 672 1456 .
689 1389 906 1474 significamus
922 1441 930 1457 .
946 1441 953 1456 .
970 1392 1058 1476 quod
1074 1415 1180 1460 comes
1195 1392 1294 1460 Nico·

158 1502 233 1566 laus
249 1499 337 1567 filins
362 1499 517 1568 Corrardi
543 1499 680 1566 dilectus
704 1507 816 1565 noster
840 1521 949 1565 coram
973 1501 1067 1566 nobis
1082 1503 1294 1586 personaliter

159 1610 359 1676 constitutus
374 1607 506 1674 domum
522 1608 664 1673 suumin
680 1608 811 1672 civitate
838 1604 992 1692 Gyznoyc
1017 1616 1132 1675 vocata
1158 1611 1294 1675 existen-

156 1721 226 1783 tem
250 1717 322 1782 iure
337 1715 534 1782 hereditario
559 1716 643 1780 sicut
659 1713 741 1780 dixit
758 1714 820 1780 sibi
845 1713 988 1780 debitam
1013 1737 1085 1782 cum
1111 1718 1295 1782 attinenciis

160 1826 228 1890 suis
245 1831 278 1890 et
293 1825 492 1891 utilitatibus
508 1823 674 1907 universis,
690 1823 906 1906 proximitatis
933 1829 965 1890 et
983 1825 1153 1890 caritative
1169 1825 1295 1891 dilecci-

162 1932 233 1996 onis
257 1953 321 2016 quo
337 1954 419 2016 opus
439 1931 619 2016 perfectum
643 1929 744 1996 habet
768 1930 810 1996 ob
834 1929 985 2015 favorem,
1010 1932 1113 1998 nobili
1135 1933 1204 1998 viro
1228 1955 1294 1998 ma-

160 2042 264 2124 gistro
280 2039 380 2106 Petro
405 2040 473 2106 filio
497 2039 671 2106 Michaelis
697 2039 817 2106 dilecto
843 2047 876 2106 et
899 2040 987 2107 fideli
1011 2047 1122 2108 nostro
1148 2043 1294 2125 proximo

161 2170 223 2214 suo
249 2155 282 2213 et
306 2148 435 2215 domine
460 2147 564 2214 sorori
588 2169 645 2213 sue
674 2149 818 2214 consorti
838 2147 988 2215 videlieet
1017 2150 1117 2232 ipsius
1147 2151 1296 2234 magistri

161 2255 257 2321 Petri
273 2255 364 2322 dedit
380 2265 413 2323 et
429 2257 567 2324 contulit
582 2258 652 2321 iure
668 2262 826 2341 perpetuo
842 2306 849 2322 .
866 2306 873 2322 .
889 2255 1016 2324 Datum
1031 2259 1065 2322 in
1081 2255 1295 2341 Themeswar‚

161 2369 199 2432 in
225 2367 349 2432 octavis
373 2367 634 2454 Epiphaniarum
665 2367 795 2450 domini,
825 2389 911 2434 anno
942 2367 1086 2434 eiusdem
1115 2367 1169 2434 M⁰
1195 2364 1296 2435 0000

161 2473 257 2541 XX⁰
272 2477 383 2543 tercio.
797 2479 799 2483 ’

271 2639 292 2690 1.
306 2639 411 2706 xaroly
431 2641 579 2706 kirtlynak
594 2643 671 2690 1324.
687 2639 759 2705 april
773 2637 927 2689 13·rtnkelt
942 2639 1056 2690 »Petrus
1069 2639 1156 2691 frater
1168 2639 1296 2705 magistri

161 2731 285 2781 Simonis
303 2729 355 2780 lilii
373 2730 520 2782 Michaelis
539 2729 665 2782 hertscre
686 2729 825 2780 kialntoct
851 2729 1008 2792 dtirataibtl,
1036 2733 1112 2794 moly
1136 2732 1297 2797 ugyanosak

159 2821 184 2872 Ι.
203 2820 312 2886 Karoly
331 2821 400 2872 altar
429 2825 506 2873 1332.
534 2821 646 2872 februar
670 2819 802 2871 ltdiktn
820 2820 902 2870 iamet
920 2820 1057 2883 atiratott,
1082 2823 1212 2886 melynek
1239 2837 1296 2874 ere·

159 2910 213 2975 tije
231 2925 351 2977 megm
370 2925 402 2960 az
415 2925 486 2962 orsz.
498 2911 553 2961 ltdr
566 2910 665 2961 kincst.
676 2914 743 2962 oszt.
755 2909 817 2960 Act.
831 2909 926 2961 Trans.
940 2913 980 2961 12.
997 2913 1037 2960 17.
1051 2909 1117 2974 dipl.
1130 2911 1202 2962 ltar:
1217 2915 1295 2963 2141.

159 3002 262 3053 Kczli:
282 3001 386 3053 Vineae
406 3001 505 3054 (labor.

650 3146 808 3156 ————-

707 3349 759 3412 53.

162 3509 262 3572 1323.
281 3507 387 3590 (idua,
404 3511 479 3594 jau.
501 3511 551 3575 19.
578 3511 685 3597 Fiulop
710 3509 815 3575 reddor
847 3487 915 3594 sipi
939 3507 1065 3574 Lukcics
1091 3531 1172 3574 ozon
1195 3532 1298 3596 pauea-

158 3622 273 3697 sza'ro,
290 3617 373 3704 kopp
389 3620 533 3682 desiveic't
550 3618 676 3704 Keillay
693 3618 807 3682 Istociu
823 3617 962 3703 mephita,
979 3641 1049 3682 ezen
1066 3617 1185 3682 accolit
1201 3641 1298 3703 mapa

651 3725 698 3788 ele'
714 3726 806 3789 ideal.

273 3880 345 3949 Nos
378 3882 551 3969 Philippus
576 3885 742 3970 palatinus
765 3883 864 3950 iudex
895 3904 1103 3950 comanorum
1128 3904 1234 3950 comes
1259 3881 1298 3949 de

158 3989 290 4076 Scepus
306 3997 340 4057 et
356 3991 396 4058 de
412 3992 540 4078 Wyuar
556 3994 671 4060 damus
686 4015 746 4078 pro
761 3993 926 4076 memoria,
952 3992 1041 4076 quod
1064 3994 1098 4057 in
1124 4013 1299 4076 congrega-

159 4103 258 4167 oione
282 4105 395 4168 nostra
419 4103 565 4185 generali
589 4125 663 4169 cum
688 4103 843 4168 universis
873 4101 1036 4167 nobilibus
1061 4104 1234 4169 comitatus
1259 4101 1299 4166 de

159 4209 336 4276 Zoboulch
353 4260 384 4276 ..
409 4212 443 4275 in
474 4211 552 4278 villa
582 4209 685 4278 Gawa
710 4210 920 4277 celebrata..
940 4211 1075 4277 Lucach
1100 4210 1186 4276 filius
1201 4211 1251 4276 Uz
1268 4260 1275 4276 .
1292 4259 1299 4275 .

156 4317 249 4383 dixit
272 4316 361 4400 quod
387 4316 573 4402 Stephanus
588 4319 675 4385 filius
693 4317 866 4384 Michaelis
882 4368 912 4384 ..
937 4319 971 4383 in
996 4319 1075 4384 villa
1099 4315 1181 4403 Th(
1182 4367 1283 4383 .....
1284 4314 1298 4403 )

155 4421 333 4492 Andre'am
348 4425 483 4494 fratrem
499 4449 593 4495 suum
609 4428 795 4495 occidisset.
812 4477 818 4492 .
836 4427 920 4492 unde
937 4427 1152 4494 commisimus
1177 4426 1300 4510 quod..

156 4533 398 4617 Stephanus..
416 4537 679 4604 cont1·nLucach
699 4559 807 4603 coram
823 4535 915 4602 nobis
938 4537 972 4602 in
990 4537 1069 4602 uilla
1093 4535 1189 4621 Wysl
1212 4541 1299 4602 tene·

154 4650 244 4712 atur
273 4665 458 4731 comparere
474 4696 505 4712 ..
530 4645 656 4714 Datum
687 4649 720 4713 in
752 4642 863 4730 Gaura,
894 4644 974 4710 feria
999 4652 1118 4729 quarta
1153 4647 1300 4730 proxima
