3152 5472
543 517 638 586 1332.
656 527 728 586 uis.
746 519 797 586 21.
1174 520 1243 586 595

103 701 229 770 aciones
245 699 421 770 earundem
444 702 685 789 possessionum
701 721 810 768 coram
836 700 956 771 eisdem
982 701 1181 768 tenebuntur
1208 708 1244 767 et

100 812 178 878 dum
207 811 252 878 ad
278 812 427 878 ultimam
459 831 516 876 seu
546 811 736 893 angularem
767 811 1097 893 metamadveutum
1138 810 1252 877 fuerit

98 917 246 988 Michael
265 919 411 1007 prelatus
426 921 461 986 in
476 921 548 1007 ipsa
564 921 713 1003 angulari
729 925 815 986 meta
831 919 932 986 stabit
957 919 1042 1017 sicut
1066 919 1250 1037 placueritt'

99 1033 132 1095 ct
149 1027 275 1096 iurabit
292 1029 354 1094 tali
373 1026 469 1096 modo
494 1029 582 1114 quod
602 1029 680 1094 deus
702 1029 807 1114 ipsum
823 1028 871 1094 ita
887 1026 990 1094 salvet
1020 1033 1053 1094 et
1078 1049 1227 1094 conserve
1249 1027 1252 1034 ’

103 1136 194 1221 quod
210 1137 279 1223 ipse
299 1135 373 1203 illas
390 1142 493 1203 metas
519 1158 598 1221 quas
625 1138 803 1204 ostenderit
827 1156 920 1203 veras
944 1141 1046 1203 metas
1079 1136 1251 1202 dictarum·

107 1245 348 1329 possessionum
366 1267 435 1312 esse
451 1247 542 1329 sciat,
564 1251 597 1311 et
623 1249 649 1313 si
665 1247 764 1313 iidem
789 1247 816 1312 J
817 1246 961 1312 ohannes
987 1252 1020 1312 et
1049 1244 1251 1312 Alexander*

104 1360 200 1437 pater
216 1355 316 1441 ipsius
333 1375 430 1439 super
445 1355 541 1420 metis
556 1356 731 1441 peripsum
740 1355 935 1422 Michaelem
947 1355 1084 1422 ostensis
1096 1355 1250 1422 contenti

102 1459 227 1527 fuerint
250 1469 329 1527 tunc
344 1483 443 1528 noras
459 1469 562 1528 metas
579 1464 672 1530 iuxta
687 1471 810 1552 veteres
826 1465 953 1548 erigent
970 1464 997 1529 si
1016 1465 1251 1547 autemsnper'

96 1569 148 1636 his
169 1591 237 1638 non
267 1577 500 1638 contentantur
526 1577 644 1637 extunc
668 1571 853 1656 ubicunque
877 1571 963 1638 idem
987 1569 1181 1638 Alexander
1206 1579 1240 1637 et

97 1677 269 1745 Johannes
292 1679 453 1746 voluerint
478 1679 662 1764 incipiendo
695 1681 813 1747 iterato
830 1703 850 1746 a
865 1681 1026 1766 principio
1051 1681 1143 1746 iuxta
1163 1682 1241 1747 assi·
1292 1750 1296 1759 ,

96 1785 276 1868 gnaoiones
294 1835 325 1854 ..
352 1793 385 1853 et
404 1788 602 1853 ostensiones
619 1787 741 1853 scilicet
765 1789 908 1871 ipsorum
925 1785 1108 1854 Alexandri
1131 1793 1164 1853 et
1178 1787 1205 1855 J
1206 1812 1238 1856 o·

96 1893 215 1960 hannis
239 1896 326 1979 ipsas
352 1897 571 1980 possessiones
598 1895 850 1961 reambulabuut
882 1897 1031 1962 similiter
1062 1917 1165 1980 usque
1196 1896 1239 1963 ad

96 2005 250 2072 ultimam
265 2008 386 2071 metam
403 2006 593 2088 angularem
610 2010 643 2070 et
659 2011 737 2071 tnnc
753 2004 870 2071 stando
888 2025 984 2089 super
1003 2011 1125 2070 metam
1134 2017 1249 2089 angu-'

96 2111 202 2177 larem
222 2111 278 2176 ubi
309 2111 442 2197 expedit
458 2113 508 2176 rel
527 2113 596 2196 ipse
623 2133 729 2178 comes
760 2111 950 2178 Alexander
981 2117 1040 2178 aut
1070 2111 1239 2179 dohannes

96 2218 265 2304 predictus
280 2219 410 2285 iurabit
426 2220 483 2284 tali
501 2220 597 2286 modo
623 2221 712 2304 quod
737 2221 816 2287 deus
841 2223 890 2288 ita
914 2222 1002 2287 iuvet
1030 2242 1101 2287 eum
1128 2227 1161 2287 et
1191 2223 1240 2290 ita

97 2328 203 2412 possit
219 2329 327 2412 ipsam
345 2328 580 2414 possessionem
595 2350 686 2394 suam
702 2331 842 2414 posteris
858 2331 924 2396 suis
940 2329 1123 2414 relinquere
1150 2331 1238 2414 quod

97 2437 158 2503 illa
174 2438 218 2503 sit
234 2459 311 2503 vera
328 2437 495 2504 distinccio
512 2445 544 2504 et
560 2439 616 2503 ille
633 2445 708 2504 suut
724 2461 798 2504 vere
817 2446 902 2505 mete
927 2439 1089 2504 dictarum
1114 2459 1236 2523 posses-

96 2545 228 2611 sionum
245 2567 326 2629 quas
345 2545 430 2611 idem
441 2543 631 2612 Alexander
642 2553 674 2612 et
684 2547 710 2614 J
711 2547 854 2612 ohannes
865 2546 921 2612 ubi
932 2547 1237 2628 demonstraverint,

98 2656 132 2718 et
147 2653 292 2718 finaliter
310 2652 403 2719 ambe
418 2659 530 2738 partes
546 2659 649 2720 metas
666 2661 699 2719 et
715 2655 941 2720 distincciones
958 2675 1017 2738 per
1041 2655 1129 2739 ipsos
1155 2651 1235 2720 Ale-

96 2762 265 2828 xandrum
281 2768 339 2846 aut
357 2741 550 2828 'Johannem
576 2764 667 2827 iuxta
693 2763 908 2827 iuramentum
934 2784 1027 2828 suum
1053 2761 1236 2847 predictum

99 2875 253 2938 ostensas
269 2876 358 2936 ratas
384 2871 417 2935 iu
436 2877 628 2955 perpetuam
654 2872 889 2937 successionem
914 2871 1030 2937 erectis
1055 2873 1148 2938 metis
1180 2871 1236 2938 ubi

94 2977 233 3064 expedit
249 2980 335 3043 inter
351 2979 438 3062 ipsas
454 2979 672 3064 possessiones
687 2978 807 3043 habere
825 2978 1040 3062 tenebuntur3
1055 2979 1135 3044 item
1157 2977 1238 3044 obli-

93 3092 210 3170 gasset
226 3107 259 3152 se
276 3086 361 3152 idem
377 3085 521 3152 Michael
538 3085 625 3178 quod
645 3087 679 3151 in
705 3087 823 3152 eisdem
850 3086 1020 3170 quindenis
1046 3085 1236 3154 Ladislaum

94 3203 130 3262 et
147 3191 351 3261 Michaelem
367 3195 451 3262 filios
466 3195 492 3262 J
494 3195 631 3262 ohannis
647 3194 757 3260 fratris
774 3195 823 3260 sui
840 3194 882 3261 ad
898 3197 984 3279 ipsas
1005 3193 1238 3262 reambulacio-

93 3324 156 3369 nes
172 3301 376 3370 adducerent
401 3305 457 3388 qui
474 3305 500 3368 si
517 3305 646 3370 easdem
662 3303 901 3370 ordinacionem
919 3309 951 3369 et
967 3305 1055 3388 pacis
1082 3301 1238 3370 reforma·

93 3413 225 3478 cionem
242 3431 306 3478 non
333 3417 543 3496 acceptarent
567 3419 645 3478 tunc
669 3412 756 3478 idem
780 3410 924 3476 Michael
949 3410 1034 3478 filius
1065 3403 1249 3478 Michaelis

92 3520 242 3604 propriis
257 3517 422 3586 laboribus
450 3527 483 3585 et
509 3522 656 3605 expensis
681 3522 767 3606 ipsos
793 3517 1020 3585 Alexandrum
1045 3519 1236 3586 Johanuem

90 3633 128 3694 et
146 3625 173 3692 J
175 3627 313 3693 acobum
329 3627 483 3692 heredum
499 3651 557 3712 per
573 3627 707 3694 heredes
723 3629 894 3713 utriusque
910 3629 1011 3713 partis
1027 3627 1059 3692 in
1087 3627 1231 3693 dominio

89 3736 262 3802 dictarum
277 3739 438 3802 metarum
455 3737 619 3802 tenebitur
637 3759 846 3820 conservare3
873 3759 946 3802 curn
971 3741 1080 3801 autem
1107 3735 1148 3802 ab
1175 3737 1250 3818 eia„

88 3845 171 3911 dem
186 3842 263 3910 filiis
278 3843 461 3910 Alexandri
477 3849 510 3910 et
525 3843 550 3910 J
552 3845 679 3910 ohanne
696 3844 763 3912 filio
780 3845 903 3910 Elckus
919 3845 1066 3928 legitimo
1077 3865 1231 3928 procura-

84 3961 165 4019 tore
179 3953 283 4037 ipsius
298 3950 470 4017 Michaelis
496 3951 536 4016 de
552 3973 590 4018 eo
615 3959 724 4018 utrum
749 3951 939 4038 premissam
964 3951 1233 4046 composicionem

86 4071 123 4130 et
141 4061 389 4128 ordinacionem
405 4061 490 4126 inter
506 4082 539 4126 se
555 4060 651 4127 modo
668 4062 823 4144 premisso
840 4059 960 4126 factam
985 4059 1155 4126 observare
1182 4062 1252 4125 ve-'

82 4173 161 4240 lint
176 4176 238 4238 aut
253 4191 302 4254 ne,
319 4170 576 4254 quesivissemus‚
593 4169 691 4234 iidem
706 4168 766 4234 filii
781 4167 963 4234 Alexandri
979 4189 1012 4234 se
1040 4174 1073 4233 et
1088 4167 1236 4253 prefatus

88 4281 117 4348 J
117 4281 271 4349 ohannes
287 4279 372 4343 filius
388 4277 511 4344 Elekus
527 4279 724 4362 prelibatum
743 4275 938 4343 Michaelem
947 4274 1052 4342 filium
1062 4275 1235 4341 Michaelis

77 4393 258 4476 pretactas
283 4386 562 4472 composicionem
588 4393 619 4450 et
645 4385 887 4451 ordinacionem
923 4385 993 4451 sine
1020 4383 1236 4449 diminucione

79 4495 229 4582 aliquali
243 4493 424 4560 firmissime
441 4493 609 4561 observare
625 4495 707 4560 velle
733 4492 959 4572 affirmarunt;
984 4491 1070 4557 unde
1095 4513 1167 4556 cum
1193 4491 1236 4557 ad

77 4606 251 4695 premissa
267 4601 458 4689 exequenda
472 4605 616 4670 homines
633 4603 754 4670 domini
771 4603 857 4686 regis
873 4608 907 4666 et
924 4605 1065 4666 restrum
1090 4601 1234 4666 testimo·

77 4718 179 4784 nium
198 4713 342 4780 existant
360 4713 532 4778 necessarii
561 4712 741 4778 amiciciam
756 4717 897 4777 vestram
922 4708 1128 4794 presentibus
1154 4708 1235 4791 peti·

1066 4815 1128 4881 38*
