3172 5462
587 431 684 496 1323.
703 451 771 497 rur..
790 434 840 498 13.
1228 439 1267 500 81

132 607 219 674 chor
244 608 371 675 nobiles
387 610 426 676 de
442 609 576 676 Beohke
592 633 651 694 pro
668 632 702 676 se
729 614 761 677 et
777 610 935 678 fratribus
952 614 1026 698 suia,
1043 613 1130 698 quod
1146 637 1269 699 posses-

133 719 241 785 siones
257 720 455 787 Michohaza
480 728 513 787 et
538 721 603 786 alia
629 743 691 806 que
715 723 806 805 prius
826 722 938 788 eodem
963 724 1059 789 modo
1075 723 1272 790 Michohaza

133 829 318 895 vocabatur
340 851 426 896 nunc
442 851 516 896 vero
533 851 592 914 pro
608 831 730 914 placito
743 829 921 898 detentoria
931 831 1143 916 Dubnighaza
1159 840 1272 898 vocate

136 937 172 1000 in
187 937 345 1002 comitatu
361 935 601 1020 Neugradiensi
616 939 709 1002 iuxta
725 937 857 1004 flurium
882 939 1012 1005 Kurtus
1029 941 1204 1006 existentes
1221 961 1272 1006 eo·

136 1067 210 1109 rum
226 1052 335 1110 essent
349 1045 547 1111 hereditarie
572 1052 605 1110 et
631 1067 689 1130 per
705 1048 856 1113 comitem
880 1047 1021 1132 Dubzyg
1037 1055 1070 1114 et
1086 1048 1111 1114 J
1112 1048 1271 1114 ohannem

137 1175 177 1218 ac
193 1152 410 1219 Benedictum
434 1153 552 1218 fratres
578 1153 720 1218 eiusdem
751 1153 896 1221 indebite
921 1162 1077 1242 occupate
1094 1163 1127 1222 et
1142 1156 1272 1221 detenta

137 1263 173 1326 in
187 1263 332 1346 ipsorum
347 1262 560 1346 preiudieium
586 1263 783 1346 usquemodo
809 1270 842 1329 et
868 1264 955 1350 quod
971 1265 1058 1330 idem
1082 1263 1222 1350 Dubzyg
1239 1271 1271 1329 et

137 1371 278 1454 predicti
294 1369 414 1435 fratres
430 1370 531 1454 ipsius
547 1371 675 1454 vigente
692 1371 834 1455 ipsorum
850 1375 1002 1457 potencia
1021 1358 1272 1455 destrucciones,

139 1478 269 1562 damna,
300 1479 542 1544 vulnerationes
577 1481 813 1562 captivaciones
845 1503 1057 1565 personarum
1084 1486 1215 1565 patrum
1240 1487 1273 1545 et

135 1586 277 1652 fratrum
302 1609 340 1652 ac
364 1587 586 1671 proximorum
620 1588 793 1652 eorundem
820 1595 853 1653 et
883 1571 949 1655 alia
980 1590 1174 1654 iniuriarum
1197 1611 1269 1672 gra-

136 1695 267 1760 vamina
283 1694 403 1760 eisdem
428 1695 570 1779 plurima
594 1695 780 1760 intulissent
806 1704 838 1762 et
863 1719 921 1782 per
937 1698 1017 1763 alios
1034 1719 1108 1763 suos
1123 1696 1269 1764 fautores

136 1801 250 1868 inferri
266 1809 512 1900 procurassent3
529 1825 626 1887 super
642 1825 706 1887 que
716 1803 869 1870 fidelitati
884 1810 990 1870 vestre
1007 1804 1167 1870 demusin
1183 1827 1272 1871 man-

136 1913 233 1994 datis,
249 1918 410 1997 quatenus
436 1933 509 1978 cum
523 1913 679 1995 magistro
695 1911 796 1979 Petro
812 1911 880 1979 filio
890 1913 1045 1979 Bitervel
1061 1913 1187 1980 Thema
1203 1913 1270 1982 filio

135 2019 300 2085 Feliciani
316 2020 355 2085 de
372 2017 504 2086 Abichlr
520 2019 705 2086 hominibus
729 2021 849 2086 nostris
868 2027 926 2086 aut
943 2023 1054 2107 quovis
1071 2043 1182 2088 eorum
1198 2023 1271 2087 reli-

137 2152 202 2214 que
219 2129 356 2194 absente
372 2135 514 2194 vestrum
540 2131 679 2194 mittatis
705 2129 867 2195 hominem
883 2153 942 2214 pro
959 2131 1145 2197 testimonio
1162 2153 1271 2197 eoram

138 2260 202 2322 quo
218 2238 304 2302 idem
331 2239 513 2303 convocetis
540 2239 768 2302 commetancis
784 2238 945 2303 dictarum
969 2239 1206 2322 possessionum
1223 2261 1272 2306 re·

137 2347 307 2412 ambulent
323 2345 451 2411 easdem
467 2351 500 2410 et
515 2346 683 2430 recepiant
699 2343 877 2411 secundum
892 2346 984 2428 regni
1000 2347 1272 2432 consvctudinem‚

138 2476 176 2520 ac
192 2456 410 2539 recaptivabis
426 2459 575 2519 statuant
591 2452 727 2538 prelatis
752 2453 916 2520 nobilibus
931 2459 1030 2537 prout
1046 2475 1156 2519 eorum
1172 2453 1272 2520 fuisse

138 2569 317 2628 noscuntur
340 2561 549 2646 possidendas
576 2563 602 2626 si
626 2584 692 2626 non
707 2559 805 2626 fuerit
831 2559 1078 2644 contradictum,
1106 2561 1269 2626 contradi·

140 2671 285 2736 ctoribus
302 2671 329 2735 si
346 2670 402 2754 qui
426 2670 548 2735 fuerint
573 2669 616 2735 ad
631 2673 776 2734 nostram
795 2668 996 2752 presenciam
1012 2673 1127 2733 centra
1143 2667 1273 2734 eosdem

141 2781 284 2846 evocatis
316 2781 358 2845 ad
390 2781 562 2844 terminum
592 2783 826 2862 competentem
861 2783 894 2842 et
925 2776 965 2840 de
995 2777 1158 2861 premissis
1189 2777 1284 2842 iniu-'

141 2891 198 2953 riis
213 2889 382 2972 inquirant
398 2889 577 2970 veritatem,
594 2908 633 2950 ex
657 2885 792 2970 posthec
816 2887 920 2950 tocius
944 2883 1023 2950 facti
1049 2886 1164 2950 seriem
1179 2884 1272 2950 nobis

141 2997 338 3062 rescribatis.
347 2995 472 3060 Datum
484 2995 518 3059 in
528 2992 714 3080 Wisegrad,
724 2995 758 3059 in
768 2993 850 3058 festo
861 2993 956 3059 beate
967 2991 1167 3077 Margarcte,
1183 3015 1268 3060 anno

143 3105 265 3170 domini
281 3103 335 3169 Μ0
351 3100 451 3170 000ο
467 3100 627 3168 ΧΧΠΙθ.

249 3267 275 3317 A
288 3265 365 3318 vtcai
383 3267 571 3331 kaptalannalr
586 3269 663 3317 1323.
680 3265 731 3330 jul.
748 3266 828 3316 23-tn
838 3267 899 3317 kalt
917 3265 1106 3332 jelentdsebol‚
1125 3266 1199 3328 mely
1218 3279 1275 3314 sne·

143 3357 200 3408 rint
217 3371 234 3408 a
251 3359 368 3420 pansant
387 3372 403 3407 a
421 3357 552 3422 ktptalan
571 3355 740 3420 kikuldettje
760 3355 788 3406 ts
808 3357 931 3406 Felicia'n
944 3357 1088 3406 flaTamts
1107 3356 1160 3406 lrir.
1180 3356 1274 3404 ember

145 3447 261 3497 valonak
275 3447 406 3508 talalvtn,
426 3462 442 3497 a
461 3445 676 3511 vissaahelyezts
695 3447 802 3497 tltalulr
820 3446 1084 3510 loganetoalttatott.
1098 3447 1123 3495 A
1141 3445 1275 3509 keptalan

145 3535 278 3600 jelanttsa
301 3536 437 3587 valamint
454 3537 477 3586 Ι.
496 3537 600 3601 Karoly
618 3537 766 3600 kirtlynak
784 3551 817 3585 az
839 3537 952 3602 eljaretst
970 3535 1038 3601 jelen
1060 3537 1180 3586 alakban
1202 3547 1275 3596 meg·

147 3627 243 3677 ertsltt
266 3631 344 3678 132³.
366 3631 394 3678 ³⁰
413 3627 467 3677 kal.
487 3628 647 3678 Decembris
668 3627 727 3678 kalt
748 3627 873 3678 oklevele
894 3641 1012 3691 megvan
1036 3626 1196 3678 credetiben
1209 3641 1225 3675 a
1238 3629 1272 3676 N.

147 3715 269 3766 anenm
281 3716 501 3780 konyvtdrribsn.
514 3715 595 3767 Kezli
608 3733 613 3766 :
634 3716 759 3782 Tagdnyi
771 3716 806 3766 K.

203 4738 354 4782 larensem
371 4726 534 4779 orulrrrln
551 4743 580 4780 11.
593 4727 655 4780 sor.
