3240 5460
623 465 718 528 1322.
736 481 810 528 nuc.
828 465 856 527 6.
1255 466 1298 530 41

163 643 281 710 kullew
297 663 423 710 necnon
438 641 549 710 Parad
565 645 598 709 et
613 641 801 731 Zepmezew
821 643 915 710 iuxta
929 640 1063 711 fluvium
1077 645 1213 714 minoris
1228 645 1299 733 Ky-

162 753 282 819 kullew
298 753 555 836 occidentesque
571 751 649 818 olim
659 750 879 835 predictorum
893 751 1035 820 filiorum
1050 751 1199 820 Ladislsi
1215 777 1298 840 woy-

161 863 244 929 vode
268 860 446 928 infidelium
461 865 654 945 nostrorum,
671 866 704 926 et
729 860 770 926 ab
796 861 917 927 eisdem
936 860 1138 945 exigentibus
1165 885 1297 930 suarum

162 970 395 1038 infidelitatum
420 970 604 1036 excessibus
629 973 663 1036 et
679 968 843 1034 demeritis
868 970 903 1034 in
918 975 1046 1036 nostras
1063 971 1169 1054 regias
1185 993 1299 1038 manus

161 1081 296 1147 fuerunt
311 1083 380 1148 iure
397 1089 429 1146 et
439 1082 583 1164 legitime
594 1081 744 1146 deuolute
761 1102 834 1146 cum
850 1081 998 1146 omnihus
1010 1081 1195 1147 earumdem
1210 1083 1299 1148 utili·

162 1190 289 1256 tatibus
315 1193 348 1255 et
371 1189 582 1275 pertinenciis
607 1190 762 1254 universis
788 1189 855 1254 sine
879 1188 1058 1273 preiudicio
1089 1189 1298 1258 nihilominus

162 1297 244 1363 iuris
261 1297 359 1362 alieni
383 1297 531 1381 predicto
556 1295 696 1362 Nicolao
715 1295 782 1362 filio
799 1293 955 1364 Oorrardi
971 1299 1006 1363 in
1020 1301 1297 1384 recompensacio-

161 1427 237 1471 nem
253 1403 398 1472 fidelium
413 1406 621 1472 serviciorum
646 1403 788 1470 eiusdem
809 1407 891 1472 etin
916 1405 1140 1472 concambium
1156 1407 1296 1492 predicti

162 1515 264 1580 castri
282 1511 382 1598 Salgo
393 1519 425 1579 et
435 1514 586 1580 villarum
601 1513 836 1597 pertinencium
861 1513 903 1579 ad
927 1513 1012 1579 idem
1036 1514 1130 1580 nobis
1147 1515 1298 1582 datarum

163 1627 199 1687 et
222 1621 448 1687 restitutarum
481 1620 595 1685 damus
621 1620 778 1686 donamus
808 1621 967 1688 tradimus
993 1626 1026 1688 ot
1056 1623 1297 1690 contulimus..

161 1729 290 1796 Datum
305 1751 364 1813 per
379 1751 493 1795 manus
504 1729 636 1794 discreti
651 1729 800 1813 magistri
814 1728 963 1795 Ladislai
978 1731 1135 1814 prepositi
1152 1730 1297 1798 Titulen·

162 1839 208 1904 sis
223 1834 381 1904 Albensis
397 1837 530 1902 ecclesie
556 1837 652 1902 electi
670 1842 703 1901 et
719 1837 793 1902 aule
811 1837 899 1921 regie
915 1835 1172 1904 vicecancellarii
1187 1845 1296 1906 nostre

162 1945 277 2012 dilecti
294 1951 328 2012 et
342 1945 449 2011 fidelis
464 1945 576 2029 nostri,
593 1965 679 2010 anno
697 1945 817 2011 domini
833 1944 1011 2010 Millesimo
1029 1942 1130 2012 000ο
1146 1948 1296 2014 vicesimo

162 2055 314 2138 secunde,
338 2075 423 2120 nono
448 2054 522 2120 idus
546 2051 701 2137 Augusti,
712 2049 745 2138 *)
770 2053 863 2138 regni
888 2059 998 2119 autem
1022 2055 1126 2120 nostri
1149 2055 1297 2122 similiter

162 2185 249 2230 anno
265 2163 417 2230 vicesimo
433 2162 582 2229 secundo.

271 2291 439 2357 Ugyancssk
460 2291 482 2340 Ι.
496 2290 602 2352 Karoly
615 2289 763 2354 kirtlynak
784 2292 918 2340 low-ben
941 2291 1056 2353 »quinto
1068 2291 1200 2344 kalendas
1213 2293 1294 2358 May«

161 2382 273 2432 kisdott
286 2379 445 2442 dtirstebdl,
455 2381 529 2444 moly
542 2379 623 2430 ismet
635 2395 667 2430 az
681 2379 784 2444 erdelyi
803 2380 993 2442 kaptalsnnalr
1018 2383 1151 2432 1370-ben
1167 2383 1212 2432 »in
1225 2383 1296 2436 testo

161 2473 251 2524 sancti
274 2472 409 2536 Stephani
431 2473 502 2536 regis
521 2474 550 2520 et
568 2471 749 2521 confessoris«
772 2471 918 2522 »Nicolaus
937 2472 1009 2522 filius
1022 2472 1099 2522 Petri
1117 2473 1185 2522 dicti
1204 2473 1296 2523 Ohech

162 2564 197 2614 de
215 2564 386 2626 Dyznoyon«
407 2561 435 2611 es
454 2561 573 2612 tertvere
595 2561 742 2625 »magister
761 2562 919 2612 iohannes«
939 2560 1046 2612 resuere
1065 2562 1202 2613 hidllltott
1214 2563 1296 2612 atina·

160 2654 315 2704 tabanvan
337 2667 416 2718 meg;
436 2655 525 2704 enneli
547 2652 678 2717 eredetije
699 2665 819 2717 megvsn
841 2668 874 2702 an
887 2667 955 2703 orsz.
975 2653 1129 2704 ltarlrinos.
1143 2657 1211 2704 oszt.
1224 2653 1296 2705 Acta

161 2743 300 2794 Transilv.
318 2747 358 2794 12.
374 2749 416 2795 16.
429 2744 496 2808 dipl.
510 2746 540 2794 lt.
555 2747 633 2794 2120.
645 2743 744 2792 Korn:
764 2741 845 2807 Nagy
858 2741 960 2808 Gyuls.

705 3015 756 3078 32.

164 3182 264 3242 1322.
295 3179 473 3257 Temesodm
489 3198 564 3259 unp.
589 3176 619 3240 6.
635 3174 782 3240 Boloszlo'
797 3177 983 3261 esztorpomi
1007 3177 1107 3257 c‘rselc,
1123 3201 1145 3240 o
1168 3177 1299 3262 kirolpi

160 3287 307 3372 kdpoloa
324 3297 486 3351 szcrzetese
509 3283 669 3349 Bertolcn
685 3307 700 3347 s
717 3285 815 3348 canok
833 3308 889 3370 epp
905 3285 1013 3348 mdsik
1033 3294 1180 3348 szcrzetes
1201 3289 1293 3349 torsa

417 3393 520 3457 ledzdtt
527 3392 729 3479 fhetforpott
744 3402 837 3477 lippet
853 3391 1051 3476 etholaszljo.

270 3551 341 3619 Nos
356 3551 396 3617 B.
412 3550 464 3616 dei
480 3553 591 3636 gracia
606 3551 868 3638 archiepiscopus
888 3549 1122 3636 Strigoniensis
1138 3549 1295 3618 eiusdem-

161 3687 225 3750 que
250 3664 314 3730 loci
338 3682 443 3728 comes
462 3666 638 3746 perpetuus
655 3661 767 3728 damus
782 3682 842 3748 pro
861 3663 1026 3746 memoria,
1052 3661 1140 3746 quod
1156 3661 1233 3746 quia
1249 3681 1297 3726 se·

159 3771 305 3838 cundum
319 3769 457 3837 formam
481 3773 583 3838 nostri
608 3771 720 3838 iudicii
743 3771 997 3847 Bartholomeus
1023 3771 1174 3838 sacerdos
1191 3771 1297 3856 capel·

159 3881 257 3946 lanus
274 3880 396 3946 domini
412 3881 499 3964 regis
515 3885 628 3946 contra
644 3879 779 3945 Petrum
800 3879 1000 3945 sacerdotem
1018 3878 1121 3945 fflium
1138 3877 1296 3962 Stephani

160 3990 378 4055 assercionem
389 4011 480 4056 suam
496 3988 689 4074 superfacto
700 3989 893 4074 spolecionis
904 4009 969 4072 sue,
979 3988 1148 4054 ablaoione
1158 3987 1297 4054 duonrm

160 4120 321 4184 equorum
337 4099 657 4165 suorumvalencium
667 4097 777 4164 decem
787 4118 913 4162 marcas
930 4101 963 4162 et
978 4097 1166 4182 recepcione
1181 4095 1296 4180 viginti

157 4228 345 4273 marcarum
370 4228 502 4274 suarum
525 4213 577 4274 ter
607 4228 665 4292 per
690 4227 748 4273 nos
780 4205 927 4292 legitime
950 4207 1130 4292 requisitus
1155 4203 1296 4291 probare

271 4404 383 4466 *Hinen
396 4405 514 4456 heltezss
527 4406 615 4472 mbos,
637 4409 711 4457 mert
729 4421 746 4456 a
767 4405 857 4456 romei
878 4406 1033 4471 naptsrban
1046 4405 1111 4456 cssk
1120 4406 1220 4471 nyolcz
1232 4403 1294 4455 idus

161 4509 236 4558 vsn3
250 4509 282 4544 az
301 4494 408 4546 oklevdl
417 4495 489 4560 lrdja
501 4497 618 4562 egygyel
635 4497 733 4546 tdbbet
751 4495 892 4546 szdmttott
910 4495 1120 4560 svsldsnindleg
1133 4509 1237 4548 »nones
1250 4507 1297 4544 au·

158 4584 255 4650 gusti«
270 4584 377 4646 helyett
397 4585 435 4635 lrt
456 4601 545 4638 »nono
559 4587 621 4638 idus
641 4589 803 4653 augustis-t,
816 4585 893 4637 azert
913 4602 945 4637 sz
968 4587 1077 4639 olrlevdl
1098 4588 1173 4639 kelte
1194 4587 1295 4639 bttrsn

156 4691 225 4742 ang.
246 4675 417 4726 hunteheim
470 4735 474 4744 Α
