3130 5470
358 473 422 536 388
709 473 1132 536 snronnonronnlnnnln.

892 873 965 936 344.

365 1037 460 1102 1329.
468 1037 555 1124 febr.
574 1038 624 1101 16.
641 1025 690 1100 Aa
713 1035 784 1122 egri
799 1035 961 1120 kdptalaa
993 1034 1019 1099 I.
1047 1035 1176 1120 Kdroly
1201 1032 1381 1118 loirdlgoolc
1404 1030 1472 1095 1329

358 1146 434 1229 joa.
453 1145 554 1208 roan
584 1143 656 1222 kalt,
678 1141 805 1226 fflatebd
822 1143 896 1204 341.
922 1164 964 1206 az.
989 1165 1018 1207 a
1044 1141 1147 1206 kozdlt
1163 1141 1335 1206 raadaletdt
1350 1143 1472 1214 dimin,

366 1253 476 1337 Fonyi
487 1252 610 1317 Bulotus
626 1253 660 1315 aa
676 1255 769 1314 ta'rsc
781 1251 911 1316 Korion
926 1253 958 1314 ds
975 1250 1109 1316 Dodiao
1123 1261 1205 1316 aevu
1221 1247 1474 1314 bintoloniaalelnn·

604 1358 826 1445 tdrjdrdsdrdl
833 1359 999 1442 jeleote'adt
1014 1361 1072 1444 ipy
1079 1357 1266 1444 folptatjo:

475 1518 547 1587 Nos
563 1519 665 1605 igitur
681 1569 688 1584 .
706 1569 712 1584 .
728 1517 892 1584 misimus,
912 1569 919 1584 .
935 1513 1127 1602 magistrum
1152 1517 1329 1586 Nicolaum
1344 1519 1477 1583 lectorem

355 1633 520 1720 ¹nostrum
536 1629 579 1695 ad
594 1629 751 1715 premissa
767 1627 972 1712 exsequenda
998 1629 1055 1711 qni
1071 1649 1210 1694 unacum
1227 1627 1315 1692 dicto
1332 1625 1478 1708 ll'hompns

370 1739 501 1806 homine
525 1744 632 1806 nestro
657 1737 701 1803 ad
724 1745 789 1803 nos‘
808 1737 928 1802 reversi
945 1786 952 1801 .
969 1787 976 1802 .
993 1737 1179 1803 retulerunt
1204 1735 1293 1822 quod
1317 1735 1351 1799 in
1375 1731 1477 1799 octaris

370 1845 618 1913 Purifioaoionis
633 1845 767 1929 virginis
783 1845 923 1930 gloriose
945 1845 1092 1928 proxime
1108 1845 1273 1930 preteritis
1290 1842 1478 1910 accessissent

372 1955 414 2022 ad
430 1955 546 2022 faciem
562 1955 801 2041 possessionum
816 1954 960 2040 ipsorum
975 1952 1081 2019 Blasii
1098 1959 1131 2018 et
1146 1951 1173 2018 J
1173 1953 1313 2019 ohannis
1328 1952 1479 2036 magistro

372 2085 444 2129 rum
460 2062 590 2130 Korina
607 2069 639 2129 et
654 2062 796 2148 Dobyna
811 2063 1032 2147 predictarum
1059 2066 1092 2126 et
1108 2060 1239 2128 easdem
1255 2059 1432 2126 convocatis
1446 2057 1481 2120 ri·

373 2172 453 2238 cinis
470 2179 502 2238 et
513 2173 742 2239 commetaneis
759 2169 945 2236 earumdem
960 2171 1118 2236 universis
1133 2171 1286 2236 videlicet
1301 2169 1399 2236 Petro
1408 2167 1481 2232 dieto

374 2277 568 2365 Abayduch,
585 2278 691 2346 Galus
707 2279 808 2344 fratre
825 2278 996 2364 suo,·1rlra‚
1012 2277 1146 2362 Thomu,
1163 2277 1381 2362 Thyuadorio,
1395 2273 1482 2342 Geor

374 2389 427 2472 gio
444 2392 477 2452 et
492 2387 593 2453 Petro
609 2388 649 2453 de
666 2385 841 2453 Throolnan
856 2388 935 2452 item
952 2388 1070 2453 comite
1086 2383 1226 2452 Nicolao
1243 2386 1284 2452 de
1300 2385 1406 2451 Parim
1421 2403 1483 2448 ounn

376 2494 451 2560 filiis
468 2497 535 2561 suis
551 2495 643 2562 nullo
661 2495 899 2562 contradictore
915 2496 1074 2560 existente
1090 2494 1151 2560 sub
1167 2495 1260 2560 metis
1277 2495 1403 2560 omnino
1417 2491 1484 2556 mle·

378 2605 445 2670 rius
461 2603 666 2670 declarandis
682 2604 891 2689 reliquissent
907 2603 984 2688 ipsis
1000 2601 1111 2670 Blasio
1129 2607 1162 2667 et
1176 2601 1202 2666 J
1203 2603 1326 2668 ohanni
1341 2600 1485 2686 magistris

368 2717 535 2798 ‘perpetuo
551 2711 771 2798 possidendas,
802 2717 887 2777 mete
903 2733 978 2778 vero
994 2713 1138 2796 ipsarum
1154 2713 1388 2796 possessionum
1402 2713 1486 2794 prout

377 2819 476 2885 iidem
490 2821 587 2887 homo
603 2825 710 2886 vester
727 2825 760 2886 et
775 2824 885 2884 noster
900 2819 993 2885 nobis
1020 2819 1200 2886 recitarunt
1215 2819 1279 2887 hoo
1305 2819 1411 2886 ordine
1425 2837 1486 2902 pro

380 2927 566 3014 tenduntur,
578 2928 666 3012 quod
675 2929 780 3013 prima
795 2932 882 2993 meta
897 2929 1012 3012 incipit
1027 2949 1047 2992 a
1063 2934 1157 3012 parte
1174 2929 1328 2994 orientali
1337 2929 1369 2992 in
1384 2926 1486 2992 senune

381 3035 549 3102 cuiusdam
568 3038 688 3104 montis
712 3037 769 3102 ubi
785 3042 861 3102 sunt
878 3035 940 3102 due
957 3037 1088 3102 arbores
1104 3036 1199 3121 fagus
1225 3059 1288 3120 que
1314 3038 1406 3120 vulgo
1433 3033 1487 3119 bgk

381 3144 535 3211 dicuntur
560 3144 683 3212 duabus
698 3146 794 3212 metis
819 3145 934 3211 terreis
959 3144 1151 3212 circumfuso
1176 3145 1216 3218 de
1242 3145 1360 3230 quibus
1384 3144 1487 3210 draca

383 3253 489 3320 eundo
506 3275 616 3320 versus
642 3255 843 3320 occidentem
860 3253 949 3320 cadit
972 3256 1006 3320 in
1030 3275 1184 3338 magnum
1208 3253 1343 3319 fluvium
1358 3251 1488 3336 Kuohyn

382 3367 416 3427 et
431 3362 466 3425 in
482 3361 594 3428 eodem
608 3361 706 3429 fluvio
723 3361 944 3429 descendendo
955 3363 1044 3428 venit
1058 3360 1101 3428 ad
1117 3363 1281 3448 quendam
1297 3360 1490 3429 monticulum

383 3489 481 3555 super
498 3491 560 3554 quo
577 3475 652 3538 sunt
667 3470 800 3538 arbores
816 3473 903 3556 pomi
929 3477 962 3536 et
986 3470 1088 3536 ibide
1113 3470 1224 3537 eodem
1249 3471 1348 3537 fluvio
1365 3465 1490 3537 exeundo

384 3584 419 3644 et
434 3579 630 3645 transeundo
646 3601 758 3646 uersus
774 3580 909 3646 eandem
925 3581 1057 3666 plagam
1067 3581 1185 3646 transit
1202 3580 1365 3666 quendam
1379 3577 1491 3644 fluninm

383 3687 470 3772 Topl
485 3695 635 3760 vocatum
651 3696 684 3754 et
699 3690 805 3774 iungit
830 3688 992 3776 quendam
1008 3690 1154 3755 lutosum
1178 3690 1295 3773 lacum,
1313 3710 1376 3774 que
1400 3683 1492 3752 rideli-

386 3801 437 3861 cet
462 3801 547 3862 mete
571 3798 637 3862 iam
662 3797 748 3863 dicte
773 3819 832 3881 per
856 3802 952 3882 prata
977 3803 1010 3862 et
1037 3803 1142 3863 terras
1158 3798 1298 3863 arabiles
1314 3790 1492 3863 transeundo

386 3903 588 3988 distinguunt
602 3905 688 3970 inter
704 3906 939 3990 possessionem
956 3904 1100 3992 Kuchyn
1117 3912 1150 3970 et
1166 3903 1312 3991 Kuchyn
1328 3911 1451 3972 vocatas
1464 3908 1488 3962 et

383 4013 602 4095 possessiones
625 4012 756 4079 Karina
781 4019 814 4078 et
839 4013 980 4097 Dobyna
1001 4014 1212 4098 supradictas,
1229 4021 1263 4080 et
1288 4014 1329 4078 de
1355 4016 1419 4098 ipso
1433 4011 1492 4075 lacu

388 4119 533 4186 exeundo
549 4141 660 4187 versus
677 4121 812 4186 eandem
822 4121 954 4206 plagam
971 4122 1119 4191 ascendit
1135 4122 1177 4188 ad
1194 4121 1358 4206 quendam
1373 4123 1493 4187 montem

386 4224 524 4294 Drabno
540 4229 744 4294 nominatum
769 4235 802 4294 et
816 4229 851 4294 in
866 4231 987 4295 vertice
1003 4229 1147 4296 eiusdem
1164 4231 1283 4296 montis
1300 4251 1407 4296 versus
1431 4247 1492 4292 ean·

387 4337 462 4416 dem
476 4337 610 4422 plagam
626 4337 790 4422 pergendo
816 4337 905 4403 cadit
920 4340 955 4404 in
971 4338 1135 4422 quendam
1150 4346 1295 4406 meatum
1322 4360 1404 4423 aque
1420 4335 1494 4422 quin·

389 4465 454 4529 que
469 4442 600 4512 fluentis
616 4442 973 4530 Zaraztharnusynafev
983 4452 1134 4512 voca-tum
1144 4447 1184 4512 de
1201 4469 1266 4531 quo
1283 4445 1426 4512 exeundo
1440 4449 1496 4507 ten·

391 4552 440 4618 dit
454 4573 565 4618 vorsus
581 4554 765 4638 aquilonem
783 4558 816 4618 ot
832 4556 920 4619 uenit
937 4553 979 4619 ad
995 4555 1152 4638 quasdam
1169 4553 1305 4621 arbores
1322 4555 1432 4621 abietis
1454 4550 1496 4613 tn·

391 4658 544 4756 rekleneu
561 4668 690 4729 vocatas
706 4682 765 4748 pro
781 4663 876 4729 metis
889 4663 1034 4748 signatas
1051 4663 1219 4748 dequibus
1244 4661 1367 4728 directe
1383 4659 1422 4726 ad
1437 4677 1497 4722 ean·
