3172 5462
667 467 855 516 uruouuom
871 455 1087 516 onulurrls.

840 851 912 913 108.

316 1015 412 1078 1324.
431 1025 525 1078 rrzcrt.
542 1016 595 1078 29.
614 1011 644 1076 Α
661 1013 761 1077 becloi
775 1013 934 1097 kciptulau
951 1006 978 1076 J'.
995 1012 1123 1097 Kouoly
1137 1012 1442 1098 hircilpuakp‘eleuti,

308 1109 395 1211 ¹impp
411 1121 684 1206 Tiszcloiudlpudi
693 1121 867 1209 cjtducillo‘t
882 1121 1016 1209 Euryto
1027 1123 1060 1187 ‹is
1070 1121 1248 1208 Borosjeat'
1257 1119 1441 1186 hierosolim

796 1230 957 1294 bciktuttc.

420 1439 427 1456 .
444 1441 451 1455 .
468 1389 596 1457 Karolo
612 1440 619 1455 .
638 1441 644 1455 .
664 1393 756 1474 regi.
773 1439 780 1456 .
806 1391 986 1475 capitulum
1011 1389 1173 1456 Budeusis
1193 1391 1328 1456 ecclesie
1344 1441 1351 1456 .
1368 1441 1375 1454 .
1392 1393 1444 1456 lit-

314 1507 402 1566 teras
418 1503 524 1564 vestre
550 1499 734 1564 serenitatis
758 1500 939 1583 recepimus
963 1504 1109 1563 tenorem
1133 1497 1319 1564 huiusmodi
1344 1500 1444 1565 eonti-

314 1614 444 1673 nentes:
470 1605 617 1674 Karolus
633 1656 640 1672 .
657 1657 664 1671 .
680 1628 737 1671 rex
753 1656 759 1672 .
777 1657 786 1674 .
806 1607 950 1691 capitulo
976 1606 1110 1671 ecclesie
1135 1606 1298 1672 Budensis
1314 1655 1346 1672 ..
1372 1629 1444 1672 cum

315 1739 373 1783 nos
389 1719 453 1782 iam
471 1714 592 1782 dudum
608 1715 772 1797 quandam
790 1715 1024 1798 possessiouem
1049 1714 1228 1798 reginalem
1243 1713 1376 1799 Eurym
1392 1735 1444 1780 ro-

313 1831 420 1891 oatam
436 1825 476 1890 de
492 1845 649 1891 consensu
675 1828 708 1888 et
732 1824 937 1907 beneplacito
963 1821 1092 1888 domine
1115 1823 1225 1906 regine
1241 1872 1248 1887 .
1266 1873 1273 1887 .
1288 1824 1446 1906 magistro

315 1934 399 2020 Tyss
415 1933 547 1999 ianitori
565 1935 677 1998 nostro
703 1930 792 1998 fideli
816 1931 1055 2014 contulerimus,
1081 1931 1159 1996 item
1180 1929 1242 2024 filii
1266 1931 1361 1996 Petri
1386 1931 1446 1997 filii

313 2041 485 2125 Compoldi
515 2039 695 2126 Gregorius
727 2041 878 2108 uidelicet
910 2039 1095 2125 Stephanus
1120 2048 1153 2106 et
1180 2041 1381 2125 Compoldus
1405 2063 1447 2108 ao

186 2210 190 2218 .
311 2150 482 2216 Emericus
497 2149 583 2215 filius
599 2149 697 2214 Pauli
712 2148 822 2215 fideles
838 2151 942 2215 nostri
966 2151 1150 2234 porcionem
1167 2151 1312 2234 ipsorum
1329 2151 1362 2215 in
1379 2151 1446 2216 Bo

310 2279 477 2344 rusyenew
492 2258 589 2323 sitam
611 2257 697 2322 inter
721 2261 827 2324 terres
851 2257 1048 2341 Boruspenw
1072 2257 1255 2342 predictam
1273 2263 1305 2322 et
1321 2263 1445 2324 terram

311 2365 470 2451 Stephani
486 2364 564 2430 dicti
580 2363 734 2430 Keohhes
753 2365 955 2431 adiacentem
974 2385 1083 2431 coram
1108 2363 1201 2430 nobis
1226 2365 1447 2448 personaliter

313 2474 482 2541 constituti
498 2474 602 2540 eidem
616 2474 773 2558 magistro
790 2474 874 2560 Tyse
901 2473 1098 2540 contulerint
1113 2474 1147 2538 in
1164 2473 1321 2538 comitatu
1337 2473 1447 2540 Pesti-

311 2586 381 2650 ensi
398 2585 582 2666 existentes,
600 2580 753 2649 fidelitati
778 2589 883 2650 vestre
908 2584 1122 2668 precipientes
1148 2581 1339 2647 mandamus
1366 2604 1447 2666 qus·

312 2701 407 2759 tenus
438 2699 579 2758 uestrum
609 2691 749 2757 mittatis
779 2691 942 2757 hominem
979 2691 1130 2757 idoneum
1167 2711 1227 2774 pro
1258 2691 1448 2756 testimonio

316 2823 425 2866 coram
441 2821 503 2886 quo
528 2800 661 2866 Blasius
686 2799 726 2864 de
750 2798 843 2864 Neek
868 2800 919 2865 vel
943 2800 1100 2884 magister
1130 2797 1272 2865 Thomas
1295 2799 1448 2863 notarius

310 2915 420 2977 noster
435 2910 462 2974 si
479 2909 619 2974 alterum
634 2908 746 2974 abesse
763 2909 931 2992 contingat
942 2909 1038 2974 homo
1054 2913 1166 2974 noster
1181 2909 1293 2974 ricinis
1309 2914 1343 2974 et
1358 2929 1446 2974 oom-

311 3018 468 3082 metaneis
498 3019 641 3102 ipsarum
672 3019 908 3102 possessionum
940 3018 1125 3084 convocatis
1159 3016 1342 3082 reambulet
1375 3038 1448 3082 eas-

312 3128 385 3193 dem
401 3177 408 3192 .
425 3177 432 3192 .
449 3131 482 3192 et
497 3133 623 3193 statuat
638 3128 701 3211 ipsi
717 3128 873 3211 magistro
900 3127 984 3212 Tyse
1000 3131 1158 3212 perpetuo
1183 3125 1395 3210 possidendas
1411 3176 1419 3190 .
1437 3177 1445 3190 .

311 3237 436 3302 Datum
461 3237 495 3300 in
520 3233 713 3320 Wysegrad
738 3235 820 3300 feria
845 3236 946 3300 tercia
970 3237 1120 3320 proxima
1149 3241 1223 3320 post
1248 3234 1446 3301 dominicam

314 3345 444 3428 Instare,
470 3366 556 3410 anno
582 3343 702 3410 domini
726 3342 781 3408 Μ0
796 3342 899 3411 000⁰
914 3341 1006 3410 XX⁰
1030 3347 1157 3428 quarto.
1188 3341 1259 3410 Nos
1283 3343 1447 3427 itaque..

316 3474 389 3519 cum
408 3451 555 3537 predicto
579 3450 691 3517 Blasio
716 3451 845 3518 homine
870 3457 977 3518 vestro
994 3502 1024 3518 ..
1048 3450 1075 3518 J
1076 3451 1213 3518 aoobum
1229 3503 1236 3517 .
1252 3501 1259 3517 .
1276 3451 1447 3518 custodem

313 3560 447 3627 ecclesie
474 3565 583 3625 nostre
600 3610 607 3625 .
624 3609 631 3624 .
648 3559 798 3626 duximus
823 3559 1058 3644 destinandum,
1084 3561 1140 3644 qui
1165 3557 1316 3625 demum.
1333 3610 1340 3624 .
1356 3563 1448 3626 retu·

311 3670 429 3752 lerunt,
447 3667 534 3752 quod
549 3668 612 3752 ipsi
629 3668 670 3734 ad
686 3668 785 3734 facies
802 3668 1021 3753 predictarum
1038 3675 1202 3734 terrarum
1218 3667 1347 3753 Eurym
1357 3668 1447 3735 vide-

310 3777 389 3842 licet
404 3781 525 3841 terram
542 3777 720 3859 reginalem
737 3783 769 3858 et
785 3779 971 3860 porcionem
996 3783 1083 3842 terre
1107 3776 1248 3842 filiorum
1274 3774 1447 3860 Compoldi

312 3891 345 3950 et
359 3883 502 3949 Emerioi
518 3883 737 3967 predictorum
752 3887 838 3950 inter
852 3891 958 3950 terras
982 3885 1200 3970 Borusyenew
1225 3890 1259 3950 et
1284 3883 1444 3969 Stephani

312 3993 391 4058 dicti
408 3991 562 4058 Keohkes
579 3992 790 4077 adiacentem,
820 4013 882 4076 que
898 3999 988 4058 terra
1004 3992 1162 4076 Stephani
1178 4015 1264 4058 nuno
1279 3999 1327 4058 est
1342 3994 1447 4077 magi-

312 4101 372 4166 stri
387 4099 484 4165 Pauli
501 4101 737 4166 conservatoris
753 4100 866 4166 domus
889 4107 995 4166 vostre
1020 4100 1059 4166 de
1084 4098 1200 4168 Veteri
1225 4101 1331 4182 Buda,
1355 4119 1447 4166 acce-

311 4208 417 4274 dendo
433 4206 690 4273 reambulassent
705 4209 834 4274 easdem
851 4260 857 4274 .
874 4261 881 4274 .
897 4209 1099 4294 presentibus
1115 4209 1263 4276 omnibus
1279 4210 1393 4275 vicinis
1411 4261 1418 4274 .
1435 4261 1444 4276 .

312 4321 344 4380 et
359 4317 450 4382 nullo
475 4317 602 4399 penitus
629 4317 868 4382 contradictore
891 4325 1097 4402 comparente
1123 4319 1336 4383 statuissent.
1353 4367 1360 4383 .
1377 4341 1447 4385 mu-

311 4425 412 4506 gistro
429 4424 513 4508 Tyse
529 4429 686 4507 perpetuo
702 4425 912 4508 possidendas
929 4477 936 4490 .
953 4476 959 4491 .
976 4448 1115 4510 quarum
1131 4433 1293 4491 terrarum
1308 4433 1396 4492 mete
1413 4479 1420 4492 .
1440 4479 1448 4494 .

310 4531 371 4596 hoo
388 4531 499 4596 ordine
524 4532 763 4615 distinguntur:
790 4533 1022 4618 quodaparte
1047 4541 1134 4598 terre
1160 4533 1276 4617 Meger
1302 4541 1352 4600 est
1377 4557 1447 4602 uma

313 4645 400 4704 meta
417 4647 531 4722 terrea,
558 4639 672 4706 deinde
695 4641 737 4706 ed
763 4649 889 4725 partem
914 4643 1152 4726 septemtrionis
1178 4642 1341 4708 adfinem
1367 4645 1448 4710 ville
