3130 5470
712 497 901 546 rnrouuonr
918 485 1135 548 cuularrln.

884 881 961 943 411.

357 1040 453 1103 1330.
469 1041 647 1126 ‘Visepra'm
663 1051 757 1107 mort.
776 1044 827 1106 ll.
859 1042 887 1107 Ι.
913 1044 1039 1128 Kriroly
1054 1044 1166 1128 kircilp
1183 1043 1335 1130 Elesdnh'
1349 1045 1464 1131 Motyris

352 1154 541 1234 pacaszdro
557 1173 577 1212 a
593 1151 721 1234 cyitrai
751 1150 924 1237 kdptolaut
956 1151 1108 1238 Elefanti
1138 1153 1241 1217 Dezsr'i
1273 1152 1465 1238 dlcccizspo'-

813 1260 903 1324 latro
927 1259 1030 1325 huzda

464 1416 612 1484 Karolus
628 1466 635 1482 .
653 1471 659 1485 .
676 1437 734 1484 rex
752 1469 758 1485 .
777 1420 945 1504 ,capitulo
977 1421 1110 1486 ecclesie
1135 1419 1315 1485 Nitriensis
1340 1470 1347 1486 .
1369 1470 1377 1485 .
1398 1420 1465 1486 dicit

355 1525 448 1591 nobis
465 1547 571 1592 comes
588 1525 743 1612 Mathyao
761 1528 801 1593 de
812 1527 978 1610 Elephcnt
1007 1527 1329 1613 quodcomesDesev
1354 1529 1389 1593 de
1401 1529 1466 1594 Ele-

355 1636 460 1720 phant
490 1657 549 1721 per
579 1636 736 1720 quosdam
761 1637 900 1704 famulos
925 1660 999 1704 suos
1025 1644 1135 1704 ortum
1160 1659 1252 1702 suum
1282 1645 1313 1702 et
1328 1637 1466 1722 frugesin

357 1743 469 1809 eodem
485 1745 528 1810 ad
543 1746 686 1811 valorem
702 1747 839 1830 triginta
855 1768 1039 1812 marcarum
1072 1749 1106 1812 et
1120 1745 1230 1812 lenum
1247 1746 1328 1812 feria
1345 1746 1466 1811 secunda

355 1855 503 1939 proxima
518 1861 593 1939 post
609 1854 804 1922 dominicam
820 1856 990 1922 Invocavit
1005 1857 1068 1921 hoc
1093 1877 1178 1921 anno
1206 1855 1246 1920 dc
1270 1876 1340 1920 sero
1356 1876 1466 1919 concre-

356 1964 438 2028 mari
469 1961 607 2044 fecisset,
633 1985 730 2048 super
764 1985 829 2048 quo
846 2015 853 2030 .
870 2015 877 2030 .
894 1965 1090 2049 precipimus
1107 2015 1114 2029 .
1131 2014 1138 2028 .
1156 1969 1317 2047 quatenus
1340 1967 1463 2026 vestrum

356 2070 495 2136 mittatis
521 2071 740 2136 testimonium
773 2093 882 2136 coram
911 2093 975 2155 quo
1001 2071 1204 2137 Laurencius
1228 2071 1278 2135 vel
1303 2069 1413 2135 Petrus
1434 2067 1466 2132 de

357 2176 465 2262 Ethey
481 2182 541 2242 aut
556 2176 581 2242 J
582 2178 702 2244 acobus
719 2178 757 2244 de
773 2177 889 2264 Lyuky
905 2179 1003 2244 homo
1019 2185 1132 2244 noster
1148 2230 1155 2244 .
1173 2229 1178 2244 .
1196 2179 1361 2262 inquirat.
1377 2177 1467 2243 .reri-

356 2291 467 2368 tatem,
478 2293 512 2350 et
527 2292 600 2371 post
617 2287 676 2352 hec
692 2287 771 2352 facti
787 2288 902 2352 seriem
919 2287 1011 2353 nobis
1027 2288 1061 2352 in
1077 2289 1195 2352 restris
1211 2287 1329 2351 litteris
1343 2285 1466 2352 fideliter
1545 2303 1546 2310 ¹

356 2393 551 2460 rescribatis,
581 2394 707 2460 Datum
730 2397 764 2460 in
795 2394 1005 2480 Wyssegrad,
1022 2397 1055 2460 in
1073 2395 1234 2461 dominica
1269 2393 1370 2475 Oculi,
1392 2413 1466 2457 auno

357 2500 478 2568 domini
494 2503 549 2568 Μ0
563 2501 665 2570 000ο
681 2502 820 2569 ΧΧΧθ.

465 2667 490 2716 Α
503 2668 606 2732 nyitrei
620 2667 808 2732 heptalsnnnk
821 2672 897 2718 1330.
912 2668 983 2732 april
1001 2665 1146 2717 1²·ilrtn1.
1165 2667 1269 2730 Karoly
1284 2665 1422 2729 hirtlyhoz
1433 2663 1467 2712 in·
1544 2705 1545 2710 ,

356 2753 442 2806 ttzett
450 2755 635 2821 jelenttstben
648 2758 747 2819 mirra,
770 2759 845 2822 mely
855 2757 958 2807 ezcrint
972 2771 1051 2806 »cum
1065 2757 1161 2806 eodem
1175 2757 1282 2807 Jacobo
1295 2757 1328 2806 de
1340 2753 1430 2819 hyuhy
1443 2789 1447 2800 .
1460 2787 1466 2800 .

355 2846 519 2910 magistrum
532 2846 688 2898 Johannem
702 2885 708 2898 .
723 2882 729 2896 .
744 2846 936 2897 scolasticum«
951 2847 1113 2910 altptalan
1137 2845 1300 2908 hihsslrlven.
1326 2845 1386 2894 ezel
1395 2843 1468 2908 jelen·

356 2936 445 2986 tettek
461 2937 549 3000 »quod
563 2941 645 3001 prout
658 2937 711 3002 ipsi
724 2951 741 2988 c
754 2938 894 2988 nobilibus
907 2941 936 2988 et
949 2937 1121 3002 ignobilibus
1133 2937 1201 2986 item
1223 2936 1329 2987 villicis
1350 2939 1377 2984 et
1397 2933 1466 2982 rilla-

356 3026 399 3076 nls
417 3041 450 3076 ac
470 3027 626 3090 hospitibus
657 3029 794 3078 dictorum
814 3033 1000 3079 crematorum
1022 3030 1095 3092 apud
1127 3043 1195 3092 quos
1217 3027 1303 3078 iidem
1325 3023 1466 3077 huiusmodi

356 3117 556 3167 cremacionem
569 3131 617 3180 per
630 3132 676 3168 eos
689 3118 791 3168 factam
805 3117 898 3182 palam
912 3117 1094 3168 asseruissent
1106 3118 1176 3168 seire
1190 3155 1196 3168 .
1212 3155 1218 3168 .
1231 3119 1379 3181 potuissent
1389 3119 1467 3165 ortum

356 3205 478 3256 eiusdem
491 3207 603 3257 comitis
615 3208 730 3272 Mathye
757 3207 852 3272 fruges
865 3213 893 3258 et
906 3208 1000 3258 lenum
1015 3243 1021 3256 .
1035 3245 1041 3256 .
1056 3207 1146 3258 dictus
1169 3221 1261 3257 comes
1284 3207 1371 3256 Deseu
1383 3241 1390 3254 .
1403 3239 1409 3252 .
1422 3215 1467 3252 cre·

356 3295 576 3346 marilecisset.‹
591 3296 617 3346 A
638 3297 773 3361 htptalan
796 3295 930 3362 jelenttse
952 3311 1071 3361 megvan
1097 3295 1256 3347 erelotiben
1279 3311 1311 3345 az
1333 3309 1399 3345 orez.
1419 3291 1463 3342 nh

358 3385 457 3436 kinost.
472 3389 538 3436 oszt.
552 3387 585 3436 N.
599 3387 632 3436 R.
649 3387 680 3438 A.
697 3391 773 3437 1671.
797 3391 840 3438 33.
860 3387 928 3451 dipl.
949 3388 982 3436 lt.
997 3389 1076 3436 2590.
1090 3385 1171 3435 Kozli
1184 3402 1189 3434 :
1203 3385 1307 3436 Vincze
1320 3384 1415 3435 (labor.

361 3983 456 4044 1330.
473 3992 568 4046 orari.
587 3983 637 4045 18.
655 3978 703 4046 Aa
720 3985 904 4067 eszterpcmc'
920 3983 1113 4046 keresztesek
1130 3988 1290 4068 concentje
1307 3981 1380 4046 elotr
1398 3977 1467 4045 Wal-

358 4099 404 4152 ter·
419 4089 519 4154 bardai
528 4090 774 4176 polqcirnakfla
790 4089 930 4170 Sriador,
948 4091 1029 4154 Zeno
1045 4089 1212 4174 polotdjc‘t
1229 4089 1408 4174 Ecstorpom
1427 4087 1466 4148 ro'·

765 4197 906 4262 rosriban
926 4197 1084 4263 elorlilcr'ti.

465 4355 585 4422 Frater
601 4356 626 4422 J
627 4357 747 4422 acobus
763 4407 770 4421 .
787 4407 794 4422 .
812 4358 965 4440 magister
997 4364 1030 4423 et
1046 4363 1225 4424 conventus
1251 4356 1465 4424 cruciferorum
1541 4367 1542 4418 l

359 4461 471 4529 domus
486 4463 657 4547 hospitalis
673 4465 808 4530 ecclesie
824 4465 927 4531 sancti
953 4466 1040 4550 regis
1066 4463 1227 4549 Stephani
1253 4465 1294 4530 de
1320 4462 1468 4548 Strigonio

359 4618 366 4633 .
383 4620 390 4634 .
405 4571 446 4635 ad
462 4573 682 4638 universorum
699 4574 853 4639 noticiam
870 4624 876 4639 .
894 4625 900 4640 .
916 4575 1066 4640 uolumus
1082 4577 1260 4659 pervenire,
1277 4572 1468 4659 quodrirno

357 4676 433 4744 bilis
450 4683 482 4746 et
508 4679 663 4747 honestus
681 4681 834 4768 magister
851 4679 1037 4768 Stephanus
1069 4681 1156 4750 filius
1182 4683 1308 4751 comitis
1335 4674 1468 4748 Walterii
