3130 5470
496 491 590 552 1329.
607 508 683 552 nov.
701 492 730 552 8.
1108 495 1175 558 445

53 669 136 733 ditur
151 689 171 733 a
187 670 283 753 parte
299 666 494 732 occidentali
510 689 531 732 a
545 667 652 733 medio
670 667 835 735 cuiusdam
852 667 940 735 fluvii
957 669 1052 754 Lyka
1066 669 1175 737 vocati

55 777 92 842 ab
107 799 171 842 uno
196 775 315 842 rubeto
343 796 422 859 egur
447 781 562 842 vocato
589 779 622 840 et
647 776 753 842 eundo
778 798 888 843 versus
913 780 1070 844 orientem
1086 781 1180 845 iuxta

53 889 176 969 portum
193 883 338 950 eiusdem
353 882 442 948 fluvii
458 884 546 948 venit
562 883 716 953 adunam
734 891 855 964 metam
880 888 1021 952 terream
1038 887 1078 953 de
1094 909 1177 954 novo

53 997 196 1074 erectam,
207 997 241 1057 et
257 991 376 1058 abhinc
387 991 491 1058 eundo
507 1013 618 1058 versus
634 992 769 1058 eandem
779 999 906 1077 partem
922 997 1010 1060 venit
1026 995 1178 1062 adunam

53 1099 195 1166 arborem
212 1101 388 1184 populeam
404 1100 463 1166 sub
480 1121 545 1185 qua
561 1107 610 1166 est
620 1101 769 1166 similiter
778 1109 867 1169 meta
882 1109 1000 1188 terrea,
1013 1110 1045 1170 et
1062 1111 1178 1170 contra

55 1207 184 1272 eandem
215 1213 344 1292 partem
359 1208 448 1274 vadit
465 1213 498 1273 et
514 1207 602 1274 cadit
617 1208 652 1272 in
668 1209 831 1292 quendam
846 1211 986 1276 rivulum
1003 1211 1179 1279 Kurthwe·

56 1315 227 1399 luspathak
259 1320 410 1382 vocatum
426 1316 540 1400 inquo
556 1315 663 1382 adhue
689 1323 803 1382 contra
828 1319 985 1385 orientem
1001 1321 1121 1386 transit
1136 1319 1180 1385 ad

54 1423 129 1489 duas
153 1430 259 1490 metas
276 1431 400 1490 terreas
415 1425 510 1490 iuxta
536 1425 675 1491 eundem
701 1425 842 1492 monium
866 1449 886 1492 a
912 1433 1003 1512 parte
1020 1429 1177 1512 superiori

55 1533 124 1597 ville
148 1531 364 1597 Kurthwelus
389 1537 503 1598 vocate
527 1533 652 1618 positas
678 1539 711 1599 et
736 1539 859 1600 erectas
885 1557 906 1600 a
933 1537 1049 1620 quibus
1067 1559 1177 1602 versus

59 1639 188 1705 eandem
204 1641 337 1726 plagam
361 1642 455 1706 iuxta
478 1625 638 1706 fossatum
664 1645 697 1706 et
722 1647 865 1707 meatum
891 1644 1059 1710 cuiusdam
1082 1645 1179 1711 rivuli

58 1748 140 1813 radit
156 1748 199 1813 ad
215 1755 317 1833 caput
333 1749 474 1814 eiusdem
490 1749 588 1813 rivuli
597 1749 653 1814 ubi
669 1756 746 1815 sunt
756 1750 818 1816 due
834 1757 920 1817 mete
939 1757 1054 1838 terree,
1065 1753 1181 1819 deinde

59 1863 167 1922 contra
192 1857 328 1922 eandem
353 1862 482 1942 partem
507 1857 626 1921 transit
651 1857 816 1940 quoddam
848 1857 947 1924 berch
972 1865 1005 1925 et
1029 1861 1118 1926 venit
1141 1859 1183 1926 ad

60 1972 150 2049 caput
167 1967 335 2032 cuiusdam
367 1967 463 2032 rivuli
478 1964 678 2050 Bykpathak
694 1967 802 2032 vocati
833 1965 889 2031 ubi
914 1973 991 2032 sunt
1017 1969 1079 2033 due
1095 1974 1180 2035 mete

60 2079 159 2140 terreo
175 2075 215 2140 de
247 2075 366 2159 quibus
382 2075 487 2140 adhuc
504 2080 616 2140 eontra
642 2075 799 2139 orientem
824 2077 944 2140 transit
969 2099 1069 2142 unum
1084 2079 1184 2145 berch

60 2189 90 2246 et
102 2184 207 2266 iungit
232 2183 397 2268 quandam
413 2203 563 2267 magnam
589 2183 674 2247 viam
692 2203 754 2266 que
771 2183 862 2248 ducit
886 2185 920 2248 in
946 2191 1086 2252 castrum
1102 2185 1183 2252 Bar-

60 2290 118 2356 kou
134 2299 285 2358 vocatum
302 2298 335 2358 et
349 2295 383 2358 in
410 2292 523 2358 eadem
547 2293 600 2357 via
624 2289 804 2357 reflectitur
829 2315 938 2359 versus
962 2295 1132 2360 meridiem
1149 2299 1183 2362 et

61 2401 143 2466 venit
158 2403 201 2466 ad
216 2424 314 2467 unam
331 2402 479 2468 arborem
504 2401 586 2466 ilicis
602 2401 696 2466 iuxta
722 2392 854 2468 eandem
879 2403 964 2466 siam
990 2403 1184 2468 existentem

61 2517 141 2575 meta
156 2517 265 2576 terrea
282 2510 507 2576 circumfusam
524 2517 556 2574 et
572 2510 691 2575 abhinc
707 2511 831 2592 regirat
852 2517 965 2575 eontra
981 2511 1182 2576 occidentem

62 2621 191 2686 etvenit
217 2621 258 2686 ad
285 2625 383 2706 caput
409 2620 574 2684 cuiusdam
599 2620 696 2685 rivuli
720 2617 978 2704 Arsachpataka
1002 2621 1110 2684 vocati
1127 2619 1183 2684 ubi

62 2733 132 2792 sunt
147 2727 211 2794 due
227 2735 313 2794 meto
328 2735 434 2794 terreo
451 2728 491 2794 de
515 2750 597 2794 novo
631 2733 738 2794 erecte
763 2733 795 2792 et
810 2730 844 2793 in
861 2727 973 2792 eodem
988 2729 1093 2793 rivulo
1109 2728 1186 2793 satis

60 2838 256 2922 perlargum
272 2839 416 2922 spacium
432 2836 537 2904 eundo
563 2837 650 2902 venit
667 2838 708 2902 ad
724 2837 805 2902 duas
820 2843 924 2902 metas
940 2843 1063 2902 terreas
1080 2858 1100 2902 a
1116 2836 1185 2919 qui-

62 2943 117 3009 bus
133 2968 244 3011 versus
261 2945 397 3011 eandem
423 2945 554 3030 plagam
570 2945 803 3011 occidentalem
828 2944 1082 3010 transcurrendo
1098 2945 1187 3010 venit

62 3052 213 3120 adunam
229 3055 343 3120 silvam
358 3055 450 3119 iuxta
467 3075 563 3138 quam
580 3054 638 3119 sub
671 3054 811 3138 quadam
827 3053 944 3118 arbore
970 3053 1055 3137 zylfa
1070 3058 1186 3120 vocata

64 3167 108 3226 est
124 3183 188 3226 una
204 3170 290 3228 meta
306 3167 420 3244 terrea,
438 3168 471 3226 et
487 3161 601 3226 deinde
617 3161 816 3227 transeundo
848 3159 981 3226 eandem
998 3163 1112 3226 silvam
1129 3163 1184 3227 ad-

62 3269 121 3334 huo
136 3275 250 3338 contra
266 3269 466 3336 occidentem
481 3271 569 3334 venit
585 3268 625 3334 ad
641 3268 822 3352 predictum
838 3267 971 3334 fiuvium
987 3269 1081 3352 Lyka
1096 3271 1188 3334 iuxta

63 3399 156 3461 quam
180 3379 239 3444 sub
266 3377 404 3462 quadam
430 3377 545 3442 arbore
571 3378 654 3442 ilicis
681 3383 757 3442 sunt
782 3377 844 3442 due
870 3385 956 3442 mete
982 3383 1089 3442 terroe
1106 3383 1139 3442 et
1154 3377 1189 3442 in

63 3487 164 3552 medio
197 3485 340 3552 eiusdem
370 3483 460 3550 fluvii
485 3486 629 3551 ascendit
656 3491 688 3550 et
718 3485 806 3550 redit
833 3485 874 3550 ad
904 3486 1046 3568 primum
1077 3485 1185 3550 locum

64 3595 114 3660 ubi
143 3596 311 3680 inceperat
345 3600 377 3658 et
408 3593 454 3658 ibi
486 3595 690 3660 terminatur.
733 3593 857 3659 Datum
888 3595 922 3659 in
955 3594 1075 3659 octavis
1110 3593 1187 3658 festi

65 3699 213 3768 Omnium
229 3701 434 3788 Sanctorum,
466 3725 551 3769 anno
568 3703 690 3768 domini
706 3701 882 3768 Millesimo
900 3701 1126 3766 trecentesimo
1143 3701 1187 3765 vi·

65 3811 176 3878 eesimo
192 3833 289 3878 nono.

166 3975 321 4040 Hdtlapjdn
333 3975 426 4042 pecset
437 3975 615 4041 nyomaival;
631 3973 765 4040 eredetijo
789 3991 821 4027 az
843 3989 911 4026 orez.
930 3974 987 4024 ltdr
1004 3973 1103 4024 kinost.
1117 3977 1185 4023 oszt.

64 4064 95 4116 N.
113 4068 145 4118 B.
167 4069 201 4118 A.
223 4073 283 4118 939.
305 4073 328 4119 3.
349 4069 416 4134 dipl.
430 4069 501 4118 ltdr:
523 4071 601 4117 2564.
630 4066 710 4116 Kozli
722 4083 727 4116 :
739 4065 820 4130 Nagy
834 4065 934 4131 Gyula.
