3154 5474
553 456 648 518 1331.
665 472 735 520 ocr.
752 459 781 518 8.
1171 458 1234 520 565

103 655 218 701 soensu
235 634 331 701 unius
348 634 440 701 collis
457 637 523 699 tres
540 636 642 698 metas
658 636 781 699 terreas
797 636 945 719 antiquas
963 641 995 701 et
1010 634 1234 702 descendendo

98 743 218 808 vallem
234 744 269 808 in
285 742 349 809 fine
364 747 528 808 terrarum
544 741 717 806 arabilium
733 742 837 808 intrat
852 743 893 808 ad
918 743 1032 811 silvam
1049 745 1140 810 cuius
1156 765 1233 829 pars

99 851 268 918 orientalis
281 856 428 918 estterra
438 851 478 918 de
489 850 579 917 Tord
589 872 749 936 paravero
760 852 970 919 occidentalis
989 857 1138 920 remanet
1148 857 1233 918 terro

99 960 244 1043 Bennelr‚
262 961 377 1026 deinde
393 983 452 1045 per
476 963 581 1047 ipsam
599 961 712 1026 silvam
729 961 878 1046 graditur
893 961 1014 1028 directe
1030 961 1072 1027 ad
1099 961 1233 1028 eandem

99 1069 346 1134 meridionalem
362 1069 451 1134 vadit
461 1069 503 1134 ad
513 1091 664 1156 magnam
675 1069 758 1134 viam
769 1091 826 1154 per
842 1089 940 1152 quam
949 1071 1016 1136 itur
1032 1070 1071 1136 de
1088 1070 1179 1136 Tord
1190 1071 1232 1136 ad

100 1177 168 1243 Tul
190 1183 278 1244 recte
309 1177 365 1244 ubi
390 1181 437 1244 est
455 1184 562 1245 erecta
577 1184 686 1246 terrea
701 1183 787 1248 meta
803 1200 823 1243 a
838 1183 932 1263 parte
947 1179 1049 1264 ipsius
1064 1181 1113 1246 vie
1138 1181 1232 1246 meri-

99 1285 223 1350 dionali
234 1306 298 1371 qua
308 1291 438 1372 separat
449 1292 571 1353 terram
587 1287 805 1353 Tordaterra
820 1287 955 1352 Bennek
966 1293 998 1354 et
1009 1289 1110 1354 eciam
1120 1289 1229 1354 villam

100 1393 229 1460 Berkus
245 1399 373 1481 aparte
389 1395 593 1462 meridionali
610 1395 651 1461 ab
668 1395 781 1460 eadem
798 1399 883 1460 terre
899 1395 1036 1462 Benneli
1055 1402 1088 1462 et
1103 1397 1150 1462 sic
1174 1417 1233 1482 per

100 1504 203 1588 ipsam
229 1504 314 1570 viam
338 1505 427 1570 vadit
451 1505 495 1570 ad
518 1505 658 1571 rivulum
673 1504 729 1569 ubi
746 1508 796 1569 est
812 1507 898 1570 meta
923 1510 1032 1571 terrea
1048 1507 1137 1571 cuius
1153 1526 1230 1591 pars

99 1611 324 1678 meridionalis
340 1618 372 1678 et
387 1613 553 1679 orientalis
570 1615 620 1678 est
636 1613 717 1678 silva
733 1613 898 1696 pertinens
913 1612 955 1678 ad
967 1614 1080 1679 villam
1100 1612 1230 1678 Berkus

98 1721 281 1805 predictam
297 1743 373 1806 pars
388 1743 463 1788 vero
489 1721 761 1806 septemtrionalis
782 1727 927 1786 remanet
944 1722 986 1786 ad
1002 1723 1232 1806 possessionem

100 1829 247 1913 Bennelr,
258 1830 374 1896 abinde
389 1852 449 1916 per
463 1831 567 1914 ipsam
578 1829 661 1895 viam
672 1828 839 1894 descendit
855 1851 956 1914 usque
971 1829 1099 1895 vineam
1114 1827 1233 1896 Gallus

102 1931 179 2002 dicti
196 1937 254 2003 ubi
271 1945 320 2004 est
336 1944 423 2004 meta
439 1943 524 2004 terre
550 1935 690 2022 Algmas
715 1938 880 2022 angularis
896 1939 941 2004 ibi
958 1939 1059 2004 eciam
1074 1937 1233 2004 vicinatur

101 2069 174 2112 oum
201 2052 290 2112 terra
314 2048 388 2112 ville
407 2046 485 2131 Tul,
507 2047 624 2112 abhinc
650 2045 793 2112 declinat
817 2047 940 2112 directe
965 2047 1007 2112 ad
1032 2046 1232 2112 occidentem

103 2157 196 2221 iuxta
224 2156 337 2222 silvam
362 2161 395 2222 et
411 2155 556 2221 ascendit
575 2155 617 2220 ad
637 2155 733 2220 finem
759 2156 848 2220 vinee
864 2154 1028 2221 Johannis
1048 2153 1108 2220 filii
1125 2151 1232 2239 (irisii,

101 2265 222 2330 abhinc
237 2285 313 2330 vero
330 2265 481 2349 gradiens
498 2263 621 2330 directe
637 2264 680 2330 ad
697 2263 833 2329 eandam
858 2267 984 2348 partem
1000 2263 1232 2330 occidentalem

101 2375 189 2440 circa
216 2375 320 2457 ipsam
346 2374 458 2438 silvam
485 2373 575 2438 cuius
600 2376 684 2438 terre
716 2371 855 2438 arabiles
873 2377 949 2436 sunt
965 2379 1051 2437 terro
1068 2371 1137 2436 Tul
1154 2374 1234 2438 silva

102 2502 181 2546 vero
207 2484 355 2546 remanet
379 2487 465 2546 terre
489 2479 633 2563 Bennek,
664 2480 782 2545 abinde
814 2479 978 2544 descendit
1004 2479 1046 2545 ad
1072 2480 1231 2546 calculum

101 2591 205 2676 ipsius
220 2591 299 2654 silve
316 2595 349 2655 et
365 2589 533 2655 descendit
543 2589 583 2654 ad
593 2593 724 2674 pratum
740 2589 780 2654 ad
797 2588 916 2655 vallem
931 2607 989 2674 per
1004 2595 1108 2654 terras
1125 2585 1231 2654 arabi-

100 2698 157 2782 leS,
184 2697 300 2762 deinde
327 2699 444 2763 transit
470 2695 631 2781 quondam
656 2697 739 2761 viam
764 2702 796 2761 et
817 2701 949 2780 pratum
970 2701 1003 2762 et
1019 2696 1164 2762 ascendit
1192 2695 1233 2761 ad

102 2828 259 2872 cacumen
290 2807 408 2872 montis
433 2806 490 2872 ubi
516 2811 590 2871 sunt
615 2809 701 2870 mete
725 2807 831 2869 terrea
863 2805 996 2888 antique
1026 2805 1060 2870 in
1091 2825 1155 2887 qua
1185 2809 1234 2868 est

100 2917 200 2983 orbor
232 2916 387 3000 quercina
413 2915 504 2980 ouius
530 2935 605 3000 pars
631 2913 851 2980 meridionalis
878 2918 926 2978 est
950 2919 1039 2979 terra
1055 2912 1124 2978 Tul
1141 2917 1233 2996 parte

98 3024 360 3110 septemtrionali
376 3023 568 3108 possessioni
578 3021 714 3088 Bennek
723 3029 919 3105 remanente,
936 3021 1051 3086 deiude
1068 3021 1234 3087 descendit

98 3133 143 3198 ad
160 3133 278 3197 vallem
303 3154 361 3216 per
386 3151 517 3215 magnas
544 3131 676 3196 arbores
693 3136 726 3195 et
749 3151 809 3215 per
824 3129 1002 3215 virgultum
1018 3131 1234 3215 per·vonitque

97 3241 143 3308 ad
160 3242 246 3305 riam
262 3261 412 3324 magnam
429 3261 488 3324 per
505 3261 601 3324 quarn
618 3237 762 3304 declinat
778 3237 821 3304 ad
837 3243 963 3322 partem
989 3239 1234 3323 septemtriona-

97 3351 166 3415 lem
191 3349 277 3414 oirca
302 3349 423 3431 silvam,
440 3369 497 3432 per
512 3348 616 3431 ipsam
641 3348 724 3410 riam
751 3345 855 3412 eundo
882 3345 1023 3411 declinat
1039 3352 1073 3412 et
1089 3344 1236 3432 ascendit

96 3459 220 3524 iterato
246 3457 289 3522 ad
314 3456 514 3522 occidentem
539 3477 598 3540 per
624 3453 760 3520 eandem
785 3455 869 3519 viam
895 3455 938 3518 ad
962 3455 1118 3538 angulum
1133 3454 1236 3538 ipsius

98 3569 182 3633 silve
198 3566 255 3632 ubi
271 3573 346 3632 sunt
357 3587 414 3630 sex
429 3572 514 3630 mete
530 3571 635 3629 terree
650 3566 784 3648 antique
801 3585 864 3646 que
880 3569 1032 3648 separant
1047 3569 1151 3629 terras
1167 3562 1236 3628 Tul

98 3671 215 3758 Alchy
226 3673 377 3739 videlicet
387 3678 419 3737 et
429 3672 574 3754 Bennek,
585 3672 702 3736 abhinc
712 3671 884 3756 peripsam
894 3672 978 3736 viam
989 3671 1122 3737 divertit
1146 3691 1178 3736 se
1195 3669 1237 3736 ad

97 3787 230 3869 partem
246 3782 542 3866 septemtrionalem
559 3781 645 3846 etsic
656 3779 697 3845 ad
713 3779 841 3845 eandem
860 3785 987 3865 partem
1004 3779 1109 3845 eundo
1126 3799 1235 3862 perve-

98 3892 150 3956 nit
169 3889 379 3974 quamplures
403 3892 505 3954 metas
531 3893 655 3953 terreas
672 3888 823 3971 antiquas
841 3892 872 3952 et
897 3887 1050 3953 arboreas
1077 3907 1171 3952 cruce
1197 3888 1238 3952 si-

98 4005 221 4082 gnatas
238 3998 322 4062 circa
338 3997 452 4062 silvam
478 4017 541 4080 que
558 4001 710 4082 separant
725 3999 849 4061 terram
858 3992 947 4060 Aloh
957 4017 976 4060 a
986 3999 1079 4079 parte
1089 3995 1237 4060 meridio-

98 4108 170 4174 nali
190 4111 225 4171 et
246 4103 438 4170 occidentali
456 4108 488 4170 et
504 4109 626 4168 terram
652 4103 785 4170 ecclesie
811 4104 915 4168 sancti
940 4099 1111 4170 Jacobide
1141 4102 1240 4168 Lelez

98 4212 188 4300 (igy)
199 4211 232 4298 *)
244 4211 361 4278 abinde
373 4212 414 4278 ad
425 4212 559 4278 eandem
570 4217 695 4296 partem
705 4233 763 4296 per
773 4212 876 4295 ipsam
887 4213 972 4277 viam
983 4211 1087 4276 eundo
1099 4213 1240 4296 palisper

100 4322 255 4407 pervenit
279 4319 321 4385 ad
347 4326 465 4386 metam
482 4325 622 4386 terream
637 4321 671 4385 in
687 4321 828 4387 transitu
844 4321 893 4385 vie
910 4341 968 4405 per
984 4342 1082 4404 quam
1108 4321 1175 4385 itur
1201 4319 1240 4385 de

98 4427 241 4496 Bennek
258 4427 300 4493 ad
317 4426 428 4494 Sudok
439 4433 560 4513 aparte
577 4427 770 4494 occidentali
787 4433 819 4494 et
835 4427 940 4494 eundo
957 4427 999 4494 ad
1016 4427 1149 4492 eandem
1165 4447 1238 4511 par·

215 4683 241 4744 *)
255 4681 407 4746 Hihetdleg
417 4697 450 4740 az
463 4679 535 4732 atii-o
549 4679 645 4747 hibaija
656 4681 739 4732 miatt
754 4678 864 4749 »Salpe«
888 4682 1006 4747 helyett.
1106 4682 1197 4734 Seeck.
