3240 5460
281 409 322 469 56
635 418 821 466 1111111111
838 403 1055 466 1111111111.

279 587 367 670 quod
383 591 500 652 neutra
516 584 660 668 parcium
677 587 805 666 partem
830 580 966 646 alteram
991 601 1087 663 super
1107 577 1271 664 premissis
1287 575 1337 642 vel
1353 575 1415 640 ali-

279 717 344 780 quo
360 696 588 780 premissorum
604 693 638 756 in
661 692 753 756 litem
780 689 910 755 trahere
926 693 985 754 ant
1008 688 1197 772 aliqualiter
1220 687 1328 751 valeat
1344 705 1415 750 mo-

278 806 405 887 lestare,
429 805 488 870 tali
505 801 698 884 obligamine
714 799 891 881 interiecto,
911 797 999 881 quod
1013 798 1118 881 siqua
1133 795 1281 880 parcium
1297 844 1304 858 .
1321 814 1415 876 ,ρειτ-

279 921 346 980 tam
362 913 498 978 alteram
515 931 612 995 super
631 908 810 993 premissis.
822 907 994 990 ,impetere
1010 905 1060 970 vel
1076 905 1259 988 inquietare
1270 953 1277 968 .
1289 952 1295 966 .
1307 907 1415 967 atten-

278 1027 388 1087 taret.
404 1069 412 1086 .
428 1025 549 1085 extunc
572 1038 648 1102 pars
672 1015 753 1081 talia
768 1019 933 1079 attentans
949 1016 1063 1078 contra
1078 1017 1205 1096 partem
1221 1010 1359 1075 alteram
1376 1011 1415 1073 in

281 1129 428 1195 (lucentis
446 1127 564 1192 mareis
589 1131 664 1190 ante
688 1123 756 1188 litis
781 1123 961 1204 ingressum
985 1119 1204 1204 persolvendis
1228 1120 1298 1202 ipso
1324 1117 1416 1183 lacto

282 1238 496 1304 convincetur.
506 1234 631 1300 Datum
640 1232 674 1296 in
690 1229 880 1312 Temeswar,
896 1230 929 1294 in
945 1227 1027 1294 sesto
1042 1228 1138 1293 beate
1153 1225 1256 1292 Lucia
1271 1226 1416 1310 virginis,

283 1368 367 1412 anno
384 1343 506 1410 domini
520 1341 575 1407 Μο
591 1336 692 1407 0001
707 1338 855 1404 vicesimo
873 1337 1022 1402 secundo.

390 1509 416 1558 A
435 1505 547 1572 aegram
566 1502 756 1568 ktptalannak
776 1505 853 1552 1319.
879 1502 1034 1564 september
1054 1497 1138 1549 rt-iki
1150 1497 1317 1560 ttirattban,
1329 1497 1419 1560 mely-

282 1600 336 1650 neh
358 1595 487 1661 aredetije
501 1608 617 1660 megvan
636 1606 748 1642 azorsz.
767 1591 823 1640 ltar
839 1591 938 1642 kinost.
958 1595 1024 1641 oszt.
1044 1587 1164 1640 N.R.A.
1185 1592 1263 1638 1597.
1284 1591 1327 1637 21.
1347 1585 1418 1650 dipl.

282 1689 355 1739 ltar:
370 1690 448 1738 2132.
461 1683 554 1736 anli:
574 1681 678 1734 Vincze
698 1681 799 1732 Gabar.

822 1988 875 2052 47.

287 2155 383 2218 1322.
408 2153 472 2217 dec.
500 2154 550 2216 14.
569 2151 807 2237 Ape'csvoradi
818 2161 948 2214 convent
959 2151 1061 2216 1111111
1083 2153 1183 2238 Nipol
1194 2149 1419 2236 nenazetatpbh'l

285 2261 359 2326 1116
373 2259 493 2340 Jonas,
510 2260 629 2324 Zalato
645 2269 727 2324 aonii
753 2260 894 2324 hirloka't
918 2283 940 2322 a
965 2260 1084 2324 Dacica
1109 2261 1235 2340 11111111,
1261 2284 1282 2323 o
1308 2261 1421 2324 torosa·

285 2370 514 2435 naonoatornak
530 2371 654 2434 azirvte'a
665 2368 783 2432 Zalota
799 2379 881 2432 nevil
897 2369 1024 2432 birtolco
1041 2369 1156 2433 mellett
1167 2367 1327 2452 Buronpa
1342 2371 1420 2432 vrit·-

524 2477 699 2564 mepytben,
716 2475 850 2541 Saldrai
866 2477 997 2541 Pa'iaah
1015 2477 1170 2542 eiuratio.

391 2637 463 2704 Nos
488 2641 664 2704 conventus
689 2635 878 2702 monasterii
902 2636 1128 2703 Waradiensis
1153 2637 1306 2702 memorie
1332 2658 1418 2702 corn-

284 2749 473 2814 mendamus
489 2797 495 2812 .
513 2797 520 2812 .
537 2745 626 2831 qnod
642 2746 667 2812 J
668 2745 810 2812 ohannes
820 2768 956 2830 magnus
972 2745 1058 2812 lilius
1074 2745 1250 2813 Mortnnus
1267 2747 1306 2812 de
1322 2745 1421 2810 Wer-

285 2865 379 2943 tegey
405 2855 546 2921 serviens
572 2856 720 2938 magistri
745 2853 844 2920 Pauli
869 2853 929 2920 filii
960 2854 985 2921 J
988 2855 1123 2922 ohannis
1154 2855 1194 2920 de
1224 2854 1328 2920 Ztara
1357 2877 1420 2940 pro

286 2965 399 3032 eodem
414 2965 569 3048 magistro
585 2962 691 3029 Paulo
708 2963 839 3030 domino
856 2986 913 3030 auo
940 2965 981 3030 ab
998 2987 1063 3030 una
1079 2967 1182 3049 parte,
1197 2965 1277 3030 item
1292 2961 1318 3028 J
1320 2962 1420 3029 ohan·

286 3095 343 3139 nes
366 3072 454 3140 filius
479 3071 650 3156 Lamparti
678 3072 717 3136 de
742 3071 877 3138 Kenrus
901 3073 1020 3138 nobilis
1046 3073 1086 3141 de
1110 3093 1227 3156 genere
1252 3071 1361 3157 Nygol
1387 3078 1422 3138 et

287 3182 474 3268 Stephanus
489 3180 576 3247 filius
591 3180 753 3247 Demetrii
771 3181 982 3248 consobrinus
1008 3181 1150 3248 eiusdem
1174 3179 1200 3246 J
1202 3181 1347 3264 ohannis,
1363 3182 1423 3264 qui

287 3292 419 3357 natales
436 3311 504 3355 esse
515 3289 675 3374 dixerunt,
692 3291 732 3356 ab
749 3291 855 3356 altera
871 3312 979 3356 coram
995 3290 1090 3356 nobis
1114 3291 1331 3374 personaliter
1346 3311 1421 3356 con-

285 3405 446 3485 parantes,
460 3399 676 3484 prenominati
691 3397 717 3464 J
719 3398 862 3466 ohannes
878 3398 965 3465 filius
980 3397 1150 3483 Lamperti
1174 3405 1207 3464 11
1232 3397 1420 3483 Stephanus

286 3507 372 3574 lilius
388 3507 548 3573 Demetrii
565 3507 730 3591 quandam
746 3513 867 3575 terram
893 3530 1003 3574 eorum
1020 3506 1140 3574 Zalata
1154 3511 1303 3574 vocatam
1318 3507 1352 3572 in
1369 3527 1421 3574 co·

286 3616 405 3682 mitatu
428 3615 468 3680 de
493 3615 647 3700 Baranya
667 3617 759 3681 iuxta
782 3614 915 3683 fluvium
939 3615 1055 3682 Draua
1078 3615 1113 3681 in
1138 3615 1420 3682 commetaneitate

286 3731 372 3790 terre
388 3723 576 3789 monasterii
593 3721 632 3786 de
648 3721 781 3788 Keurus
805 3725 906 3789 eciam
931 3723 1049 3789 Zalate
1073 3727 1185 3790 vocate
1220 3729 1253 3789 et
1277 3723 1311 3788 in
1336 3743 1421 3790 corn·

285 3833 497 3898 metaneitate
514 3838 600 3898 terre
616 3832 709 3897 Petri
725 3831 784 3897 filii
800 3832 972 3898 Mihedens
988 3830 1118 3897 Helene
1143 3839 1257 3898 vocate
1282 3833 1421 3898 existen-

286 3947 361 4024 tem,
378 3945 480 4006 totam
499 3940 559 4006 sub
584 3938 748 4006 veteribus
773 3942 867 4006 metis
894 3947 927 4007 et
952 3941 1097 4024 antiquis
1112 3938 1239 4024 prefato
1265 3942 1422 4025 magistro

286 4047 392 4113 Paulo
408 4046 475 4113 filio
492 4046 655 4114 Johannis
680 4069 739 4133 pro
765 4049 936 4132 sexaginta
960 4049 1077 4114 marcis
1103 4049 1248 4132 pecunie,
1273 4070 1354 4133 quas
1379 4049 1422 4116 ab

286 4155 398 4222 eodem
415 4157 570 4241 magistro
587 4155 692 4222 Paulo
709 4156 860 4222 dixerunt
876 4157 1082 4241 integraliter
1105 4157 1148 4223 ad
1164 4179 1198 4223 se
1213 4159 1373 4243 recepisse
1390 4209 1398 4224 .
1415 4207 1423 4225 .

286 4286 319 4330 se
350 4264 530 4330 vendidisse
562 4269 638 4330 sunt
669 4264 852 4332 confessi..
878 4287 974 4349 super
1005 4287 1069 4349 quo
1094 4267 1195 4332 eciam
1219 4268 1423 4352 presentibus

285 4397 382 4458 reaque
398 4377 496 4440 nitius
513 4377 596 4439 atriti
611 4375 843 4440 rcoolucionenz
866 4375 959 4440 nobis
984 4375 1160 4459 reportatis
1185 4381 1332 4442 nostrum
1357 4378 1424 4463 pn'·

285 4479 438 4562 vilegium
477 4479 690 4560 concedetur3
721 4480 873 4548 dixerunt
905 4483 1008 4548 eciam
1043 4483 1105 4567 ipsi
1136 4481 1306 4550 Johannes
1336 4483 1424 4550 filius

286 4585 455 4672 Lamperti
489 4593 523 4655 et
555 4585 741 4672 Stephanus
756 4587 843 4656 filius
860 4589 1031 4675 Demetrii,
1058 4589 1145 4676 quod
1169 4591 1231 4676 ipsi
1260 4589 1424 4676 prefatam
