3154 5474
332 507 396 567 518
690 516 880 565 aurocnoar
898 505 1116 564 carnisumis.

332 683 373 748 ad
406 680 657 748 construendum
688 701 726 746 ac
755 682 883 764 partem
910 677 988 742 silvo
1026 699 1086 761 pro
1117 681 1212 762 prato
1245 679 1327 744 circa
1358 680 1454 744 locum

334 791 508 858 molendini
525 791 649 856 iacente
666 787 812 854 dedimus
838 793 872 854 et
900 787 1114 853 concessimus
1133 837 1164 853 ..
1196 787 1321 853 nemine
1337 791 1410 854 cont
1443 827 1453 838 -

335 901 461 966 dicente
485 898 587 965 libere
613 917 650 962 ac
675 902 830 982 perpetue
856 893 1030 961 tenendum
1062 896 1183 979 pariter
1209 901 1242 960 et
1264 896 1453 962 vendendum

333 1029 460 1073 necnon
492 1007 562 1072 iure
592 1004 788 1072 hereditario
819 1001 1056 1088 possidendum,
1082 1007 1301 1069 verumtamen
1325 1004 1381 1070 tali
1395 1005 1454 1069 vin-

335 1119 406 1184 culo
441 1117 604 1198 innodato,
636 1115 723 1199 quod
755 1111 873 1198 prefati
907 1113 984 1177 ville
1009 1112 1152 1178 eiusdem
1187 1112 1350 1180 censuales
1379 1112 1453 1178 idest

333 1227 523 1308 iobagioues
565 1225 719 1308 expiratis
761 1223 853 1288 annis
893 1223 1077 1287 memoratis
1109 1221 1200 1288 nobis
1241 1221 1281 1287 de
1322 1221 1456 1307 quolibet

330 1357 442 1402 manso
468 1355 525 1400 seu
549 1333 635 1398 lanio
661 1353 757 1397 unum
781 1331 940 1396 fertonem
964 1331 998 1395 in
1023 1329 1128 1395 tribus
1155 1332 1302 1395 terminis
1333 1351 1455 1396 munera

330 1465 406 1509 vero
442 1449 474 1507 et
507 1445 654 1506 strennas
693 1443 807 1524 utpote
841 1459 933 1523 posse
966 1436 1151 1504 eorumdem
1193 1439 1296 1522 exigit
1334 1438 1455 1523 singulis

330 1551 421 1615 annis
452 1549 591 1615 debeant
622 1547 762 1632 elargiri,
779 1553 872 1612 tenus
897 1546 958 1611 hoo
983 1547 1017 1610 in
1042 1545 1191 1612 omnibus
1217 1547 1345 1612 iuribus
1376 1546 1454 1611 indi-

330 1659 423 1726 candi
459 1656 660 1724 deiudicandi
690 1655 873 1740 liberasque
905 1654 1044 1720 decimas
1075 1653 1213 1720 habendi
1246 1656 1363 1739 quibus
1390 1653 1456 1718 ciri·

328 1773 378 1833 tas
405 1764 595 1832 Schithenik
625 1765 730 1830 utitur
760 1763 878 1828 habere
904 1762 1044 1828 debeant
1068 1763 1203 1829 liberam
1230 1767 1262 1827 et
1287 1763 1456 1848 plenariam

329 1875 538 1953 lieoultatem3
565 1874 697 1956 iusuper
721 1869 854 1957 prefixis
875 1870 1054 1936 cultoribus
1080 1871 1181 1936 eciam
1206 1869 1352 1936 dedimus
1367 1869 1455 1936 liber-

333 1985 441 2064 tatem,
467 1979 555 2064 quod
583 2001 697 2063 porcos
724 1985 756 2044 et
781 1978 901 2045 scrofas
926 1977 1114 2044 eorumdem
1145 1977 1253 2044 dicere
1278 1977 1455 2044 nullatenus

330 2090 501 2156 debeamus
534 2111 607 2154 cum
633 2089 711 2154 silve
737 2088 832 2153 dense
858 2088 984 2154 fructus
1011 2109 1086 2154 suos
1120 2085 1269 2153 videlicet
1293 2087 1455 2170 glandines

328 2217 384 2262 seu
415 2197 496 2262 alios
512 2196 637 2262 arboris
663 2195 787 2261 fructus
814 2193 991 2280 producere
1016 2195 1198 2276 inolerunt3
1231 2196 1330 2278 gades
1354 2201 1455 2262 autem

328 2305 413 2370 idest
429 2308 512 2368 meto
528 2304 603 2368 ville
619 2305 727 2388 sepius
751 2301 829 2368 fixte
846 2303 958 2368 taliter
980 2303 1238 2386 distinguuntur:
1255 2305 1361 2389 prima
1375 2309 1455 2369 meta

333 2411 500 2496 egreditur
532 2412 728 2495 pervellem
755 2413 811 2498 qui
835 2411 954 2478 dicitur
983 2411 1074 2477 vallis
1105 2413 1295 2496 cognomine
1320 2415 1456 2495 sartoris,

330 2543 458 2588 sursum
476 2520 678 2586 ascendendo
696 2521 799 2587 donec
814 2521 854 2586 ad
881 2541 1032 2586 cacumen
1048 2521 1168 2586 montis
1185 2525 1217 2586 et
1235 2521 1396 2606 quidquid
1412 2528 1456 2588 cst

335 2630 482 2714 superius
498 2628 540 2694 ad
556 2629 643 2712 ipsos
668 2629 790 2694 incolas
809 2629 973 2712 pertinere
1000 2628 1179 2694 dinoscitur
1204 2631 1260 2712 qui
1284 2651 1360 2695 vero
1384 2631 1457 2695 inte·

332 2738 400 2802 rius
426 2735 467 2802 ad
483 2737 593 2801 villam
619 2732 740 2802 Goczel
766 2735 927 2801 videbitur
953 2735 1124 2820 deservire,
1154 2737 1294 2803 secunde
1317 2743 1404 2804 nicta
1427 2738 1457 2802 in

333 2846 430 2913 fluuio
462 2845 684 2912 Zthinauawiu
710 2868 834 2912 sursum
859 2845 1061 2913 ascendendo
1080 2848 1284 2931 progrediter
1310 2854 1344 2914 et
1369 2848 1458 2934 qnid·

336 2955 481 3038 quidest
503 2955 677 3020 asinistris
702 2955 802 3040 ipsius
827 2953 916 3020 fluvii
933 2953 1105 3040 saepedicta
1129 2956 1205 3022 villa
1235 2955 1382 3040 possidet
1405 2957 1457 3041 qui

332 3083 408 3128 vero
426 3083 445 3127 a
461 3060 583 3127 dextris
593 3063 633 3128 ed
643 3063 751 3128 villam
769 3060 907 3128 Goozeel
925 3061 1105 3128 dinoscitur
1120 3063 1291 3148 pertinere,
1304 3069 1336 3128 et
1352 3065 1386 3130 in
1403 3064 1458 3129 hec

333 3168 549 3233 terminantur
565 3174 650 3234 mete
675 3168 750 3234 ville
776 3171 881 3254 sepius
906 3169 1072 3254 prelibato.
1104 3169 1151 3236 Ut
1167 3175 1274 3236 autem
1289 3174 1458 3256 premisso·

331 3299 404 3341 rum
430 3277 526 3342 series
552 3277 652 3343 robur
678 3277 822 3344 obtineat
846 3277 1017 3362 firmitatis,
1048 3285 1213 3364 presentes
1246 3283 1458 3348 concessimus

331 3384 433 3448 nostri
454 3383 553 3467 sigilli
578 3385 771 3470 appensione
798 3385 1008 3469 consignatas.
1039 3385 1162 3452 Datum
1187 3387 1222 3451 in
1247 3387 1297 3452 die
1315 3386 1459 3455 Circum·

331 3491 459 3557 cisionis
489 3491 633 3575 Domini,
669 3514 752 3558 enno
784 3493 905 3560 domini
931 3493 985 3558 M⁰
1016 3491 1116 3562 0000
1149 3495 1312 3562 tricesimo
1347 3498 1459 3583 primo,

330 3597 483 3664 kalendas
499 3599 524 3665 J
526 3600 660 3665 anuarii.

436 3763 527 3812 Barna
553 3763 665 3813 sonalon
691 3765 775 3829 fiiggo
801 3765 949 3830 pecsdtte13
978 3767 1109 3832 credetije
1133 3783 1165 3818 az
1186 3783 1253 3819 oraz.
1275 3768 1332 3819 ltelr
1354 3771 1453 3820 kiucst.

329 3857 396 3902 oszt.
423 3853 457 3903 N.
480 3853 512 3904 R.
526 3854 559 3904 A.
574 3857 650 3904 1535.
665 3858 707 3904 lo.
721 3855 788 3919 dipl.
802 3855 873 3905 ltetr:
889 3860 967 3906 2041.
981 3855 1081 3907 Kozli:
1096 3857 1223 3924 Tagsinyi
1236 3859 1270 3908 K.
