3112 5466
537 469 714 530 1325‚.1U11.
734 470 783 530 17.
1162 477 1224 535 2113
1249 483 1255 499 ”

107 648 132 706 et
145 641 205 706 hoc
222 663 296 706 cum
311 643 435 708 idoneis
450 647 596 728 personis
621 645 759 730 probare
783 649 904 732 poterit
929 655 1047 715 extunc
1072 652 1161 735 prior
1178 673 1225 717 ro·

106 751 204 815 siliens
222 753 418 818 sentenciam
430 756 772 822 excommunicacionis
787 759 933 824 incurrat
951 760 1021 842 ipso
1032 760 1118 826 sueto
1132 783 1228 844 aqua
1287 836 1289 838 ,

107 881 159 923 uon
175 879 237 922 nec
252 881 311 943 per
320 883 478 926 summum
488 860 673 944 pontificem
688 863 904 930 absolucionis
918 865 1110 932 beneficium
1126 870 1228 952 possit

108 967 243 1031 obtinere
276 975 517 1053 conventusque
550 971 650 1054 ipsius
682 973 892 1038 interdictum
918 996 1044 1040 servare
1069 981 1228 1042 teneatur.

108 1074 224 1141 Datum
248 1073 362 1160 Agrie,
387 1078 420 1142 in
446 1077 528 1143 festo
544 1079 714 1146 beatorum
739 1088 864 1165 septem
889 1081 1027 1148 fratrum
1043 1083 1229 1170 Martirum,

109 1207 182 1250 :runo
200 1185 323 1251 domini
339 1185 393 1252 Μο
409 1184 510 1253 000ο
525 1187 618 1254 XX⁰
638 1191 761 1273 quinto.

207 1349 359 1413 Hatlapjan
374 1349 523 1400 hosazrikas
536 1351 618 1402 olakir
632 1353 724 1416 pecset
745 1355 1008 1422 maradvainyaiva13
1029 1357 1158 1421 credetije
1181 1359 1230 1407 ke't

110 1438 278 1502 poldanybun
291 1453 323 1488 az
337 1454 404 1488 orsz.
418 1440 473 1489 lta'r
486 1441 583 1491 kincet.
597 1445 664 1493 oszt.
687 1443 795 1494 Paulin.
810 1444 923 1510 Ujhely.
947 1449 971 1494 2.
986 1450 1009 1495 2.
1024 1447 1090 1511 dipl.
1104 1448 1136 1498 lt.
1153 1453 1230 1500 2310.

110 1529 182 1579 ueni
193 1547 199 1578 :
212 1530 292 1594 Nugy
307 1531 405 1595 Gyula.

587 1680 745 1689 ”na—.-

116 2041 201 2104 1325.
210 2043 278 2124 jul.
296 2043 346 2105 16.
363 2041 452 2124 Gdsfi
467 2043 588 2107 Miletos
604 2067 642 2107 oz
659 2045 845 2128 orsqutiro'
860 2045 1093 2129 dir·sdpsaedd'p‘c
1119 2045 1233 2128 dlilcdfi

259 2151 375 2214 Ldlro'st
392 2150 541 2234 dizoupos
557 2151 668 2236 dirmip
684 2151 881 2234 lqtzeresoct
897 2156 1079 2238 aysqqtotjo.

215 2309 284 2376 Nos
300 2313 456 2393 magister
470 2309 627 2377 Nicolaus
642 2311 729 2376 filius
745 2312 871 2377 comitis
896 2309 986 2377 Gens
1004 2318 1135 2378 exactor
1151 2312 1232 2376 iudi-

115 2421 228 2484 ciorum
247 2421 373 2485 comitis
397 2418 580 2485 Alexandri
605 2421 721 2486 iudicis
746 2421 834 2485 curie
864 2420 984 2486 domini
1009 2422 1094 2502 regis
1120 2421 1233 2484 [lamus

114 2551 168 2611 pro
184 2530 345 2612 memoria,
362 2528 449 2612 quod
464 2529 597 2593 Leukus
612 2528 698 2594 filius
714 2528 849 2594 Michou
866 2528 906 2592 de
922 2528 1048 2592 iudiciis
1065 2529 1098 2591 in
1115 2527 1233 2610 quibus

116 2643 221 2701 contra
244 2639 436 2720 magistrum
461 2637 619 2703 Thomam
636 2637 676 2702 de
693 2637 832 2722 Vgucha
856 2659 916 2721 pro
943 2658 979 2701 eo
1005 2637 1082 2719 quia
1105 2636 1234 2718 viginti-

116 2747 249 2829 quinque
266 2767 390 2810 maroas
407 2767 471 2810 non
488 2747 583 2811 solvit
598 2767 670 2811 oum
685 2745 788 2811 fratre
805 2767 862 2810 suo
876 2745 979 2810 eidem
990 2751 1022 2808 et
1033 2745 1109 2827 quia
1120 2744 1235 2808 seriem

114 2855 277 2919 iuramenti
292 2877 350 2938 per
374 2854 575 2938 Stephanum
590 2853 692 2919 filium
709 2852 861 2936 Gregorii
887 2852 1026 2938 depositi
1042 2875 1106 2916 uon
1123 2875 1232 2936 repor-

116 2964 191 3027 tavit
210 2969 417 3046 remanserat,
443 2963 534 3028 uobis
551 2969 582 3026 et
598 2963 746 3046 predicto
772 2961 938 3046 Stephano
965 2961 1055 3028 salva
1081 2962 1233 3043 porcione

115 3073 252 3153 magistri
268 3071 393 3137 Thome
408 3072 545 3155 predicti
570 3077 781 3155 permanente
797 3071 960 3152 satisfecit,
986 3069 1071 3134 unde
1097 3069 1233 3134 eundem

116 3178 304 3245 reddidimus
320 3179 513 3262 expeditum.
530 3179 654 3243 Datum
664 3177 805 3243 secundo
816 3177 867 3242 die
883 3177 1047 3242 divisionis
1060 3173 1234 3260 Apostolo-

117 3308 190 3370 rum,
212 3309 295 3354 anno
312 3288 433 3354 domini
448 3286 502 3352 Μ0
520 3284 621 3353 0000
636 3287 790 3370 vigesimo
808 3286 930 3369 quinto.

216 3452 346 3501 Zorlatdu
366 3451 638 3514 peccattorede'kke13
658 3449 789 3514 eredetijo
811 3464 828 3499 a
850 3449 883 3499 N.
897 3449 1091 3504 Muzeumbam
1105 3462 1121 3496 a
1134 3447 1234 3510 Kutllay

118 3555 151 3590 cs.
164 3543 231 3592 lban.
244 3541 341 3592 Kozu:
361 3541 486 3606 Taganyi
500 3541 534 3590 K.

592 3703 751 3713 ---.-—-—-

640 3887 712 3949 184.

122 4031 206 4096 1325.
214 4033 271 4118 jol.
283 4035 334 4096 17.
346 4031 468 4098 chski
477 4031 608 4096 Sumtur-
618 4029 806 4115 orszo'pdiro'
816 4053 837 4092 a
847 4027 957 4094 Garui
966 4027 1102 4090 Audacia
1113 4025 1235 4088 re'szc‘re

120 4143 225 4203 tirte'ut
242 4141 456 4205 naorooztulcis
466 4139 704 4218 desudaretur,
717 4137 842 4202 stataet
853 4136 1006 4201 Pe'terueie
1018 4133 1149 4220 Bodrop
1160 4139 1235 4198 'urir-

270 4251 392 4334 mcppei
408 4249 501 4334 eppid·
518 4248 658 4312 ttrrotrtt
675 4245 925 4330 rreeqbecsr'tdtetui
944 4244 1074 4308 reudeli.

217 4408 285 4474 Nos
304 4431 410 4475 comes
429 4406 617 4473 Alexander
633 4405 729 4498 iudex
755 4405 843 4471 curie
869 4404 988 4469 domini
1015 4403 1098 4487 regis
1124 4403 1237 4468 damus

124 4535 174 4594 pro
189 4520 347 4601 memoria,
364 4516 452 4600 quod
468 4517 623 4600 magister
648 4514 799 4579 Andreas
825 4513 864 4576 de
890 4510 981 4578 Gara
1007 4513 1040 4575 in
1066 4511 1237 4593 quindenis

124 4619 301 4692 Nativitatis
317 4625 406 4692 beuti
422 4623 447 4690 J
449 4625 585 4692 ohannis
606 4623 755 4710 Baptiste
773 4621 813 4688 ad
840 4628 983 4687 nostrum
1008 4625 1123 4687 contra
1139 4621 1238 4705 mugi·
