3112 5466
702 465 890 518 aaroo’nom
907 455 1122 518 osnrlnr'rla.

878 853 952 916 213.

346 1013 434 1074 1325
449 1013 552 1077 ledrr'll.
572 1014 832 1098 ellepis-Saetaba
848 1021 944 1079 miros
960 1015 1071 1100 dirriy'a
1082 1017 1114 1079 e's
1131 1019 1268 1080 ter-radoan
1285 1041 1339 1100 epp
1355 1017 1451 1079 naalon

342 1119 502 1206 dolprr'lmo
519 1145 565 1185 err
582 1124 838 1208 rrnpy-szoralmlr‘
849 1124 1005 1189 Klio-issa
1021 1124 1132 1188 aalizrlc
1148 1123 1316 1188 e'rdelcdben
1328 1123 1452 1186 Eraselet

665 1231 874 1316 lcirrr'lyae'lroz
890 1232 1038 1294 ledrelaret
1058 1234 1152 1296 iate'z.

450 1389 659 1456 Serenissirne
685 1393 822 1476 principi
839 1414 878 1457 ac
894 1413 1004 1457 eorum
1030 1390 1159 1458 domine
1184 1392 1328 1476 graciose
1343 1391 1452 1456 domine

341 1496 512 1565 Elisabeth
529 1501 639 1582 regine
654 1498 834 1582 Hungarie‚
850 1499 1048 1566 Konusclms
1064 1500 1170 1582 iudex,
1180 1501 1279 1566 iurati
1296 1521 1332 1564 ac
1348 1501 1452 1564 unirer·

342 1606 421 1669 sitas
453 1607 568 1670 civium
600 1607 639 1672 do
671 1608 781 1692 Tyrna
812 1631 846 1672 se
872 1630 995 1692 suraque
1021 1609 1187 1674 adomnia
1211 1609 1407 1692 beneplacita
1426 1613 1450 1670 et

341 1712 504 1778 mandata.
537 1715 655 1782 Vestro
688 1716 855 1780 serenitati
881 1716 1030 1781 duximus
1056 1722 1168 1782 tenore
1192 1716 1389 1800 presencium
1410 1714 1450 1778 de·

342 1820 539 1904 clarandnrn,
565 1824 652 1905 quod
677 1824 898 1889 molendinum
915 1826 948 1888 in
964 1825 1113 1906 Bogania
1138 1826 1236 1890 situm
1262 1823 1349 1908 quod
1364 1843 1449 1887 comes

340 1929 461 1996 Petrus
487 1931 572 1996 lilius
599 1931 711 1996 Menul
728 1934 780 2016 pic
796 1933 1032 1998 recordacionis
1048 1933 1205 1999 violencia
1220 1955 1280 1997 sua
1304 1933 1448 2013 hucusque

340 2037 455 2102 habuit
482 2043 514 2102 et
538 2044 709 2122 potestate,
743 2039 826 2104 illud
860 2040 1028 2104 dimidium
1054 2041 1119 2104 sive
1145 2040 1207 2104 due
1232 2046 1304 2104 rote
1329 2037 1448 2103 eiusdem

341 2146 517 2211 molendini
542 2147 583 2212 ab
600 2147 678 2212 olim
695 2147 736 2212 ad
754 2148 1015 2213 sanctimoniales
1039 2147 1163 2214 ordinis
1188 2153 1299 2212 sancte
1316 2146 1403 2213 Clare
1423 2145 1447 2208 in

341 2255 471 2320 civitate
480 2254 629 2319 Tirnensi
639 2255 826 2320 habitantes
836 2257 906 2320 inre
917 2257 1113 2322 hereditario
1124 2254 1388 2340 spectabat,quod
1398 2275 1448 2318 om·

339 2363 434 2427 nibus
450 2363 654 2428 imdemniter
665 2363 757 2429 nobis
775 2363 927 2430 divitibus
938 2365 1178 2449 otpauperibns
1189 2365 1447 2438 estmairilestrrn13

339 2493 411 2535 carm
442 2471 543 2554 igitur
574 2475 755 2538 claustram
790 2478 962 2540 eorundem
995 2477 1294 2540 sanctimonialium
1330 2473 1447 2538 letoldo·
1535 2553 1536 2556 Ἴ

338 2606 477 2647 errrorem
499 2586 643 2648 erramina
658 2597 750 2670 porte
767 2587 923 2664 civitatis,
940 2587 1021 2670 prole
1038 2586 1138 2664 dolor,
1150 2585 1360 2647 incineratum
1378 2582 1412 2643 sil
1426 2588 1446 2639 rt

340 2701 494 2772 maistam,
504 2695 645 2755 vestram
656 2691 834 2773 reginalem
850 2693 994 2775 graciam
1011 2713 1108 2775 quarn
1118 2689 1211 2756 nobie
1228 2711 1387 2773 nunquam
1400 2685 1445 2750 sci·

339 2817 410 2859 mus
434 2796 573 2862 defuisse
599 2819 657 2881 pro
683 2799 802 2863 eisdem
827 2799 1006 2880 rogitamus
1032 2805 1193 2883 quatenus
1218 2798 1354 2862 materia
1376 2799 1445 2859 mota

339 2925 434 2986 super
461 2906 588 2970 easdem
613 2907 733 2972 eisdem
759 2905 965 2972 medietatem
991 2906 1168 2972 molendini
1193 2927 1249 2971 seu
1275 2905 1353 2970 duas
1374 2907 1445 2967 rotas

339 3011 478 3075 eiusdem
504 3015 602 3078 vestri
628 3017 738 3096 gracia
763 3015 846 3079 sicut
871 3015 949 3080 olim
973 3015 1168 3080 hereditarie
1194 3012 1394 3097 possidebant
1414 3008 1445 3074 ad

338 3119 424 3201 ipsas
440 3119 636 3186 hereditarie
651 3123 814 3205 pertinere
831 3122 936 3187 velitis
962 3129 996 3188 et
1019 3121 1152 3204 devolvi,
1177 3143 1237 3204 pro
1269 3143 1331 3204 quo
1354 3117 1444 3183 eedem

338 3228 598 3293 sanctimoniales
632 3251 691 3312 pro
726 3229 830 3294 salute
865 3229 986 3294 domini
1019 3229 1122 3294 nostri
1155 3228 1275 3293 Karoli
1313 3227 1392 3308 regis
1419 3229 1444 3286 et
1532 3303 1533 3310 ἵ

338 3341 445 3400 vestra
476 3335 571 3400 deum
603 3337 744 3402 orabunt
777 3359 835 3420 pro
868 3360 931 3422 quo
966 3339 1068 3403 eciam
1098 3336 1189 3401 vobis
1219 3340 1367 3418 perpetue
1394 3351 1445 3395 ser·

338 3465 468 3509 memus.

447 3605 587 3658 marcam.-
616 3610 792 3661 Serenissime
818 3610 937 3674 principi
964 3610 1074 3661 domine
1099 3625 1146 3660 sne
1172 3609 1295 3673 graciose
1319 3601 1443 3656 Ellzabetlr

337 3696 432 3760 regine
446 3697 588 3763 Hungsrie
601 3703 783 3762 presentetur.

445 3841 516 3891 Zoro
539 3843 632 3906 pecset
653 3846 828 3908 nyomaiva13
852 3844 982 3909 eredetijes
996 3861 1027 3894 az
1047 3859 1115 3894 orsz.
1129 3844 1183 3893 lter
1195 3843 1294 3893 kincst.
1308 3844 1370 3891 oszt.
1381 3838 1442 3886 Mon.

337 3931 421 3994 Tyrn.
437 3936 460 3981 3.
475 3937 518 3982 47.
532 3933 597 3996 dipl.
612 3934 682 3984 lta'r:
705 3938 782 3984 2338.
796 3936 876 3984 Kozli
888 3951 893 3983 :
907 3935 1009 3985 Vincze
1023 3934 1123 3986 Gabor.

823 4187 894 4196 ..u-q..
905 4185 977 4192 ---..⁴
