3130 5470
352 475 393 539 47
398 476 418 538 8
707 488 896 538 nsroononr
912 477 1130 536 onnlsrrln.

772 875 775 884 '
882 873 959 936 413.

354 1037 449 1101 1330.
473 1035 640 1122 Visepro'd,
658 1045 752 1100 mart.
770 1036 821 1100 25.
841 1035 966 1119 Krirolp
982 1034 1095 1119 loira'ly
1111 1033 1185 1096 elon
1197 1032 1361 1114 Ldazlo'fla
1371 1033 1454 1096 Pe'ler

353 1143 504 1228 Rajac'ld
518 1143 618 1207 ne‘lzcu‘
634 1143 739 1207 acidos·
755 1143 942 1227 ledoprinak
968 1133 1136 1206 Acrtdacb
1161 1141 1383 1226 lednpneppcdi
1397 1141 1455 1204 ills

560 1253 662 1336 tb'seqe
678 1249 896 1336 kiele‘qtte'sc're
911 1250 1155 1335 kbteleaettac'pet
1169 1248 1281 1313 vellat.

367 1443 370 1449 ·
462 1410 533 1477 Nos
563 1409 712 1476 Karolus
737 1459 744 1475 .
770 1461 777 1474 .
803 1431 883 1477 rex.
900 1461 907 1476 .
924 1409 1167 1495 significamus.
1184 1459 1191 1475 .
1208 1409 1294 1494 quod
1322 1408 1456 1491 magistro

352 1519 492 1586 Nicolao
509 1519 576 1586 filio
594 1521 719 1586 comitis
736 1517 857 1604 Gylety
874 1521 915 1586 de
930 1519 1059 1604 Posega
1075 1521 1143 1586 vice
1160 1527 1193 1585 et
1217 1520 1341 1584 nomine
1353 1517 1454 1582 nobilis

357 1630 484 1696 domino
500 1627 602 1694 Anna
617 1634 802 1713 nuncupate
817 1627 884 1694 filie
899 1629 1041 1695 Renoldi
1058 1629 1221 1712 quondam
1239 1627 1371 1710 palatini
1384 1626 1455 1690 bone

352 1737 505 1802 memorie
532 1737 788 1802 sanctimonialis
805 1736 845 1801 de
861 1736 977 1825 Insula
992 1736 1157 1820 Leporum
1183 1757 1256 1800 cum
1272 1733 1382 1799 litteris
1396 1754 1458 1816 pro

352 1845 524 1914 curatoriis
542 1845 676 1928 capituli
692 1843 855 1910 Budensis
870 1844 911 1909 ab
928 1866 993 1910 una
1008 1851 1112 1929 parte,
1122 1845 1280 1927 magistro
1295 1841 1386 1907 Petro
1400 1837 1457 1904 filio

351 1951 499 2018 Ladislai
515 1973 554 2017 ex
570 1953 676 2018 altera
702 1971 811 2016 coram
835 1951 928 2017 nobis
953 1952 1170 2036 personaliter
1195 1950 1371 2017 constitutis
1385 1948 1458 2011 iden

352 2061 507 2144 magister
521 2059 642 2126 Petrus
675 2058 840 2126 confessus
872 2065 922 2124 est
938 2110 944 2123 .
961 2111 968 2125 .
985 2065 1023 2124 ut
1047 2061 1184 2143 triginta
1215 2065 1335 2143 septem
1349 2075 1457 2120 marcas

354 2167 473 2252 quibus
502 2169 537 2233 in
552 2167 682 2234 residua
699 2189 824 2232 summa
849 2167 986 2252 pecunie
1012 2167 1116 2233 eidem
1141 2166 1244 2233 nobili
1269 2166 1388 2232 domine
1410 2183 1459 2246 pro

353 2282 472 2360 quarta
488 2276 549 2341 sibi
565 2276 767 2359 provenienti
783 2274 894 2340 debita
910 2276 1034 2341 solvere
1055 2282 1221 2342 teneretur
1237 2275 1271 2338 in
1295 2273 1391 2339 tribus
1405 2279 1459 2335 ter-

351 2385 447 2450 minis
465 2405 550 2450 anno
560 2383 871 2469 presenti,videlicet
887 2384 921 2449 in
937 2385 1059 2449 octavis
1070 2383 1144 2448 lesti
1154 2383 1460 2448 Penthecostesnnnc

351 2495 497 2559 venturis
512 2513 627 2558 novem
658 2513 783 2558 marcas
801 2497 846 2581 et·
859 2491 1016 2558 fertonem
1042 2497 1076 2557 et
1101 2493 1134 2556 in
1160 2493 1282 2556 octavis
1306 2489 1385 2554 beati
1399 2486 1459 2570 My·

353 2602 473 2668 chaelis
489 2601 677 2683 archangeli
695 2601 845 2666 similiter
861 2621 947 2665 nunc
964 2601 1107 2665 venturis
1125 2599 1236 2664 eodem
1253 2598 1345 2664 modo
1361 2617 1456 2661 norem

352 2731 479 2776 marcas
495 2715 528 2774 et
543 2709 702 2774 fertonem
718 2709 796 2774 item
812 2709 847 2773 in
862 2709 984 2774 octavis
994 2707 1093 2773 medii
1111 2705 1362 2791 (quadragesime
1377 2703 1457 2770 simili

353 2819 449 2885 modo
467 2825 702 2904 consequenter
718 2816 868 2884 affuturis
884 2818 996 2883 decem
1012 2824 1046 2883 et
1061 2823 1135 2885 octo
1149 2838 1274 2883 marcas
1291 2838 1360 2881 cum
1383 2813 1458 2878 dimi-

353 2929 407 2994 dia
423 2929 604 3012 quamlibet
621 2929 817 2996 solucionem
847 2927 881 2991 in
912 2926 1049 3009 promtis
1075 2926 1215 2991 denariis
1240 2924 1282 2989 ad
1299 2927 1461 3006 compotum

353 3035 537 3102 Budensem
555 3036 679 3102 solvere
689 3035 853 3102 tenebitur
869 3034 998 3099 domine
1014 3031 1113 3098 Anne
1123 3034 1225 3100 sorori
1235 3053 1292 3098 sne
1302 3033 1460 3116 prenotate,

355 3144 504 3228 obligans
521 3166 554 3210 se
572 3146 599 3209 si
625 3167 721 3229 quem
746 3145 890 3228 ipsorum
915 3143 1130 3207 terminorum
1155 3142 1342 3207 obmitteret
1365 3141 1396 3204 in
1410 3136 1459 3201 scl-

355 3253 458 3318 vendo
474 3253 611 3336 triginta
626 3273 753 3318 marcas
769 3253 802 3317 in
819 3238 949 3335 promta
964 3253 1102 3336 pecunia
1127 3257 1203 3317 ante
1219 3251 1288 3314 litis
1303 3250 1460 3332 ingressum

354 3363 535 3426 soluturum
552 3361 812 3446 quandocunque
823 3367 973 3446 protacta
989 3360 1120 3427 domina
1137 3365 1251 3425 contra
1267 3358 1398 3424 eundem
1410 3375 1461 3419 ma-

355 3470 494 3553 gistrum
509 3469 645 3534 Petrum
661 3471 792 3535 racione
810 3469 895 3534 dicte
911 3471 1048 3554 pecunie
1064 3469 1201 3551 triginta
1217 3472 1340 3551 septem
1357 3482 1458 3531 marco·

357 3600 429 3643 rum
445 3585 503 3643 ant
519 3577 655 3644 alicuius
670 3579 831 3662 particule
848 3599 887 3642 ex
904 3577 1017 3642 eadem
1033 3598 1131 3660 qnam
1157 3577 1282 3642 solvere
1308 3597 1370 3640 non
1387 3591 1458 3654 curc-

354 3693 406 3750 ret
416 3687 598 3770 quescionis
614 3687 783 3751 materiam
800 3685 913 3751 ordine
928 3687 1100 3751 iudiciario
1116 3687 1278 3751 incitaret
1295 3683 1414 3749 Datum
1428 3679 1453 3741 in

354 3793 564 3879 Wyssegrad‚
582 3795 616 3859 in
642 3794 803 3860 dominica
828 3794 944 3860 Indica
969 3817 1029 3878 me,
1052 3816 1137 3860 anno
1163 3794 1285 3860 domini
1311 3791 1365 3856 Μ0
1379 3783 1458 3855 000⁰

357 3905 531 3968 tricesimo.

465 4064 619 4128 Httlapjan
644 4063 735 4128 pectet
762 4065 941 4130 nyomaivnl3
971 4065 1102 4130 credetije
1128 4081 1161 4114 az
1185 4079 1254 4116 orsz.
1291 4065 1345 4114 ltsir
1385 4063 1461 4111 liunt.

357 4159 424 4205 oszt.
439 4156 471 4205 N.
486 4157 518 4207 R.
534 4157 566 4205 A.
582 4157 644 4205 80³.
660 4158 702 4205 35.
717 4155 783 4218 dipl.
799 4157 870 4207 lt-rir:
896 4159 974 4206 2595.
989 4155 1087 4206 szli:
1111 4155 1212 4204 Vineae
1225 4153 1327 4204 eebor.
