3240 5460
338 409 379 476 74
689 425 875 474 tsixrrouuour
892 411 1108 472 ouuturrln.

335 591 575 674 contingentem
606 609 678 655 cum
710 587 858 654 omnibus
890 587 1088 652 utilitatibus
1120 589 1185 652 suis
1211 635 1218 650 .
1244 636 1251 652 .
1278 587 1463 652 vendidisse

333 697 479 784 predicto
505 697 615 763 comiti
639 693 767 763 Alardo
791 696 886 762 fratri
912 716 969 762 suo
994 695 1034 760 de
1058 717 1215 762 consensu
1230 693 1371 761 fratrum
1387 717 1462 761 suo-

334 805 566 890 1·um‚Nicolai
591 805 749 890 videlicet,
768 803 931 870 Johannis
956 804 1087 890 plebani
1114 803 1154 869 de
1170 825 1270 888 parvo
1286 803 1404 870 horreo
1430 811 1463 870 et

332 913 480 980 Ladislai
504 937 542 980 ac
558 913 739 982 Salomonis
764 912 823 979 filii
848 913 1032 981 Salomonis
1047 914 1160 979 fratris
1177 914 1226 978 sui
1244 962 1251 978 .
1268 963 1275 978 .
1291 933 1349 998 pro
1366 914 1462 996 quin-

333 1025 488 1109 quaginta
513 1024 629 1088 marois
645 1021 702 1087 fini
718 1024 845 1106 argenti
869 1024 965 1109 plene
981 1023 1103 1088 habitis
1120 1028 1152 1088 et
1167 1023 1331 1108 perceptis
1347 1021 1390 1086 ab
1410 1043 1463 1087 eo-

332 1131 406 1196 dem
430 1133 499 1197 iure
523 1135 728 1216 perpetue..
746 1131 892 1216 obligans
918 1153 952 1196 se
977 1131 1063 1197 idem
1088 1129 1236 1196 Michael
1252 1130 1293 1194 ab
1310 1131 1462 1195 omnibus

331 1262 483 1324 processu
493 1246 673 1323 temporum
684 1237 820 1303 eundem
836 1239 986 1304 comitem
1002 1234 1169 1304 Alardum
1187 1243 1220 1303 et
1235 1237 1369 1302 heredes
1385 1259 1463 1303 suos

331 1349 461 1413 racione
485 1347 570 1413 dicte
587 1353 701 1431 quarte
717 1347 820 1430 partis
837 1353 924 1412 terre
940 1368 997 1412 seu
1012 1347 1223 1431 possessionis
1238 1346 1461 1432 Rengurkyrh

332 1461 516 1540 nuncupate
526 1455 630 1520 eidem
640 1455 749 1519 comiti
764 1451 892 1519 Alardo
909 1476 967 1538 per
982 1455 1089 1539 ipsum
1104 1453 1233 1520 vendite
1249 1456 1408 1539 impetere
1425 1505 1433 1520 .
1452 1506 1459 1520 .

332 1563 514 1628 volentibus
533 1583 591 1646 per
614 1561 722 1627 omnia
747 1561 899 1646 expedire
925 1567 957 1626 et
983 1562 1016 1626 in
1041 1561 1178 1646 pacifica
1193 1565 1394 1648 possessione
1412 1565 1461 1630 di·

333 1673 384 1736 cte
400 1675 514 1752 quarte
524 1669 627 1753 partis
637 1673 723 1732 terre
733 1666 951 1753 Rengurkyrh
971 1667 1107 1734 eundem
1128 1671 1278 1735 comitem
1294 1668 1462 1738 Alardmn

331 1777 567 1844 fratremsuum
577 1775 734 1842 indefesse
745 1797 934 1843 conservare
950 1825 957 1841 .
975 1827 981 1841 .
998 1775 1123 1842 Datum
1139 1778 1173 1841 in
1183 1777 1267 1844 festo
1283 1776 1460 1846 Ascensio·

332 1887 383 1952 nis
393 1885 522 1968 domini,
543 1906 627 1950 anno
645 1885 788 1950 eiusdem
798 1882 975 1950 Millesimo
985 1887 1213 1952 trecentesimo
1229 1889 1379 1954 vicesimo
1395 1895 1465 1954 tar-

333 1995 390 2076 cio,
406 1992 544 2059 Nicolao
564 1994 738 2079 preposito,
754 1991 875 2058 Sancto
892 1998 1033 2078 cantore,
1059 1993 1186 2060 Thema
1202 1997 1343 2080 custode,
1360 1994 1463 2062 Adri-

332 2122 393 2166 ano
410 2100 637 2167 archidiaconc
654 2101 693 2166 de
708 2100 804 2186 Kyra
821 2100 943 2167 decano
960 2103 1093 2166 ecclesie
1110 2107 1220 2170 nostre
1237 2105 1463 2172 existentibus

437 2249 515 2298 Piros
538 2249 770 2312 selyemszalakon
793 2248 878 2313 saggo
899 2246 1037 2311 pecsdttel.
1056 2249 1210 2301 Kivouatdt
1231 2248 1311 2298 hibsts
1325 2251 1463 2302 nevekkel

332 2337 406 2390 kozli
415 2339 512 2400 Faber,
525 2339 561 2391 id.
572 2355 607 2388 m.
618 2339 695 2389 VIII.
704 2342 727 2389 6.
743 2343 784 2388 68.
798 2339 815 2389 l.
830 2337 969 2403 Eredetije
982 2354 1015 2388 az
1026 2353 1094 2389 orez.
1108 2337 1164 2389 ltar
1177 2339 1275 2389 kincst.
1290 2345 1355 2390 oszt.
1367 2341 1463 2406 Nagy·

333 2429 437 2480 Szeben
457 2428 514 2479 9-ilr
528 2429 613 2478 szelrr.
628 2433 670 2478 41.
685 2429 715 2479 B.
726 2427 792 2492 dipl.
806 2428 879 2480 ltdr:
894 2431 972 2478 2164.
983 2429 1016 2478 V.
1031 2432 1082 2478 da
1097 2428 1211 2479 sontebb
1227 2433 1268 2479 54.
1282 2445 1318 2481 sz.
1329 2446 1352 2480 a.
1365 2432 1463 2482 kozolt

331 2519 580 2572 oki1·attal.l(dzli:
594 2520 695 2570 Vincze
710 2519 809 2569 Gabor.

868 2793 919 2854 67.

334 2938 428 3000 1323.
446 2937 550 3016 Helio,
567 2939 674 3019 mrijus
702 2937 751 2999 16.
782 2933 945 2999 ibimet-esi
968 2932 1100 3000 Con-nid
1115 2936 1168 3020 fia
1188 2935 1320 3015 Milatos,
1338 2935 1461 3022 eprsfdt

331 3045 463 3109 riratnrot
474 3047 574 3130 oejdre
593 3044 702 3108 Heron
719 3067 822 3108 comcs
830 3043 926 3126 fidius
942 3044 1103 3108 illilclo‘arn
1120 3046 1294 3130 orokjopon
1311 3043 1461 3108 dtrubriz.

435 3184 506 3252 Nos
522 3208 626 3253 comes
641 3185 797 3252 Nicotaus
813 3185 899 3250 filius
924 3185 1050 3250 comitis
1067 3182 1211 3250 Conradi
1229 3183 1269 3248 de
1287 3183 1463 3250 Tbelmats

329 3293 548 3378 significamus
564 3345 570 3359 .
588 3344 594 3360 .
613 3295 698 3378 quod
709 3317 768 3360 nos
777 3293 913 3378 provida
929 3293 1169 3358 deliberacione
1185 3313 1225 3358 ac
1240 3297 1370 3357 maturo
1387 3314 1464 3376 pre·

328 3403 426 3466 misso
451 3403 582 3467 consilio
598 3423 716 3485 genero
732 3407 846 3466 nostro
863 3399 1002 3466 Nicolao
1028 3399 1096 3466 filio
1113 3401 1240 3466 comitis
1257 3399 1402 3465 Hezonis
1420 3399 1462 3464 de

328 3509 442 3575 Insula
465 3507 619 3574 Oristiani
644 3509 812 3574 dimidium
827 3517 975 3574 nostrum
991 3509 1210 3575 molendinum
1228 3508 1268 3573 de
1285 3508 1398 3574 eadem
1414 3509 1463 3573 in-

329 3618 670 3700 sula,unamn0st1·am
686 3619 808 3685 curiam
817 3619 954 3683 liberam
972 3624 1005 3683 et
1021 3623 1145 3703 septem
1160 3618 1276 3701 iugera
1291 3618 1463 3682 vinearum

328 3727 361 3790 in
377 3727 461 3790 valle
471 3725 610 3791 Winrici
621 3725 767 3790 dedimus
787 3726 980 3791 contulimus
992 3733 1024 3791 et
1034 3726 1225 3791 donavimus
1236 3725 1269 3788 in
1286 3724 1370 3790 filios
1387 3747 1464 3790 cum

328 3841 441 3900 nostra
456 3833 525 3899 tilia
548 3834 718 3899 habituros
735 3839 768 3898 et
783 3855 848 3898 non
864 3856 937 3898 cum
961 3834 1125 3918 prioribus
1141 3833 1251 3917 pueris
1268 3831 1334 3898 filie
1351 3839 1465 3898 nostre

328 3942 397 4006 iura
408 3941 605 4006 hereditario
615 3941 870 4008 irrevocabiliter
880 3941 1109 4026 possidendum
1121 3967 1127 4024 3
1139 3941 1165 4005 si
1183 3961 1257 4005 vero
1274 3938 1343 4004 filia
1359 3940 1465 4006 disoe-

330 4049 422 4114 deret
447 4048 568 4135 absque
591 4047 710 4112 herede
729 4048 842 4113 habito
867 4071 925 4132 per
944 4047 1118 4114 Nicolaum
1139 4069 1295 4132 generum
1312 4053 1465 4114 nostrum

328 4157 521 4242 predictum,
538 4161 657 4222 extunc
673 4159 768 4222 irrata
788 4169 869 4222 ternu
892 4155 1098 4244 Optiaiensia
1116 4159 1372 4223 corrscetadinem
1388 4179 1465 4240 pre-

329 4266 415 4330 dicte
430 4263 623 4329 hereditatis
641 4262 703 4328 duc
720 4269 831 4349 partes
848 4263 961 4330 cedere
978 4265 1097 4330 debent
1113 4262 1252 4330 Nicolao
1270 4285 1388 4348 genero
1406 4287 1464 4330 no-

330 4380 397 4438 stro
408 4372 578 4458 prelibato.
588 4371 687 4437 Hanc
697 4379 805 4437 autem
816 4379 960 4438 nostram
971 4373 1182 4438 donacionem
1198 4370 1333 4437 fecimus
1351 4393 1465 4438 coram

328 4479 439 4563 probis
463 4479 540 4543 viris
555 4477 732 4544 Henczone
758 4486 791 4544 et
815 4480 991 4564 Henningo
1018 4480 1057 4545 de
1082 4477 1306 4562 Shellenberg,
1331 4478 1465 4545 domino

328 4586 465 4652 Andrea
489 4585 529 4651 de
553 4586 661 4651 insula
676 4586 831 4672 predicta,
853 4587 1027 4654 Chonrudo
1054 4587 1140 4653 dicto
1165 4585 1257 4669 Wos,
1273 4585 1403 4652 Karolo
1422 4587 1465 4655 dc
