3154 5474
617 508 710 569 1331.
727 525 797 572 san.
817 511 844 570 1.
1232 511 1294 572 517

167 685 297 768 scriptis
323 685 541 768 predictorum
567 685 711 752 iudicum
736 685 776 750 ad
801 687 919 750 iustam
945 686 1137 770 peticionem
1153 689 1298 772 ipsorum

166 791 309 859 filiorum
326 792 484 878 Stephani
502 791 634 859 Ohurlra
650 793 726 858 dicti
745 797 776 858 et
793 797 945 878 nepotum
964 795 1103 860 eiusdem
1120 799 1297 863 annuentes

164 901 293 966 easdem
312 951 341 966 ..
367 901 487 966 nostris
498 900 601 966 literis
619 901 716 966 inseri
732 902 863 966 fecimus
880 923 917 966 ac
934 907 1044 968 nostro
1062 904 1168 988 sigillo
1186 911 1296 970 auten·

163 1011 226 1074 lico
261 1009 413 1093 pendenti
445 1011 478 1073 in
504 1010 630 1092 signum
650 1015 841 1094 perpetuum
863 1011 1063 1094 communiri,
1088 1011 1295 1079 addiioientes

160 1119 389 1184 nichilominus
400 1118 485 1184 idem
495 1117 618 1183 nobiles
640 1118 727 1201 qnod
737 1119 798 1202 ipsi
808 1118 848 1184 ad
859 1119 1034 1184 terminum
1044 1121 1295 1188 emanandarnm

159 1227 329 1292 literarum
360 1225 610 1311 privilegialium
642 1226 848 1292 aiudicibus
879 1228 1076 1311 assignatum
1107 1229 1148 1294 ad
1173 1251 1232 1296 nos
1257 1251 1295 1296 ea

159 1337 289 1402 racione
308 1357 374 1402 non
390 1335 565 1401 valuissent
590 1334 743 1400 accedere
769 1336 847 1420 quia
866 1336 1049 1420 specialiter
1065 1337 1237 1404 militaturi
1260 1341 1294 1404 in

161 1443 414 1511 subsidium
439 1445 559 1528 regis
583 1443 775 1509 Polonie
808 1466 884 1528 per
908 1444 1127 1511 dominnm
1156 1446 1292 1513 Karo-

159 1555 248 1618 lum
272 1553 341 1618 dci
375 1554 528 1636 gracia
561 1573 707 1634 regem
740 1553 973 1637 Hungarie
1008 1561 1166 1620 contra
1199 1580 1291 1623 crn-

159 1663 330 1728 cileros
354 1665 648 1745 prutenorum
672 1661 910 1746 provincie
939 1683 1030 1726 cum
1058 1662 1166 1729 aliis
1191 1666 1291 1730 rnul-

162 1772 223 1834 lis
273 1769 516 1835 bellicosis
560 1768 757 1834 fuissent
799 1769 1022 1834 destinati
1069 1775 1110 1835 et
1152 1775 1291 1836 trans-

156 1877 290 1943 missi.
324 1877 448 1942 Datum
464 1877 497 1942 in
523 1875 633 1959 vigilia
657 1877 743 1943 beati
762 1874 1142 1962 And1·eapostoli,anno
1168 1879 1291 1946 domini

155 1986 210 2051 ΜΟ
227 1983 329 2052 000⁰
348 1983 487 2050 XXX0.

162 2209 166 2216 ἵ
267 2151 434 2200 Vbr·iis-zitld
456 2150 578 2214 selymen
593 2150 705 2216 tuggon
727 2151 822 2214 peceat
836 2151 1028 2216 titredekeve15
1043 2167 1060 2201 a
1074 2152 1175 2217 hairtya
1189 2153 1291 2218 lelhej-

154 2247 211 2291 tot-t
224 2240 285 2291 also
300 2239 390 2291 szsltn
412 2239 537 2305 egykorir
552 2240 664 2290 trassel:
678 2241 862 2306 Privilegium
875 2242 985 2292 Nicolai
1007 2245 1035 2294 et
1054 2243 1105 2293 filii
1120 2245 1170 2295 stri.
1190 2245 1290 2295 Erede·

153 2332 202 2394 tije
216 2347 234 2382 a
248 2347 290 2396 gr.
306 2331 458 2396 Keglevich
476 2345 512 2380 os.
526 2332 600 2381 lban.
615 2331 694 2381 Kozli
707 2347 712 2381 :
727 2333 809 2396 Pesty
822 2333 945 2397 Frigyes.

680 2751 755 2813 444.

153 2915 333 2996 l33l.jcta.
354 2915 381 2975 l.
411 2913 557 2977 Tinudnr
572 2912 691 2992 florente
710 2909 920 2976 Benedelcnclc
935 2915 989 2996 jin
1014 2914 1135 2978 rlliblo's
1161 2879 1287 2980 Artenia

234 3032 318 3087 ncnil
334 3023 420 3086 ordei
442 3024 583 3105 toreama
600 3019 745 3105 eqqfcdu
761 3021 955 3106 tclcpite'sdrc
974 3024 1136 3110 carpedclqt
1151 3025 1202 3088 od.

261 3182 303 3246 In
335 3183 463 3248 nomine
496 3181 617 3246 domini
651 3202 744 3246 anien
761 3233 791 3247 ..
823 3180 893 3247 Nos
934 3183 1087 3266 magister
1117 3182 1274 3251 Nicolaus

146 3289 238 3355 lilius
271 3289 420 3373 magistri
443 3288 614 3355 Benedicti
645 3287 704 3353 lilii
736 3288 909 3357 Theodrici
930 3341 960 3355 ..
994 3291 1035 3356 ad
1059 3293 1282 3360 universorum

145 3399 307 3464 noticiam
323 3399 526 3464 audieneium
543 3419 582 3464 ae
597 3397 778 3481 legencium
794 3419 924 3484 presens
941 3399 1070 3466 kartula
1087 3401 1282 3486 devolvetur,

145 3506 240 3591 qnod
258 3507 307 3571 vir
323 3529 422 3591 sagax
439 3511 471 3572 et
496 3505 650 3591 providus
675 3507 803 3573 nomine
819 3506 983 3574 Martinus
1009 3511 1111 3575 nostri
1126 3512 1160 3576 in
1185 3513 1283 3576 soler·

144 3617 197 3681 oia
236 3615 434 3681 constitutus
459 3613 622 3700 quandam
647 3613 760 3679 silvam
785 3615 818 3679 in
846 3613 943 3682 llnvio
970 3613 1094 3682 Araniz
1120 3619 1216 3683 sitam
1242 3619 1282 3682 ad

144 3723 375 3790 collocandam
401 3724 521 3790 ibidem
538 3722 648 3788 villam
673 3745 763 3788 more
780 3724 895 3789 civium
921 3725 1061 3790 civitatis
1078 3724 1118 3789 de
1134 3724 1281 3792 Sohithe-

146 3833 208 3898 nik
225 3854 245 3898 a
262 3833 354 3898 nobis
379 3835 449 3898 toto
466 3853 599 3918 precum
624 3833 791 3898 conamine
815 3832 1015 3916 postulavit.
1034 3883 1040 3897 .
1073 3854 1131 3898 nos
1157 3854 1232 3900 vero
1250 3886 1256 3900 .
1275 3887 1280 3900 .

141 3943 185 4008 de
202 3945 316 4008 nostro
333 3945 462 4009 maturo
488 3945 662 4026 nostreque
687 3942 834 4025 coniugis
858 3941 993 4007 consilio
1010 3963 1134 4008 necnon
1151 3942 1190 4007 de
1207 3964 1280 4010 con-

142 4073 245 4118 sensu
262 4055 448 4118 nostrorum
464 4051 620 4117 heredum
646 4050 747 4116 eidem
764 4049 805 4116 ad
822 4049 1046 4117 collocandum
1072 4050 1221 4136 idemque
1238 4054 1278 4119 ad

141 4158 372 4246 populandum
388 4159 573 4226 libertatem
600 4158 639 4223 de
656 4160 743 4225 omni
763 4180 861 4224 censu
877 4158 934 4224 sed
950 4159 1119 4225 exaccione
1135 4161 1176 4225 ad
1191 4183 1280 4228 revo-

140 4269 310 4335 lncionem
326 4268 410 4334 idest
434 4268 475 4334 ad
491 4269 634 4354 spacium
651 4267 895 4351 quatuordecim
914 4288 1074 4333 annornm
1098 4269 1279 4336 relaxantes

140 4378 298 4446 omnibns
322 4376 435 4443 incolis
461 4377 503 4443 ad
528 4379 636 4444 locum
671 4377 794 4442 dictum
825 4375 1027 4442 venientibus
1059 4377 1172 4443 silvam
1205 4401 1279 4446 con·

139 4487 299 4554 cessimus
325 4489 356 4550 et
372 4485 519 4551 dedimus
535 4489 761 4565 memoratam
795 4485 829 4549 in
857 4505 921 4569 qua
947 4484 1025 4550 villa
1049 4484 1172 4568 profixo
1189 4488 1279 4571 plan-

142 4595 246 4661 taton'
264 4613 321 4660 seu
340 4594 526 4678 populatori
552 4597 585 4658 et
610 4593 676 4658 suis
701 4592 874 4657 heredibus
898 4591 1118 4676 heredumque
1146 4615 1276 4660 suorum

139 4703 382 4772 suecessoribus
400 4703 521 4769 curiam
535 4702 696 4788 integram
712 4696 864 4788 [mansum
893 4699 1031 4766 liberum
1056 4700 1274 4770 molendinum
