3154 5474
586 475 679 535 1331.
697 491 765 536 ocr.
784 477 812 536 6.
1203 481 1266 542 555

122 653 308 719 Michaelis
327 653 514 737 archangeli
531 657 719 720 occurrente
736 655 859 720 seilicet
878 661 952 724 ante
969 659 1142 724 terminum
1160 659 1211 724 dic
1222 661 1268 724 ta-

122 787 202 829 rum
231 769 424 831 octavarum
441 760 598 830 Omnium
617 763 812 831 Sanctorum
830 766 940 830 eodem
970 767 1124 850 magistro
1149 767 1265 834 Paulo

123 871 219 938 dicto
235 871 379 958 Magyar
403 873 444 938 ab
470 893 536 938 una
568 877 660 957 parte
692 877 724 936 et
754 872 891 956 prefatis
907 871 1060 940 Jolranne
1086 875 1202 940 clerico
1228 885 1274 941 et·

123 979 274 1046 Nicolao
299 979 375 1046 filiis
392 979 484 1046 Petri
509 979 569 1046 filii
593 980 703 1046 Keled
719 988 812 1065 parte
838 980 879 1046 ab
903 981 1008 1049 altera
1033 1005 1141 1049 coram
1167 984 1259 1050 nohis

121 1091 275 1172 propriis
292 1111 403 1156 eorum
419 1091 453 1154 in
477 1091 623 1174 personis
644 1090 827 1156 constitutis
844 1112 902 1175 per
927 1091 1057 1157 eosdem
1073 1092 1097 1158 J
1100 1094 1260 1159 ohannem

123 1199 288 1264 clericum
314 1205 346 1263 et
362 1195 536 1264 Nicolaum
552 1197 637 1264 filios
655 1199 748 1262 Petri
765 1197 824 1263 filii
848 1198 958 1264 Keled
983 1203 1187 1285 propositum
1212 1224 1264 1267 ex·

123 1307 198 1373 titit
217 1357 250 1372 ..
282 1312 320 1372 ut
350 1309 412 1392 ipsi
443 1306 604 1392 prefatam
643 1309 877 1392 possessionem
907 1307 1038 1374 Adrian
1069 1316 1215 1378 vocatam
1235 1363 1265 1378 ..

123 1437 204 1481 cum
222 1416 373 1482 omnibus
390 1417 455 1482 suis
471 1415 670 1482 utilitatibus
688 1467 719 1483 ..
753 1416 812 1482 sub
838 1415 958 1482 eisdem
983 1419 1078 1483 metis
1105 1421 1206 1504 signis
1232 1428 1264 1486 et

124 1524 282 1590 terminis
299 1524 417 1608 quibus
432 1545 490 1609 per
507 1525 631 1608 priores
656 1545 859 1609 possessores
886 1547 960 1592 suos
978 1525 1088 1592 habita
1105 1530 1215 1594 extitit
1231 1537 1264 1595 et

123 1653 281 1719 possessa
298 1632 402 1698 eidem
415 1634 571 1716 magistro
588 1632 694 1699 Paulo
711 1633 797 1700 dicto
814 1633 990 1719 Magyar..
1014 1637 1262 1722 reliquissent..

124 1746 291 1826 perpetuo
309 1744 342 1806 et
364 1741 619 1808 irrevocabiliter
646 1741 917 1826 possidendam..
948 1743 1056 1809 adhuc
1082 1745 1180 1810 iidem
1205 1745 1263 1811 filii

124 1851 225 1916 Petri
253 1853 473 1915 assumserunt
497 1856 535 1916 ut
569 1851 719 1915 universa
754 1851 972 1918 instrumenta
1002 1853 1036 1918 in
1067 1852 1152 1919 iacto
1179 1855 1263 1920 dicte

123 1959 345 2044 possessionis
379 1955 510 2025 Adrian
541 1963 653 2026 vocate
684 1959 831 2026 confecta
870 1962 904 2027 in
945 1961 1066 2028 octavis
1108 1961 1263 2030 Omnium

124 2067 329 2134 Sanctorum
344 2069 490 2152 proxime
506 2069 650 2134 venturis
666 2069 700 2133 in
716 2089 831 2136 manns
849 2069 989 2135 eiusdem
1000 2073 1149 2156 magistri
1164 2073 1261 2139 Pauli

125 2178 212 2243 dicti
228 2175 371 2264 Magyar
382 2178 587 2263 assignarent
604 2180 816 2246 corumnobis
827 2229 851 2246 ..
868 2179 992 2245 Datum
1009 2181 1042 2246 in
1059 2180 1261 2267 Wissegrad,

125 2287 273 2354 sabbato
303 2287 451 2372 proximo
479 2291 555 2354 ante
587 2293 716 2354 octavas
750 2288 840 2354 beati
876 2286 1048 2355 Michaelis
1074 2291 1262 2377 archangeli

124 2399 320 2482 prenotatas
336 2418 421 2462 anno
438 2395 561 2463 domini
576 2396 631 2462 Μ0
648 2394 750 2465 0000
765 2395 898 2463 XXX⁰
913 2399 1028 2483 primo.

241 2562 263 2615 l.
278 2561 361 2626 Lajos
376 2562 468 2627 kirtly
484 2563 622 2612 raso-ban
646 2566 729 2614 mart.
745 2561 825 2612 rs-en
839 2564 898 2613 kelt
924 2562 951 2612 es
971 2561 1105 2614 Erzsdbet
1130 2562 1260 2626 kirtlyne

125 2653 390 2704 altallelmutatott
412 2652 573 2716 atirutahtl,
595 2653 727 2717 melynelr
748 2653 880 2717 eredetije
906 2668 1024 2718 megvan
1051 2669 1082 2703 az
1108 2668 1178 2703 orsz.
1202 2653 1262 2702 ltar

124 2745 233 2796 kincst.
257 2747 325 2794 oszt.
345 2743 419 2794 Mon.
442 2743 504 2794 Vel.
527 2743 596 2793 Bud.
612 2747 653 2794 28.
669 2747 710 2794 20.
726 2743 793 2808 dipl.
808 2742 879 2794 ltetr:
895 2747 973 2795 2689.
988 2743 1086 2795 anli:
1102 2743 1210 2794 Kovacs
1225 2744 1258 2792 N.

605 3185 609 3193 Α
661 3160 736 3223 476.

126 3327 227 3390 1331.
252 3319 419 3410 Visegrrid,
436 3335 492 3388 oct.
518 3325 547 3388 6.
576 3323 602 3386 I.
629 3323 754 3408 Kriroly
769 3323 883 3408 hirritu
900 3319 996 3388 Caelii
1015 3337 1097 3392 saeuit
1123 3327 1260 3391 hirtulei

127 3433 263 3518 Zotfflud
275 3432 890 3519 111111119901111011111111αή1Μάνίοηηαῖῡ
902 3435 934 3496 e's
945 3435 1118 3499 trirsoimrlc
1130 3436 1260 3499 oriamur-

126 3548 289 3628 npozucin,
306 3567 327 3606 a
342 3542 478 3626 adprribi
494 3541 722 3626 bciptolaanols
733 3566 754 3606 a
772 3541 983 3606 beilrtatcisrdt
1001 3543 1086 3606 sarilo
1092 3547 1114 3627 j
1130 3543 1259 3608 lentati

638 3653 750 3737 citirjo.

236 3807 307 3876 Nos
340 3808 487 3877 Karolus
505 3860 534 3876 ..
568 3830 626 3876 rex
643 3859 673 3876 ..
707 3808 948 3894 significamus.
968 3811 1079 3896 .quod
1114 3831 1187 3877 eum
1221 3813 1263 3878 ad

124 3921 329 4004 presenciam
346 3924 455 3986 nostre
472 3921 653 3986 maiestatis
677 3919 856 3985 accedendo
872 3918 1039 3985 Martinus
1056 3923 1088 3985 et
1104 3919 1261 3987 Nicolaus

125 4027 187 4092 filii
214 4027 369 4110 Ladislai,
396 4026 554 4093 Nicolaus
573 4026 765 4092 Dominicus
791 4025 978 4111 Stephanus
996 4033 1028 4092 et
1042 4027 1068 4094 J
1070 4029 1187 4094 acobus
1203 4029 1262 4094 filii

124 4133 242 4201 Abrae
259 4135 319 4201 filii
335 4135 477 4201 eiusdem
493 4134 637 4200 Ladislai
654 4134 765 4201 fideles
782 4137 885 4202 nostri
902 4136 942 4201 de
957 4135 1121 4202 Ralronnlr
1142 4159 1262 4220 sueque

124 4243 294 4310 fidelitatis
314 4245 596 4311 serviciaamultis
607 4245 807 4329 temporibus
823 4246 992 4312 retroactis
1010 4268 1083 4310 cunr
1103 4244 1261 4312 desiderio

126 4371 253 4417 summe
278 4351 444 4420 fidehtatis
468 4355 637 4438 votiveque
664 4353 890 4420 sollicitudinis
917 4353 1090 4437 diligencia
1110 4354 1203 4420 nobis
1230 4361 1262 4420 et

126 4465 238 4526 sancte
255 4481 371 4526 corone
386 4463 473 4546 regie
489 4463 690 4547 temporibus
703 4463 893 4548 opportunis
911 4462 1053 4528 exhibita
1070 4468 1102 4528 et
1117 4465 1262 4546 impensa

126 4571 388 4654 exposuissent..
409 4572 816 4656 quandampossessionem
834 4570 947 4657 Ohehy
964 4577 1110 4638 vocatam
1120 4573 1154 4638 in
1165 4574 1261 4638 comi-

125 4683 201 4744 tatu
226 4669 439 4764 Zagrabiensi
466 4681 656 4747 existentem
681 4679 921 4747 iuxtafiuvium
948 4680 1044 4747 Zawa
1070 4680 1211 4748 sitam..
1243 4704 1262 4751 a
