3152 5472
320 499 384 564 581
670 505 859 558 ausonnonr
874 494 1090 554 onnlnrrln.

319 699 428 744 eoram
454 674 558 757 nobis,
589 693 735 740 asserens
767 669 946 756 predictam
972 668 1183 736 collacionem
1209 673 1351 736 nostram
1373 667 1432 736 iore

320 788 439 852 iustam
465 789 498 848 et
522 781 710 850 modestam.
735 778 861 847 Datum
884 777 918 844 in
933 775 1119 862 Wisegrad,
1143 775 1279 843 sabbato
1303 778 1432 862 proximo

318 899 394 958 ante
434 890 626 958 dominicam
659 885 789 972 Letare,
822 905 907 953 anno
953 884 1074 951 domini
1102 883 1156 951 Μο
1186 881 1288 953 000ο
1317 881 1433 950 XXX⁰

321 997 471 1066 secundo.

428 1159 579 1226 Hsttlapjtn
592 1158 684 1225 peceat
693 1157 898 1222 tarcdtkeive13
912 1157 1041 1223 credetije
1054 1170 1088 1208 az
1100 1170 1171 1208 orsa.
1190 1155 1247 1207 lter
1269 1156 1361 1208 lineet.
1374 1161 1431 1207 oszt.

321 1254 354 1304 N.
367 1252 400 1303 a.
414 1249 448 1304 A.
462 1253 524 1302 955.
539 1253 580 1302 13.
600 1249 667 1315 dipl.
685 1248 758 1300 latr:
773 1252 852 1298 270⁹.
866 1247 961 1300 Kozli:
975 1246 1101 1312 Tagtnyi
1114 1245 1149 1297 K.

809 1481 965 1493 ——n—-un-

854 1737 930 1801 498.

326 1907 420 1968 1332.
440 1899 572 1984 Gdozo'r,
591 1911 684 1966 mart.
710 1903 762 1964 30.
787 1901 894 1967 Jonas
918 1901 1045 1984 pdmiirr‘
1067 1900 1226 1984 fdesperes
1244 1901 1316 1965 elce
1332 1899 1440 1967 Csolto'i

324 2013 420 2076 Deire
436 2011 553 2096 ἰσότιμα
570 2009 682 2074 Κῐάνα
699 2007 826 2094 llilalp
842 2031 942 2072 comes
959 2009 1036 2093 troje,
1044 2008 1162 2094 fe'rje't,
1179 2007 1395 2092 Salfiatl'a'lt
1411 2012 1438 2073 e's

530 2117 736 2203 Beretlcefidt
753 2113 899 2181 Sciadort
920 2115 1116 2202 dppce'dekdd
1134 2117 1247 2202 vollja

431 2275 502 2345 Nos
527 2277 682 2363 magister
712 2274 737 2342 J
739 2276 882 2342 ohannes
907 2275 1155 2344 archidiaconus
1180 2275 1399 2346 Gummiensis
1413 2325 1439 2341 ..

323 2388 548 2456 declaramus..
565 2437 572 2453 .
598 2385 686 2470 quod
701 2386 817 2454 nobilis
834 2385 964 2452 domina
980 2407 1112 2453 consors
1129 2386 1256 2456 comitis
1281 2385 1438 2452 Michaelis

324 2496 384 2566 filii
399 2497 526 2564 Detrici
543 2497 583 2562 dc
599 2493 742 2562 Choltou
759 2493 859 2561 Clara
875 2501 1064 2580 nuncupata
1079 2493 1174 2561 nobis
1197 2496 1232 2560 in
1258 2494 1440 2562 archidiaeo

325 2611 405 2672 natu
429 2611 540 2672 nostro
572 2601 781 2672 Gumuriensi
812 2602 1062 2688 procedentibus
1088 2604 1123 2668 in
1154 2605 1258 2670 nostri
1290 2602 1441 2689 presencia

324 2713 538 2798 personaliter
554 2713 769 2798 componendo
785 2713 819 2777 in
844 2711 992 2778 omnibus
1018 2713 1123 2779 causis
1147 2713 1213 2778 suis
1244 2719 1278 2779 et
1309 2711 1441 2778 articulis

326 2844 438 2888 earnm
464 2828 496 2888 et
527 2803 713 2907 specialiter
747 2843 844 2905 super
882 2821 1094 2906 requisicione
1133 2821 1366 2907 mancipiorum
1393 2842 1441 2887 seu

325 2931 517 2997 ancillarum
535 2952 666 2996 suarum
684 2950 766 3014 quas
781 2929 882 2995 habet
893 2931 943 2994 vel
958 2929 1079 2996 habere
1095 2937 1205 3014 sperat
1221 2939 1335 2998 contra
1358 2955 1441 3018 qnos

325 3061 453 3124 cunque
470 3038 728 3123 quandocunque
748 3043 780 3103 et
796 3038 908 3122 quovis
918 3039 1056 3104 termino
1074 3059 1182 3104 coram
1199 3037 1439 3106 dominonostro

323 3147 563 3232 archiepiscopo
580 3145 795 3230 strigoniensi
810 3147 862 3212 vel
877 3145 996 3212 vicario
1013 3167 1071 3212 suo
1087 3151 1145 3212 aut
1161 3167 1271 3213 coram
1281 3147 1438 3214 nobistam

323 3257 357 3321 in
373 3253 497 3340 agendo
514 3276 613 3340 qnam
628 3255 662 3320 in
679 3252 880 3321 defendendo
896 3253 1060 3339 prefatum
1079 3253 1275 3321 Michaclem
1300 3257 1437 3322 maritum

325 3385 417 3429 suum
434 3384 473 3430 ac
498 3361 640 3429 Paulum
663 3361 766 3428 filium
791 3360 849 3430 sal
875 3371 907 3429 et
931 3359 1158 3429 Alexandrum
1183 3362 1288 3430 filium
1312 3362 1438 3429 Beretkc

323 3471 448 3539 nobiles
464 3471 505 3537 de
526 3471 638 3538 eadem
654 3471 796 3540 Oholtou
821 3471 998 3557 quemlibet
1017 3492 1128 3539 eorum
1152 3471 1185 3536 in
1211 3471 1349 3539 solidum
1373 3492 1437 3538 suos

324 3579 493 3646 constituit
508 3577 669 3665 legitimos
685 3586 911 3666 procuratores
927 3585 1036 3647 ratum
1052 3585 1085 3646 et
1098 3577 1228 3646 firmum
1245 3602 1280 3647 se
1290 3579 1436 3667 spondens

323 3688 509 3755 habituram
528 3687 686 3774 quidquid
701 3709 760 3774 per
776 3687 904 3756 eosdem
921 3693 980 3756 ant
996 3689 1140 3774 aliquem
1155 3690 1300 3774 ipsorum
1324 3709 1435 3775 presen-

323 3797 408 3862 cium
423 3801 643 3881 porrectorem
658 3801 766 3862 actum
788 3795 886 3863 fuerit
910 3797 961 3862 vel
986 3797 1172 3863 ordinatum
1196 3797 1230 3862 in
1256 3798 1321 3863 suis
1346 3795 1436 3862 causis

323 3905 502 3971 antedictis.
518 3903 643 3972 Datum
658 3907 693 3972 in
707 3906 787 3971 villa
803 3902 939 3988 Gumor,
956 3905 1037 3972 feria
1053 3906 1194 3972 secunda
1213 3905 1359 3991 proxima
1372 3911 1435 3990 post

323 4011 517 4079 dominicam
533 4011 662 4098 Latara,
678 4035 764 4080 anno
781 4013 902 4080 domini
917 4013 972 4079 Μ0
987 4010 1088 4080 0000
1104 4009 1237 4080 XXX⁰
1252 4011 1391 4080 secundo.

430 4175 582 4243 Hatlapjdn
597 4177 689 4243 penset
702 4177 879 4242 nycmairal;
898 4177 1031 4244 credetije
1044 4193 1060 4228 a
1072 4178 1106 4229 N.
1125 4180 1342 4232 aneumbana
1360 4177 1434 4228 Hem·

322 4281 377 4334 ray
391 4281 426 4318 cs.
439 4267 513 4318 lban.
