3152 5472
324 496 386 558 588
490 547 497 563 ,
675 507 864 559 asrocnour
880 497 1096 558 onniurria.

321 675 363 738 tis
379 672 492 740 audias
508 693 638 740 causans
655 677 688 740 et
709 671 932 758 appellacione
957 675 1083 738 remota
1108 672 1217 738 debito
1243 671 1304 736 fine
1318 671 1425 737 decidas

324 779 445 846 faciens
461 780 549 864 quod
565 779 744 848 decreveris
763 800 821 864 per
846 800 1014 846 censuram
1039 779 1289 846 ecclesiasticam
1311 781 1426 846 firmiter

323 889 496 954 observari.
527 889 642 954 Testes
673 892 782 954 autem
807 889 864 972 qui
887 885 1009 952 fuerint
1038 888 1206 972 nominati,
1232 889 1258 953 si
1283 908 1314 953 se
1336 889 1426 971 gracia

322 995 395 1062 odio
411 997 462 1062 vel
476 997 591 1063 timore
616 997 845 1079 subtraxerint,
870 1016 1005 1062 censura
1029 995 1126 1061 simili
1141 996 1356 1080 appellacicne
1371 1016 1426 1061 ces·

323 1109 415 1170 sante
432 1105 607 1189 compellas
621 1105 754 1171 veritati
781 1103 1002 1170 testimonium
1017 1103 1195 1187 perhibere
1223 1103 1342 1180 Datum
1362 1099 1428 1168 Ari-

326 1213 429 1295 nione,
440 1219 557 1296 quarto
568 1213 640 1280 idus
651 1210 786 1298 Aprilis,
796 1211 1004 1298 pontificatus
1014 1212 1117 1279 nostri
1127 1231 1213 1277 anno
1229 1211 1428 1278 sextodecimo.

431 1375 473 1426 Az
494 1375 527 1442 ep
540 1376 871 1444 dlombullekdzbnsdges
893 1376 1105 1440 len-madragon
1124 1375 1211 1442 fcgg;
1230 1373 1354 1440 eredetije
1365 1389 1426 1438 meg·

325 1481 379 1516 van
404 1483 436 1516 az
462 1480 531 1516 orez.
554 1468 609 1518 liar
630 1467 730 1518 kincst.
752 1470 819 1518 oszt.
841 1468 916 1520 Mon.
942 1467 1043 1518 Poson.
1067 1469 1109 1516 68.
1132 1469 1176 1517 38.
1199 1464 1267 1530 dipl.
1280 1464 1346 1516 ltair:
1364 1467 1429 1514 rus.

325 1556 423 1625 &5²11ss
435 1555 545 1608 Kovdcs
556 1557 591 1610 N.

810 1729 969 1744 *—

856 1974 929 2038 502.

329 2138 424 2201 1332.
458 2137 598 2222 Vizsoly,
621 2137 713 2222 april
739 2137 791 2200 13.
822 2135 952 2222 Drapct
986 2136 1106 2202 Vilmos
1132 2136 1279 2221 oldierijc
1305 2129 1435 2200 Caelrceli

330 2245 512 2312 Ldszldnolc
537 2245 688 2328 Lulco'csfl
712 2244 840 2309 Lclcdcs
866 2243 960 2309 elleui
984 2245 1141 2330 oszto‘lpcs
1168 2243 1305 2331 iipye'beu
1328 2240 1434 2305 beloca-

823 2355 888 2417 ta'st
903 2353 955 2417 ad.

435 2510 506 2580 Nos
530 2534 634 2580 comes
658 2510 816 2580 Nicolaus
841 2513 1006 2579 viceiudex
1029 2514 1179 2597 magistri
1199 2510 1368 2596 Wyllermi
1389 2506 1435 2574 da·

328 2643 400 2690 mus
415 2642 474 2706 pro
490 2621 654 2705 memoria,
671 2620 759 2704 quod
775 2642 848 2687 cum
864 2621 1039 2688 secundnm
1056 2622 1293 2688 continenciam
1307 2618 1435 2702 priorum

327 2733 512 2797 litterarum
527 2736 710 2796 nostrarum
725 2730 963 2797 memorialium
977 2729 1150 2796 Ladislaus
1174 2729 1262 2794 filius
1284 2722 1437 2794 Benedicti

328 2840 368 2906 de
387 2839 536 2924 Cythnek
553 2840 585 2904 in
603 2843 717 2905 octava
733 2839 797 2904 diei
812 2839 910 2904 medii
936 2835 1191 2922 Quadragesime
1217 2843 1327 2904 contra
1351 2832 1438 2915 magi-

328 2953 431 3013 slrnm
447 2946 628 3030 Lukaoium
638 2945 741 3012 filium
750 2945 889 3012 Lulracii
905 2953 1050 3012 actorem
1066 2968 1125 3012 sua
1143 2939 1438 3011 instrumentaexhi·

328 3055 405 3122 bere
421 3054 585 3120 debuisset
611 3076 761 3138 supereo
788 3054 876 3139 quod
891 3076 1028 3140 proavus
1045 3061 1078 3120 et
1095 3075 1173 3120 avus
1184 3053 1356 3119 eiusdema
1378 3069 1439 3133 pro·

329 3183 389 3230 avo
406 3167 439 3228 et
454 3183 513 3229 avo
530 3162 609 3229 dicti
627 3163 775 3246 magistri
791 3161 918 3228 Lnkaci
933 3163 967 3228 in
989 3163 1245 3247 possessionibus
1271 3160 1440 3226 divisionem

329 3269 513 3354 habuisset,
550 3269 620 3356 ipso
655 3271 793 3336 termino
833 3271 1023 3336 adveniente
1061 3272 1139 3336 licet
1169 3269 1255 3336 idem
1285 3265 1440 3334 Ladislans

330 3379 545 3462 personaliter
576 3379 794 3462 comparuerit
835 3383 945 3444 tamen
974 3379 1123 3464 predicta
1152 3401 1212 3444 sua
1242 3377 1440 3444 instrumenta

330 3507 396 3552 non
412 3485 558 3552 exhibuit
573 3486 683 3552 dicens
702 3487 744 3552 ad
759 3507 892 3572 presens
908 3487 995 3572 apud
1011 3509 1044 3554 se
1060 3509 1123 3554 non
1138 3487 1269 3569 habere,
1285 3501 1441 3571 superque

332 3595 519 3660 admisimus
550 3593 638 3678 quod
653 3595 687 3660 in
704 3597 827 3661 octavis
842 3595 917 3661 sesti
940 3595 1198 3662 Penthecosthes
1216 3616 1303 3660 nunc
1317 3589 1442 3657 venturis

331 3701 460 3787 prelata
476 3724 535 3768 sua
549 3703 764 3772 instrumente
780 3701 947 3769 exhibebit
966 3724 1040 3768 cum
1064 3703 1185 3768 iudicio
1210 3702 1310 3768 trium
1335 3717 1441 3763 marca·

331 3833 403 3876 rum
428 3831 536 3877 coram
560 3809 655 3876 nobis
680 3813 794 3876 contra
818 3811 1009 3894 magistrum
1035 3810 1218 3876 Lulracium
1243 3810 1442 3893 prenotatam.

333 3919 457 3985 Datum
473 3918 508 3982 in
522 3915 628 4002 Wysl,
645 3939 730 3984 nono
747 3918 799 3984 die
816 3919 945 3984 termini
959 3921 1132 4004 prenotati,
1157 3939 1243 3984 anno
1269 3913 1383 3982 domini
1397 3909 1441 3975 hlu

332 4025 434 4095 0000
449 4023 580 4092 XXX⁰
594 4024 743 4092 secundo.

439 4190 569 4240 zarlatau
582 4188 677 4252 pecse't
688 4189 867 4254 nyomaivn13
887 4189 1016 4256 eredetije
1028 4205 1061 4240 az
1075 4205 1144 4241 orsz.
1157 4189 1213 4241 rear
1226 4189 1326 4240 kincst.
1344 4188 1403 4236 esst.
1416 4180 1444 4232 li.

333 4279 365 4332 R.
378 4279 412 4330 A.
429 4285 506 4332 1535.
521 4282 563 4330 54.
577 4275 644 4342 dipl.
658 4279 731 4330 lta'sr:
746 4281 825 4332 2716.
839 4281 937 4332 Kozli:
951 4280 1077 4346 Tagdnyi
1090 4280 1124 4332 K.

816 4563 974 4577 ειη-*νῇ
