3112 5466
315 396 377 456 182
671 407 858 454 1110111011
874 394 1090 454 orrutsvntn.

313 579 435 638 terram
450 569 655 656 Episcopalis
671 568 783 635 Karaz
799 573 947 636 vocatam
972 567 1067 636 stibi
1083 569 1170 636 circa
1197 569 1333 634 eundem
1354 569 1425 634 rivu-

313 681 381 746 lum
398 685 473 745 sunt
489 679 551 744 due
567 683 651 771 mete
668 684 780 762 terres,
797 679 831 742 in
846 678 1012 743 vicinitate
1029 684 1116 743 terre
1144 678 1287 744 eiusdem
1311 677 1426 762 Episco-

314 789 398 874 palis
423 787 515 853 vadit
530 788 563 850 in
580 786 693 852 eodem
707 787 812 852 rivulo
829 786 871 852 ad
888 787 988 852 alium
1003 787 1143 851 rivulum
1168 785 1308 852 Hasmal
1323 785 1428 850 dictum

316 903 349 962 et
363 895 410 962 ibi
426 901 502 960 sunt
517 901 584 960 tres
601 899 685 960 mete
702 902 807 960 terres
835 917 972 980 quarum
988 917 1054 960 una
1070 901 1201 980 separat
1217 918 1237 960 a
1252 895 1347 980 plaga
1361 895 1429 960 occi·

317 1005 441 1071 dentali
457 1005 560 1088 ipsam
585 1009 706 1070 terram
730 1005 838 1070 Bolda
857 1025 877 1069 a
895 1005 1094 1088 possessione
1120 1005 1262 1070 eiusdem
1286 1004 1431 1070 Johannis

316 1116 410 1180 iuxta'
428 1113 529 1177 aciem
545 1113 711 1178 cuiusdam
726 1113 894 1178 monticuli
911 1113 975 1178 alia
994 1133 1069 1177 vero
1080 1133 1099 1176 a
1110 1118 1198 1178 terra
1209 1112 1431 1197 Episcopalisa

317 1223 417 1308 plaga
432 1219 636 1285 meridionali
661 1222 763 1286 tercia
787 1243 863 1286 vero
888 1226 975 1286 meta
999 1221 1041 1286 ab
1066 1221 1191 1286 oriente
1217 1222 1303 1287 circa
1325 1225 1431 1286 terram

320 1331 422 1414 ipsius
438 1329 587 1412 magistri
603 1327 744 1413 Nicolai‚
762 1328 881 1396 abhinc
896 1329 999 1394 flectit
1015 1351 1047 1393 ss
1064 1329 1107 1394 ad
1122 1329 1255 1414 plagam
1275 1330 1432 1396 australem

320 1445 353 1503 et
368 1437 460 1502 vadit
475 1436 518 1502 acl
534 1443 632 1521 caput
647 1437 727 1502 dicti
742 1439 838 1503 rivuli
854 1437 985 1503 Boldua
1010 1437 1067 1502 ubi
1087 1443 1163 1502 sunt
1189 1437 1252 1502 due
1276 1442 1358 1502 mete
1381 1442 1433 1500 ter·

320 1569 384 1628 ree,
411 1544 557 1610 exeundo
583 1546 693 1629 itaque
719 1545 759 1610 de
783 1547 855 1630 ipsa
879 1546 963 1612 valle
988 1545 1079 1610 vadit
1103 1545 1146 1610 ad
1171 1545 1332 1629 quandam
1362 1545 1435 1610 viam

322 1655 510 1720 Bolduavta
526 1653 646 1718 dictam
679 1676 741 1737 que
767 1655 872 1720 tendit
889 1676 998 1720 versus
1014 1655 1278 1738 septemtrionem
1296 1657 1327 1720 in
1341 1653 1436 1718 vicini·

322 1767 392 1828 tate
409 1767 493 1827 terre
509 1761 650 1827 eiusdem
665 1762 692 1828 J
692 1763 829 1828 ohannis
846 1770 879 1828 et
895 1763 941 1828 ibi
956 1785 995 1828 ex
1011 1769 1150 1846 utraque
1178 1769 1275 1848 parte
1290 1763 1383 1846 ipsius
1396 1762 1436 1826 vis

324 1874 400 1936 sunt
416 1870 477 1935 due
493 1877 579 1936 mete
596 1877 710 1954 terres,
729 1876 761 1935 et
775 1872 810 1936 in
827 1871 940 1937 eadem
966 1872 1019 1937 via
1045 1871 1150 1937 eundo
1176 1872 1265 1936 venit
1290 1870 1331 1935 ad
1354 1890 1437 1954 quen·

325 1979 401 2044 dam
431 1979 537 2043 lutum
563 1977 619 2044 ubi
645 1985 721 2044 sunt
746 1978 808 2043 dus
833 1986 918 2045 mete
943 1985 1049 2045 terreo
1073 2001 1139 2044 una
1164 1979 1205 2045 ab
1231 1978 1389 2045 occidente
1409 1977 1436 2042 in

324 2086 492 2152 vicinitate
522 2092 609 2151 terre
644 2086 787 2152 eiusdem
817 2086 981 2153 Johannis
1014 2088 1080 2154 alia
1104 2107 1180 2153 vero
1205 2087 1247 2153 ab
1274 2085 1437 2153 orientein

326 2201 415 2261 terra
430 2193 574 2259 eiusdem
596 2197 744 2279 magistri
769 2195 908 2278 Nicolai‚
936 2197 1056 2262 abhinc
1071 2199 1105 2262 in
1122 2196 1236 2261 eadem
1251 2197 1305 2261 via
1319 2216 1372 2280 per
1386 2213 1438 2257 me-

327 2305 416 2369 dium
432 2303 576 2369 ciusdem
593 2305 671 2369 silve
687 2304 777 2370 vadit
793 2327 896 2390 usque
913 2305 956 2371 ad
972 2311 1094 2372 terram
1119 2305 1227 2390 Ratey
1254 2309 1393 2370 vocatam
1413 2305 1439 2364 st

327 2411 374 2478 ibi
389 2413 567 2494 iunguntur
593 2417 678 2478 terre
703 2414 804 2498 ipsius
827 2415 977 2503 magistri
1002 2414 1133 2482 Nicolai
1158 2413 1266 2480 Kubli
1290 2415 1395 2478 vocata
1415 2415 1441 2472 et

330 2521 417 2586 circa
432 2519 568 2586 eandem
592 2521 677 2586 viam
693 2527 769 2587 sunt
785 2522 847 2588 due
862 2529 949 2589 mete
964 2529 1070 2588 terroe
1094 2524 1204 2607 ibique
1220 2523 1441 2589 terminatur..

331 2627 457 2694 Datum
473 2627 662 2694 duodecimo
679 2629 835 2697 kalendas
850 2629 987 2716 Aprilis,
1012 2653 1098 2698 anno
1110 2633 1152 2697 ab
1168 2629 1388 2698 incarnacione
1398 2625 1442 2692 do·

331 2736 411 2801 mini
428 2735 483 2800 M0
499 2733 600 2801 000⁰
609 2735 701 2801 XX⁰
711 2739 833 2821 quinto,
843 2739 1002 2823 religiosis
1011 2741 1089 2806 viris
1104 2741 1207 2806 fratre
1223 2741 1323 2806 Petro
1338 2739 1441 2804 decano

334 2849 367 2910 et
381 2843 484 2909 fratre
499 2843 610 2910 Leone
627 2846 758 2911 custode
784 2847 994 2913 existentibus
1019 2849 1201 2933 ceterisque
1226 2847 1377 2914 fratribus
1390 2864 1443 2910 uua

333 2953 501 3020 nobiscum
516 2954 636 3038 iugiter
652 2954 711 3021 deo
728 2955 962 3023 famulantibus
978 2979 1016 3023 ac
1032 2958 1154 3024 devote.

442 3119 539 3184 saggo
552 3119 670 3185 pecsetje
682 3119 829 3186 bianyzik3
850 3122 979 3188 eredctije
992 3137 1024 3172 az
1043 3138 1111 3173 orsz.
1125 3122 1181 3173 ltstr
1194 3121 1294 3172 trincat.
1308 3123 1370 3171 oszt.
1381 3117 1410 3168 N.
1418 3115 1444 3164 ll.

336 3210 369 3260 A.
386 3214 461 3261 1018.
476 3213 499 3260 4.
515 3209 579 3274 dipl.
594 3213 624 3260 lt.
640 3214 718 3262 2291.
733 3211 828 3262 Kozli:
843 3212 946 3263 Vincze
961 3213 1060 3264 Gabar.

823 3409 981 3418 ———-----

871 3611 942 3674 165.

343 3753 438 3817 1325.
459 3763 552 3817 murt.
571 3752 622 3816 21.
648 3753 678 3815 A
691 3755 889 3837 pecccarccli
908 3767 1039 3820 coissent
1067 3756 1139 3820 elota
1163 3779 1185 3819 c
1211 3752 1448 3832 Sarranaque-s

342 3859 563 3945 rrcvrrzetsripbt'l
579 3860 653 3924 vulo
671 3857 793 3925 Clamo
811 3867 939 3928 testoc're
955 3863 1060 3929 Jriaos
1077 3863 1225 3948 bizoayos
1252 3855 1450 3947 101111εᾶ019ιὶ-

342 3969 405 4032 bou
421 3965 553 4033 Tractul
564 3968 684 4032 Milolo's
690 3971 1050 4056 pozsoaptfotapunnat
1060 3973 1260 4057 kieppozocn,
1271 3993 1342 4033 saca
1351 3961 1451 4031 natta

343 4077 485 4141 thlutno
515 4080 548 4142 c's
578 4076 682 4140 Bitat
722 4089 804 4144 rreott
836 4078 937 4144 Talna
968 4080 1150 4166 odrurcppci
1185 4073 1385 4143 ttrrotottsl
1406 4069 1451 4134 ett-

842 4189 904 4272 9r'ti
929 4189 971 4252 ki.

453 4345 639 4414 Conventus
669 4349 857 4414 monasterii
885 4347 1098 4418 Varadisnsis
1114 4397 1143 4412 ..
1175 4345 1217 4411 ad
1252 4345 1454 4410 universorum

348 4456 502 4522 noticiam
518 4507 525 4522 .
542 4508 548 4522 .
564 4457 710 4523 volumus
725 4459 901 4540 pervenire,
919 4456 1006 4540 quod
1022 4458 1177 4541 magistro
1187 4452 1328 4520 Nicolao
1338 4442 1454 4518 Treutul

350 4559 438 4626 dicto
459 4566 574 4629 comite
593 4565 781 4632 Posoniensi
807 4567 848 4631 ab
874 4587 940 4630 una
963 4569 1058 4649 parte
1083 4569 1117 4630 et
1142 4563 1299 4648 magistro
1323 4558 1454 4625 Johanne
