3240 5460
383 433 426 494 34
737 441 924 492 larensem
940 429 1156 488 ouulsrrla.

381 609 500 674 Dowss
515 608 653 691 palatini
668 606 885 672 mediantibus
900 605 1132 690 procuratoriis
1150 604 1269 670 litteris
1286 603 1432 670 eiusdem
1448 603 1505 668 uni·

382 737 490 782 versos
515 720 751 782 cemmetanecs
771 716 933 798 proximos
958 713 1076 779 fratres
1101 717 1134 778 et
1159 714 1358 797 propinquos
1382 712 1506 778 fecimus

382 826 562 909 prestolari,
578 846 689 889 varum
706 824 784 907 quia
799 823 1042 906 prenominatus
1057 819 1232 887 Ladislaus
1246 820 1333 888 filius
1354 821 1380 887 J
1380 821 1507 887 ohannis

382 953 480 1015 prave
496 953 552 998 suc
569 931 779 1016 cogitacionis
795 928 954 994 desideria
969 930 1004 994 in
1022 934 1145 996 secreto
1171 935 1328 1013 concepta
1352 931 1388 996 in
1411 931 1507 1013 prelu-

383 1040 503 1106 dicium
513 1043 595 1124 regii
605 1041 737 1105 honoris
747 1040 799 1104 cui
809 1039 1031 1123 propriumest
1040 1039 1231 1105 insolencias
1241 1045 1506 1122 transgressorum

382 1149 492 1232 gladio
508 1170 564 1214 sue
581 1147 782 1215 celsitudinis
799 1147 1022 1230 exterminare,
1032 1147 1067 1211 in
1078 1168 1159 1230 opus
1177 1145 1355 1230 producere
1371 1169 1437 1212 non
1454 1167 1506 1211 me·

289 1241 291 1243 ¹
383 1263 544 1323 tuenssua
552 1259 741 1340 importuna
749 1255 887 1320 audacia
897 1275 1012 1320 manus
1022 1273 1097 1320 suas
1107 1255 1150 1320 ad
1159 1256 1316 1339 premissa
1326 1276 1386 1320 sua
1394 1253 1506 1320 malefi-

383 1365 434 1432 cia
450 1365 632 1448 extendere,
643 1361 918 1444 nouformidarat,
928 1383 987 1426 uec
997 1361 1129 1426 tandem
1139 1362 1292 1446 legitimis
1302 1361 1505 1428 citacionibus

381 1472 633 1538 iuhibicionibus
649 1493 688 1537 ac
704 1470 871 1553 condignis
888 1469 1132 1535 evocacionibus
1148 1475 1181 1534 et
1196 1469 1374 1536 iudiciariis
1389 1475 1505 1535 sentcn-

383 1580 512 1645 eliasibi
528 1585 560 1644 et
575 1580 675 1670 ipsius
690 1580 808 1662 spiritu
818 1579 946 1642 exulato
956 1580 1025 1642 rice
1041 1600 1097 1643 sue
1114 1600 1247 1661 persone
1258 1577 1404 1644 Samueli
1418 1578 1505 1642 fratri

381 1707 439 1752 suo
455 1686 551 1753 factis
568 1693 601 1752 et
616 1688 767 1771 impensis
782 1687 850 1772 ipse
867 1692 925 1750 aut
940 1687 1006 1750 iam
1033 1687 1219 1751 nominatus
1234 1686 1338 1751 frater
1353 1708 1430 1752 suus
1446 1706 1506 1769 pre

381 1795 479 1860 missa
495 1816 553 1860 sua
568 1795 728 1860 maleficia
744 1793 915 1859 emendare
931 1793 982 1858 vel
1007 1793 1152 1876 aliquam
1177 1794 1218 1858 (16
1242 1794 1363 1860 eisdem
1388 1801 1506 1878 preter-

381 1903 457 1967 dere
487 1904 649 1968 racionem
680 1908 884 1986 curaverunt,
911 1903 1124 1986 universaque
1155 1903 1406 1986 possessionaria
1436 1901 1506 1966 dicti

380 2010 529 2076 Ladislai
543 2013 695 2096 porcione
711 2013 757 2076 sic
772 2011 931 2093 condigne
947 2009 990 2074 ad
1005 2030 1120 2074 manus
1136 2015 1264 2074 nostras
1279 2011 1466 2075 iudiciarias
1479 2013 1506 2071 et

381 2119 461 2184 dicti
476 2119 593 2184 Dowse
609 2120 747 2202 palatini
763 2119 915 2184 devoluta
930 2119 1022 2182 iuxta
1037 2117 1117 2182 iuris
1142 2119 1342 2201 exigenciam
1368 2123 1400 2183 et
1423 2117 1507 2200 regni

348 2225 352 2233 '
379 2227 551 2312 hungarici
567 2227 871 2311 approbatissimam
899 2225 1160 2290 consuetudinem
1184 2225 1302 2292 fratres
1327 2227 1426 2310 ipsius
1450 2225 1506 2289 La-

381 2335 477 2401 dislai
493 2336 631 2420 proximi
647 2335 821 2419 propinqui
835 2335 933 2400 vicini
949 2339 981 2398 et
998 2335 1210 2400 commetanei
1219 2335 1362 2399 universi
1370 2335 1506 2417 legitime

379 2444 414 2508 in
439 2441 516 2508 foris
541 2442 793 2526 provincialibus
818 2440 862 2506 ad
886 2440 1088 2506 redimendas
1113 2443 1278 2507 universas
1302 2443 1507 2525 possessiones

380 2551 504 2617 dictum
519 2550 712 2616 Ladislaum
729 2549 914 2632 ubicunque
940 2550 1171 2633 contingentes,
1198 2556 1296 2633 prout
1321 2551 1506 2634 superiusiu

379 2658 584 2740 presentibus
599 2663 676 2722 suut
691 2657 817 2740 plenius
833 2662 976 2740 exarata,
993 2658 1187 2740 proclamati
1202 2659 1310 2722 venire
1320 2665 1379 2724 aut
1389 2659 1506 2741 aliquos

380 2787 439 2849 pro
465 2787 498 2830 se
523 2765 686 2829 destinare
710 2785 775 2829 uon
806 2769 972 2846 curarunt,
1004 2765 1125 2830 idcirco
1148 2766 1304 2848 premissa
1334 2767 1505 2848 latrocinia,

381 2873 633 2956 damnarem,
658 2873 793 2938 vulnera
814 2879 847 2937 et
863 2872 988 2938 excidia
1003 2872 1170 2937 hominum
1193 2893 1276 2937 ausu
1292 2875 1461 2938 temerario
1476 2873 1505 2936 in

380 2983 594 3067 preiudicium
610 2984 697 3067 regie
713 2985 892 3048 maiestatis
908 2990 941 3048 et
956 2983 1118 3048 iudicialis
1135 2982 1304 3067 dignitatis
1328 2985 1393 3050 imo
1416 2991 1504 3050 etto

381 3093 449 3158 cius
465 3098 571 3158 status
586 3093 666 3156 iuris
682 3098 715 3156 et
738 3092 865 3157 iusticie
889 3113 947 3175 per
970 3093 1076 3174 ipsum
1101 3091 1293 3156 Ladislaum
1317 3097 1505 3176 perpetrata,

381 3221 421 3264 ne
436 3199 658 3265 huiuscemodi
682 3199 762 3264 dicti
783 3197 932 3263 Ladislai
955 3207 1047 3263 actus
1072 3197 1187 3263 nefarii
1203 3199 1356 3281 cuiquam
1371 3201 1433 3265 iuri
1447 3199 1506 3282 legi

381 3313 414 3373 et
429 3308 574 3373 iudiciali
590 3307 743 3390 dignitati
767 3327 800 3371 se
826 3327 986 3390 opponere
1011 3311 1221 3391 attemptanti
1239 3309 1375 3375 audacie
1390 3315 1506 3392 pertra-

380 3415 503 3480 hantur
517 3417 551 3480 in
568 3415 757 3498 exemplum,
773 3414 894 3497 inpune
909 3415 1089 3498 petransire
1114 3437 1179 3480 uon
1196 3418 1350 3501 valentes,
1375 3438 1506 3482 unacum

380 3523 556 3588 baronibus
572 3529 605 3587 et
620 3523 782 3588 nobilibus
801 3523 893 3606 regni
908 3523 1002 3588 nobis
1017 3545 1075 3606 pro
1093 3523 1250 3590 tribunali
1267 3525 1507 3591 consedentibus

381 3633 547 3697 universas
569 3631 834 3713 possessionarias
860 3631 940 3695 dicti
964 3631 1111 3697 Ladislai
1135 3634 1303 3715 porciones
1328 3633 1462 3698 ubilibet
1475 3632 1507 3693 iu

380 3761 480 3824 regno
511 3737 683 3822 Hungarie
713 3739 819 3821 ipsum
850 3739 1073 3823 contingentes
1098 3740 1249 3806 videlicet
1279 3741 1312 3805 in
1345 3738 1508 3825 Gyungua

381 3849 480 3930 Bene,
497 3846 629 3914 Sadaan
645 3846 728 3910 etin
744 3845 816 3909 aliis
833 3845 1081 3931 quibuscunque
1100 3869 1293 3931 quocunque
1309 3850 1406 3914 titulo
1421 3847 1461 3912 ad
1475 3865 1507 3909 se

381 3954 603 4040 spectantibus
619 3955 738 4019 nedum
754 3977 841 4020 nunc
858 3954 913 4019 sed
929 3955 1035 4021 adhuc
1060 3957 1232 4021 retroactis
1257 3956 1452 4041 temporibus
1465 3954 1507 4016 ri-

382 4071 478 4147 gente
502 4064 657 4147 regimine
682 4063 900 4147 prenominati
925 4062 1046 4127 domini
1070 4059 1204 4129 Andree
1235 4066 1320 4149 regis
1346 4072 1506 4147 tamquam

381 4171 525 4255 legitime
541 4171 734 4236 sentenciati
749 4171 783 4235 in
800 4171 926 4235 duabus
951 4169 1099 4253 partibus
1124 4175 1243 4237 nostris
1269 4173 1417 4239 manibus
1432 4169 1508 4236 iudi-

382 4281 489 4344 ciariis
504 4280 539 4344 in
555 4280 656 4344 tercia
671 4300 747 4344 vero
763 4281 980 4363 prenominati
1005 4279 1117 4344 Douse
1134 4281 1274 4362 palatini
1289 4283 1387 4347 titulo
1403 4297 1507 4365 perpe·

381 4393 438 4451 tue
469 4387 676 4470 possessionis
714 4387 937 4452 adiudicamus
968 4388 1140 4453 iudiciaria
1174 4391 1373 4455 auctoritate
1403 4395 1507 4454 tenore

380 4497 581 4578 presencium
598 4493 819 4562 devolvendas.
845 4497 886 4562 In
910 4497 1002 4562 cuius
1018 4498 1065 4561 rei
1090 4498 1312 4564 testimonium
1336 4497 1380 4562 ad
1404 4513 1508 4580 perpe·

381 4609 474 4667 tuum
489 4623 660 4668 causarum
676 4605 721 4668 sic
739 4605 882 4689 legitime
907 4607 1137 4690 dispositarum
1163 4606 1334 4690 cautelam,
1358 4625 1399 4671 ne
1423 4600 1508 4669 effre-
