3240 5460
582 479 676 542 1323.
693 495 764 543 reu.
782 477 833 543 24.
1232 484 1271 544 77

133 653 211 726 seno
228 679 332 744 usque
349 663 469 722 metam
485 679 548 740 que
564 662 695 741 separat
711 679 731 722 a
748 662 843 742 parte
861 657 1002 742 Ohepus‚
1018 658 1104 724 idem
1120 658 1266 726 Domini-

135 788 192 832 eus
212 765 408 849 antedictus,
433 785 496 849 que
521 766 663 850 pertinet
690 766 790 832 eciam
814 765 857 832 ad
873 771 939 830 tres
959 767 1065 832 curias
1080 773 1157 832 ante
1172 769 1272 834 nomi-

132 881 240 960 natas,
259 895 323 959 que
348 874 512 958 assignate
528 878 604 940 sunt
619 875 777 958 magistre
794 874 976 958 Dominico,
992 874 1040 940 ita
1056 881 1174 960 tamem
1191 877 1271 942 silva

133 1005 227 1066 aqua
252 979 517 1067 communiter,*)
549 980 636 1066 quod
662 983 830 1048 eeclesiam
846 1004 956 1048 eorum
972 984 1006 1047 in
1031 985 1109 1050 villa
1125 982 1272 1051 Chacher

134 1093 243 1156 saneti
253 1087 389 1174 Georgii
399 1091 609 1156 communiter
618 1088 804 1174 habebunt;
823 1091 1273 1175 eciaminprevineiaVywar

135 1200 287 1284 superius
303 1200 389 1264 cirea
404 1198 537 1264 fluvium
561 1197 663 1263 Zvine
689 1205 804 1264 vocata
821 1221 901 1283 quas
917 1201 1134 1285 possessiones
1149 1200 1273 1267 habent

134 1307 286 1392 Radaeh,
302 1307 456 1373 Dobrora
472 1311 605 1372 vocatas
621 1328 702 1392 quas
728 1307 823 1372 modo
847 1307 1021 1391 possident,
1048 1310 1181 1374 terciam
1196 1330 1271 1374 vere

134 1437 201 1500 que
218 1423 354 1482 vocatur
368 1414 636 1481 Karaehateluke
661 1437 759 1500 quam
774 1415 871 1480 mode
888 1437 952 1481 non
968 1417 1145 1500 possident,
1163 1417 1190 1482 si
1205 1438 1272 1482 ma·

134 1525 240 1607 gister
254 1522 446 1589 Dominicus
466 1524 615 1608 aquirere
632 1524 683 1588 vel
707 1524 886 1588 reinvenire
901 1525 1032 1608 peterit,
1047 1523 1182 1589 habebit
1198 1546 1272 1590 cum

133 1633 202 1698 illis
228 1655 329 1717 supra
359 1634 552 1716 nominatis3
568 1632 676 1698 adhuc
710 1655 784 1698 vero
815 1635 1047 1716 possessionem
1072 1633 1134 1702 Vis
1157 1639 1272 1699 vocata

134 1742 288 1808 similiter
303 1741 436 1808 habebit
453 1764 523 1808 eum
550 1741 698 1808 omnibus
724 1741 898 1806 antedictis
923 1743 1100 1826 separatim
1125 1741 1188 1806 fine
1204 1748 1271 1806 tres

133 1851 262 1916 seilicet
288 1852 394 1916 curias
422 1851 684 1916 antenominatas
709 1850 787 1914 villa
812 1846 959 1914 Checher
984 1851 1113 1916 omnino
1138 1848 1272 1916 habebit

134 1959 293 2042 magister
308 1957 466 2024 Nicotaus
483 1957 679 2038 antedictum
695 1958 773 2022 villo
783 1955 900 2043 Voyan
911 1958 1048 2042 omnine,
1059 1957 1187 2024 Sislooh
1206 1979 1271 2022 em-

133 2067 222 2150 nino‚
238 2067 359 2132 Bodun
377 2067 506 2132 omnino
529 2087 601 2131 eum
616 2067 842 2130 instrumentis
868 2086 964 2150 super
987 2067 1021 2130 in
1048 2065 1271 2130 concambium

133 2195 212 2240 oum
226 2173 303 2240 filiis
328 2174 420 2242 Luca
444 2175 570 2258 comite,
585 2173 709 2239 Barkes
724 2174 862 2256 omnine,
890 2175 1065 2257 separatim
1080 2173 1215 2240 habebit
1230 2175 1270 2238 si-

133 2283 259 2350 militer
274 2285 430 2367 magister
454 2282 612 2348 Nicotaus
637 2305 713 2367 sepe
732 2283 918 2348 nominatus
943 2289 1057 2348 eontra
1073 2304 1183 2350 omnes
1199 2304 1271 2366 pos-

133 2393 293 2458 sessiones
320 2413 401 2476 quas
431 2393 664 2476 assignavimus
690 2392 846 2474 magistre
871 2390 1043 2457 Dominieo
1072 2391 1267 2476 supradicte,

132 2501 182 2566 ita
208 2506 246 2566 ut
261 2501 483 2586 unusquisque
508 2521 618 2566 eorum
655 2503 765 2565 tamen
781 2498 917 2565 habebit
932 2519 1034 2582 usque
1051 2497 1161 2564 decem
1177 2500 1270 2564 annis

134 2607 196 2674 tali
214 2608 425 2692 obligaciene,
442 2608 572 2694 quodsi
597 2608 714 2692 aliquis
746 2629 857 2672 eorum
873 2612 948 2672 ante
974 2607 1083 2672 decem
1099 2628 1201 2672 annes
1216 2627 1269 2672 vo·

132 2717 236 2783 luerit
255 2738 406 2783 revocare
425 2717 468 2782 ad
491 2718 633 2802 priorem
650 2715 803 2800 ordinem,
828 2722 907 2780 tune
923 2714 1021 2781 debet
1044 2716 1133 2798 prius
1159 2714 1269 2780 decem

134 2848 265 2892 marcas
280 2828 436 2910 inponere
451 2826 502 2891 vel
519 2825 605 2892 dare.
622 2824 878 2890 Datuminvilla
895 2823 1036 2908 Ohepus,
1052 2825 1087 2888 in
1103 2825 1155 2890 dis
1166 2825 1271 2890 saneti

133 2935 291 3000 Barnobe
307 2934 456 3019 apostoli,
472 2954 557 3000 anno
574 2934 696 3000 domini
711 2933 765 2998 Μ0
781 2930 882 3000 000ο
897 2932 990 3000 XX⁰
1005 2933 1115 2999 tercio.

244 3079 377 3131 Zarleten
389 3080 461 3145 ndgy
473 3079 565 3145 peesdt
577 3079 746 3145 nyemeiva13
760 3079 891 3146 credetije
905 3079 953 3130 ket
965 3079 1140 3145 pdldtnyban
1146 3077 1270 3143 Osiesery

133 3171 221 3224 Antal
235 3173 323 3222 ltban.

624 3293 781 3304 ——n--na

681 3446 730 3508 70.

134 3589 231 3652 1323.
239 3591 316 3673 jen.
335 3587 386 3651 24.
403 3585 434 3651 A
451 3587 617 3653 ezeleea'ri
634 3599 766 3653 eeooeot
783 3585 986 3652 ebdomade
1004 3586 1166 3671 eciderfie
1182 3587 1267 3654 Mtt-

132 3697 182 3760 le'a
214 3697 291 3776 beia,
317 3721 338 3760 e
363 3695 481 3760 Bezeid
505 3697 731 3782 aemzetsdqbdl
760 3697 835 3761 eald
872 3696 979 3761 chaz
994 3697 1093 3778 flcite'l
1116 3697 1269 3762 Jcioeato'l

133 3807 254 3868 ledaea
281 3813 362 3869 nevit
395 3803 458 3868 Vas
477 3807 662 3892 edrmeqpei
687 3805 824 3870 dirtoket
841 3805 1020 3891 mepve've‘o,
1036 3803 1158 3869 Barda·
1187 3815 1268 3870 nevit

203 3909 344 3998 Semepy
360 3914 543 3998 edrmepyei
559 3912 700 3977 bii-totos
720 3937 741 3976 e
757 3913 918 3978 vetelcirra
937 3913 1098 3978 rdadcisetl
1114 3913 1200 3998 edjo.

240 4052 313 4120 Nos
330 4059 507 4120 conventus
532 4056 720 4120 monasterii
744 4055 833 4120 beati
858 4051 999 4120 Adriani
1019 4054 1058 4120 de
1075 4053 1158 4138 Zala
1178 4105 1185 4120 .
1202 4105 1208 4119 .
1226 4055 1266 4119 si-

133 4160 326 4244 gnificamus
352 4211 359 4226 .
385 4162 506 4246 „quod
538 4184 643 4228 eomes
674 4163 867 4228 Dominicus
897 4161 982 4227 filius
1013 4161 1120 4228 Jenee
1148 4163 1267 4227 nobilis

134 4271 175 4335 de
209 4273 367 4336 comitatu
392 4269 578 4356 Simigiensi
602 4271 744 4336 serviens
769 4269 934 4356 magnifici
965 4272 1025 4336 viri
1057 4271 1179 4336 domini
1208 4269 1266 4336 Ni-

134 4379 219 4446 colai
243 4380 321 4447 bani
347 4377 408 4445 filii
433 4377 569 4446 Omodei
595 4381 734 4464 palatini
764 4403 836 4446 eum
861 4381 1128 4464 procuratoribus
1148 4381 1267 4445 litteris

133 4488 322 4571 patentibus
347 4487 548 4554 honorabilis
575 4495 750 4555 conventus
774 4489 963 4555 monasterii
987 4488 1077 4554 beati
1099 4487 1211 4573 Egidii
1228 4487 1267 4554 de

243 4688 268 4750 *)
281 4687 342 4738 Mas
356 4688 489 4750 tentdval,
506 4704 523 4739 a
537 4704 582 4739 sor
595 4687 688 4740 feteat.
