3130 5470
596 419 597 422 ¹
705 449 895 500 1111111111
910 437 1127 500 ouulsrils.

879 691 952 754 348.
1004 712 1005 715 ’

355 815 449 878 1329.
466 837 536 900 apr.
555 817 605 880 10.
623 814 670 880 Aa
686 817 808 904 1111έί11
822 817 984 903 kdptolac
999 841 1036 881 oz
1063 817 1091 883 I.
1117 817 1248 904 Ko'roty
1272 818 1377 904 kirtly
1389 817 1453 882 crat

354 923 489 1008 Popctny
500 923 683 990 1111111111
700 923 1454 1012 111111111111191111111111111111111έό111111

353 1031 482 1098 Kolozs·
499 1033 1028 1122 111111111111111191111111111111
1045 1036 1193 1098 hotdroit
1210 1035 1454 1120 mepjdrotvrtnfi

630 1143 841 1208 heiktntdero‘l
856 1142 1138 1229 dizonyso'pleoelet
1153 1143 1206 1208 ad.

462 1265 650 1354 Capitulum
666 1270 799 1336 ecclesie
819 1267 1060 1336 Transsilranie
1076 1269 1234 1335 universis
1252 1319 1258 1334 .
1275 1319 1282 1334 .
1298 1269 1420 1335 sulutem
1432 1317 1456 1332 ..

355 1378 511 1461 magistro
527 1377 643 1444 Lach-lr
659 1380 775 1445 comite
801 1378 974 1445 siculorum
1005 1378 1072 1443 vioe
1089 1383 1123 1444 et
1137 1379 1269 1444 nomine
1290 1378 1402 1444 domiui
1413 1397 1457 1442 no

357 1487 415 1552 1111
439 1485 560 1553 Κ11111
576 1538 582 1552 .
599 1538 606 1553 .
622 1490 708 1572 regis
724 1538 731 1554 .
749 1539 755 1554 .
773 1510 845 1553 cum
869 1488 1094 1572 procuratorio
1119 1486 1163 1552 ad
1183 1487 1384 1572 infrascripta
1405 1487 1458 1571 ple-

357 1618 434 1661 num
450 1601 484 1662 et
500 1598 639 1682 speciale
663 1597 853 1663 mundatum
870 1599 1056 1664 continente
1071 1597 1105 1661 in
1123 1596 1230 1662 medio
1242 1597 1343 1662 nostri
1357 1596 1394 1662 eb
1407 1615 1459 1660 una

357 1709 452 1788 parte
468 1710 502 1770 et
525 1707 681 1790 magistro
698 1705 864 1790 Stephano
882 1706 969 1772 dicto
994 1704 1111 1789 Pugan
1137 1703 1204 1770 filio
1230 1703 1391 1770 Francisci
1412 1702 1457 1768 fild

358 1813 515 1880 Bechend
530 1812 572 1880 ab
599 1815 705 1880 altera
719 1816 753 1880 in
769 1817 873 1881 nostri
898 1815 1065 1898 presencia
1086 1813 1272 1880 constitutis
1311 1813 1390 1879 idern
1403 1832 1455 1878 ne·

359 1924 460 2006 gister
472 1922 589 1988 Laohlr
604 1927 759 2009 tanquam
785 1929 979 2008 procurator
994 1925 1096 2008 ipsius
1106 1922 1228 1990 domini
1243 1923 1330 2007 regis
1345 1942 1459 1986 exman-

361 2030 439 2097 dato
456 2033 524 2098 eius
540 2053 696 2115 perorans
711 2033 881 2116 proposuit
898 2036 931 2098 et
945 2053 1023 2098 voce
1038 2033 1159 2098 vicaria
1176 2030 1296 2096 domini
1311 2031 1390 2114 regis
1411 2029 1461 2094 ias·

360 2161 414 2204 sus
439 2139 549 2205 extitit
572 2141 606 2205 in
631 2141 717 2206 huno
740 2141 890 2226 modum,
916 2141 1004 2226 quod
1027 2142 1096 2224 ipse
1121 2139 1271 2206 dominns
1296 2146 1398 2206 noster
1417 2158 1462 2202 rer

361 2248 517 2331 quasdam
526 2249 740 2332 possessiones
750 2271 825 2316 suas
835 2251 868 2315 111
878 2249 1027 2336 partibus
1037 2249 1276 2315 Transsilranis
1292 2248 1462 2314 constitutos

361 2356 511 2422 videlicet
542 2356 669 2443 Zylwas
686 2381 758 2424 cum
775 2365 863 2425 terra
879 2357 1073 2444 Nogalrazto
1098 2361 1223 2440 vocata,
1248 2359 1328 2423 item
1351 2355 1465 2440 Septeer

363 2466 442 2530 item
457 2465 646 2533 Ewrmenus
662 2474 793 2534 vocatas
809 2469 842 2534 in
860 2469 1015 2534 comitutu
1031 2467 1071 2532 de
1089 2463 1168 2532 Olus
1186 2467 1360 2532 existentes
1375 2515 1381 2530 .
1396 2513 1402 2528 .
1417 2485 1465 2547 que

363 2577 579 2660 possessiones
611 2577 774 2661 quondam
800 2577 932 2643 fuerunt
946 2576 1097 2642 Ledizlai
1127 2575 1283 2660 woyuode
1300 2580 1331 2640 et
1345 2572 1466 2640 filiorum

365 2706 495 2750 suorum
519 2686 717 2752 hereditarie
733 2708 812 2770 ques
837 2689 872 2752 in
897 2684 1121 2753 concambium
1147 2684 1351 2768 quarundam
1366 2703 1468 2766 posses·

365 2797 491 2861 sionum
521 2795 579 2862 filii
603 2798 703 2881 ipsius
727 2796 875 2862 Ladislai
900 2795 1053 2881 woyuode
1079 2793 1206 2859 cuidam
1232 2791 1334 2878 Myke
1356 2792 1467 2858 nomine

365 2901 433 2967 filio
448 2901 579 2970 Nicolai
595 2906 801 2971 contulerant
817 2906 873 2988 qui
891 2904 1018 2970 demum
1037 2904 1104 2967 sine
1127 2901 1248 2967 herede
1264 2901 1398 2966 decessit
1411 2919 1469 2983 pro-

365 3015 438 3094 pter
467 3010 625 3078 nefariam
642 3019 753 3079 notam
768 3012 970 3078 infidelitatis
987 3017 1019 3077 et
1035 3009 1231 3076 sedicionem
1240 3009 1276 3073 111
1292 3030 1386 3094 quam
1400 3007 1471 3072 idem

366 3119 544 3186 ladizlaus
574 3121 723 3188 woiuoda
740 3121 847 3188 adhuc
862 3122 970 3186 virens
987 3139 1158 3184 conversus
1182 3116 1292 3183 fuerat
1309 3123 1342 3182 et
1356 3115 1411 3181 filii
1433 3114 1472 3179 sui

367 3227 471 3292 sibiin
487 3228 569 3294 vicio
585 3228 789 3294 infidelitatis
807 3229 1014 3294 succedentes
1030 3249 1063 3292 se
1079 3247 1206 3311 semper
1222 3227 1311 3309 regie
1327 3221 1471 3290 maiestati

367 3341 587 3419 opposuerunt
604 3343 636 3402 et
651 3359 752 3421 usque
768 3359 854 3403 nunc
870 3338 942 3403 aliis
959 3329 1194 3402 infidelibus'et
1210 3335 1324 3400 emulis
1341 3333 1420 3416 regis
1434 3351 1473 3395 so·

369 3444 446 3508 oiati
477 3451 509 3508 et
549 3447 705 3530 applicati
731 3447 842 3512 eadem
867 3446 1027 3512 sedicione
1052 3442 1257 3509 infidelitatis
1283 3443 1428 3509 laborant
1447 3441 1473 3500 et

370 3571 444 3636 sepe
461 3560 609 3619 eruentes
625 3556 659 3620 in
676 3557 799 3638 regalia
816 3561 926 3620 vastus
943 3559 975 3618 et
990 3551 1140 3618 incendia
1151 3551 1361 3616 committunt
1392 3554 1405 3612 t
1419 3551 1473 3611 un-

370 3667 421 3725 tas
437 3664 563 3745 strages
579 3667 612 3726 et
636 3663 907 3748 depopulacioues
936 3683 997 3747 que
1013 3661 1066 3725 vix
1081 3659 1212 3744 loquela
1238 3659 1344 3742 promi
1359 3655 1471 3740 possent

372 3771 573 3835 committere
589 3793 654 3836 non
680 3775 844 3857 expavent,
877 3775 945 3836 tum
971 3773 1106 3854 propter
1120 3765 1331 3834 infidelitates
1350 3767 1473 3851 ipsorum

372 3901 469 3962 super
484 3880 624 3946 breviter
640 3886 746 3946 tactas
762 3885 973 3963 tumpropter
983 3876 1154 3962 quiaidem
1169 3874 1270 3959 Myle
1287 3875 1355 3940 sine
1374 3869 1473 3938 herede

373 3989 511 4054 decessit
527 3995 694 4074 tamquam
711 4011 749 4054 ex
768 3995 907 4072 utreque
925 4009 1020 4052 causa
1036 3987 1123 4070 ipsas
1140 3985 1357 4068 possessiones
1372 3979 1408 4048 ed
1422 3998 1474 4044 me·

372 4121 432 4164 nus
449 4099 576 4166 domine
593 4099 678 4183 regis
696 4105 729 4163 et
744 4097 787 4163 ad
803 4097 1013 4162 collacionem
1022 4094 1124 4178 ipsius
1133 4093 1218 4157 iuste
1234 4091 1397 4157 devolutae
1411 4089 1474 4152 item

374 4206 537 4289 quandam
553 4207 652 4272 aliam
668 4206 901 4290 possessionem
917 4225 1008 4269 suam
1034 4199 1206 4268 Gehekuta
1231 4205 1379 4265 vocatum
1394 4199 1422 4262 in
1436 4213 1475 4257 co·

373 4315 490 4380 mitatu
522 4314 561 4379 de
591 4313 732 4380 Doboka
763 4313 954 4378 existentem
985 4361 992 4376 .
1024 4361 1031 4376 .
1063 4330 1160 4394 quam
1199 4307 1286 4372 idem
1324 4303 1476 4374 Ladizlaus

374 4422 529 4506 woyuoda
558 4423 701 4490 indebite
722 4425 935 4504 occupaverat
966 4426 999 4485 et
1030 4417 1171 4485 detinuit
1201 4423 1390 4500 occupatam
1417 4429 1476 4496 pro·

375 4541 449 4616 pter
480 4533 613 4598 eandem
645 4553 773 4596 causam
812 4527 1017 4595 infidelitatis
1049 4533 1082 4594 et
1120 4546 1251 4592 suorum
1284 4521 1419 4590 filiorum
1452 4518 1478 4578 el

376 4645 477 4708 1111111
502 4642 578 4726 quia
608 4639 714 4704 fueret
730 4639 889 4721 possessio
920 4637 1058 4703 hominis
1074 4635 1142 4700 sine
1175 4631 1295 4698 herede
1313 4624 1477 4697 decedentis
