3152 5472
337 467 402 530 602
688 476 876 524 aurocroar
895 469 1112 528 cantuarita.

336 641 451 710 festina
469 642 556 708 beati
573 639 709 724 Georgii
725 643 866 707 martiris
884 665 968 708 tanaro
995 647 1160 728 apresenti
1178 665 1272 728 super
1295 647 1434 730 posse-:io-

336 775 409 818 nem
426 773 517 818 suam
534 750 646 835 Bogus
662 758 806 818 vocatam
826 753 975 818 undecim
993 774 1093 836 equos
1108 753 1313 840 iobagiouum
1330 777 1435 822 suorum

336 882 425 926 more
457 860 628 928 latrocinio
653 859 878 942 abstulissent,
903 861 981 926 item
1007 859 1176 930 Johannes
1201 863 1286 930 lilius
1315 862 1437 930 Worbou

336 990 433 1056 super
449 968 684 1054 possessionem
708 966 789 1033 Lulr
806 974 952 1036 vocatam
970 974 1036 1035 tres
1051 969 1147 1036 bores
1164 971 1361 1054 iobagioumn
1382 993 1437 1037 suo·

336 1100 407 1144 rum
424 1077 572 1144 similiter
588 1097 677 1143 more
695 1075 868 1142 latrocinio
885 1076 1091 1160 abstulisset3
1108 1079 1163 1163 qni
1181 1078 1307 1162 quidem
1317 1079 1437 1162 Pangra·
1531 1165 1532 1170 ἵ

337 1188 404 1254 cius
435 1183 598 1270 Georgius
622 1183 774 1250 Andreas
808 1184 935 1252 Petheu
968 1183 1141 1252 Lodislaus
1166 1191 1199 1252 et
1230 1185 1436 1252 Johannesiu

335 1297 407 1380 ipsa
426 1293 677 1376 congregacione
695 1297 806 1360 nostra
820 1315 885 1360 non
902 1299 1154 1378 comparuerunt
1170 1315 1230 1360 nec
1245 1296 1354 1380 aliquis
1375 1298 1436 1362 asti·

336 1403 378 1468 tit
400 1423 460 1487 pro
486 1401 606 1468 eisdem
632 1401 737 1466 tribris
754 1401 868 1468 diebus
885 1403 1045 1468 continuis
1065 1403 1209 1484 legitime
1225 1405 1380 1488 expectati,
1393 1403 1437 1469 sert

335 1510 536 1578 vicecomites
551 1511 656 1576 nostri
672 1513 813 1594 quatuor
837 1509 961 1580 iudices
985 1510 1143 1577 nobilium
1166 1511 1266 1576 iurati
1290 1533 1438 1578 assessores

337 1625 371 1686 et
385 1619 528 1686 universi
538 1619 664 1685 nobiles
675 1618 835 1685 dictorum
852 1621 1066 1686 comitatuum
1081 1640 1139 1703 per
1156 1641 1215 1685 nos
1231 1621 1368 1704 requisiti
1381 1641 1438 1704 pre·
1532 1615 1533 1626 ’

336 1728 439 1794 dictos
455 1725 672 1808 Pangraoium
689 1725 869 1810 Georgium
894 1725 1063 1793 Andream
1079 1726 1207 1793 Petheu
1224 1733 1257 1792 et
1281 1727 1437 1793 Johanuen

335 1837 480 1902 latrones
509 1834 657 1921 publicos
683 1839 715 1902 et
739 1837 884 1902 notorios
914 1835 1139 1901 malefactores
1156 1835 1225 1900 fore
1250 1834 1437 1900 affirmarunt.

337 1943 460 2012 Datum
488 1949 604 2027 quarto
631 1942 683 2008 die
709 1944 972 2026 congregacionis
998 1943 1169 2026 antedicto,
1185 1943 1257 2010 loco
1281 1947 1440 2022 memorato,

339 2074 424 2119 anno
440 2051 565 2118 domiui
581 2051 636 2117 Μ0
654 2050 756 2120 0000
771 2051 903 2118 XXX⁰
919 2053 1069 2119 secundo.

444 2215 577 2267 Zarlatau
603 2217 696 2282 peccet
721 2215 887 2282 romjslva13
908 2215 1038 2284 eredetiJe
1052 2231 1068 2267 a
1081 2217 1114 2267 N.
1127 2216 1320 2280 Muzeumbau,
1332 2231 1347 2265 a
1359 2215 1440 2277 Killay

336 2317 372 2357 cs.
386 2305 460 2358 lban.

834 2471 979 2480 ———

869 2707 943 2770 514.

342 2872 437 2934 1332.
454 2875 530 2954 jun.
559 2871 609 2933 17.
641 2869 671 2934 Α
703 2871 810 2936 leleszi
842 2881 976 2936 coercent
1002 2871 1129 2955 Drupet
1155 2871 1264 2936 Jcinos
1297 2866 1443 2932 oddcrnol·

332 2979 463 3064 jeleutc',
479 2981 560 3064 hopy
578 2977 721 3062 Iuctnfio
745 2979 875 3066 rtttkotp
900 2981 932 3042 c's
948 3003 969 3042 o
985 2979 1096 3043 Bokao
1115 2977 1379 3063 rremzetsc'pbelielc
1392 2973 1443 3038 bir-
1535 2981 1536 2990 ’

574 3087 663 3151 toloni
678 3088 780 3152 kozlitt
797 3111 817 3151 a
834 3087 1038 3171 hotriay'ciru'st
1056 3086 1240 3172 teljeaitetle.

449 3246 630 3313 ..Johauni
640 3247 794 3330 Drugeth
803 3247 950 3332 palatino
960 3245 1091 3312 Blasius
1101 3246 1285 3330 prepositus
1295 3251 1325 3310 et
1334 3262 1445 3309 consen·

340 3364 393 3428 tus
409 3358 539 3424 ecclesie
556 3361 666 3424 sancte
682 3358 785 3422 crucis
802 3356 841 3422 de
857 3356 955 3422 Lelez
971 3406 978 3421 .
996 3406 1002 3421 .
1019 3357 1131 3421 literas
1147 3360 1254 3420 vestre
1265 3350 1445 3435 magnificen-

341 3467 600 3550 cie..recepimus
611 3466 694 3532 hano
704 3467 819 3530 seriem
829 3461 1128 3531 continentestNos
1138 3461 1307 3528 Jolrannea
1316 3454 1445 3539 Dmgeth

340 3561 503 3660 palatinus
535 3579 567 3640 et
591 3573 687 3642 iudex
714 3595 922 3640 comanorum
948 3573 1062 3638 damus
1093 3593 1151 3656 pro
1182 3571 1350 3652 memoria,
1377 3561 1445 3649 quod

340 3681 485 3748 Michael
517 3681 602 3747 filius
633 3683 715 3747 Isau
740 3682 832 3746 iusta
865 3681 1099 3746 continenciam
1126 3681 1272 3762 priorum
1304 3678 1445 3742 literamm

341 3797 525 3858 nostrarum
541 3789 776 3856 memorialium
794 3795 906 3855 contra
923 3787 1097 3854 Nicolaum
1113 3787 1266 3872 Francylr
1284 3783 1447 3852 etLauren·

342 3901 424 3965 cium
442 3899 524 3964 filios
535 3897 670 3964 condam
682 3895 881 3962 Nicolaifilii
893 3895 987 3962 Boxa
998 3901 1030 3960 et
1041 3893 1306 3961 Gosmamfilium
1317 3884 1446 3969 Francplr

341 4009 375 4074 in
390 4007 543 4090 vigesimo
560 4005 700 4070 secundo
717 4005 768 4070 die
784 4003 859 4069 festi
883 4003 970 4069 beati
987 4000 1122 4086 Georgii
1138 4002 1283 4068 martiris
1309 4003 1340 4067 in
1362 3997 1447 4079 ligura

342 4118 444 4183 nostri
460 4115 571 4180 iudicii
588 4115 654 4196 egit
669 4113 878 4197 proponendo
894 4115 927 4177 in
943 4113 1030 4177 lmnc
1045 4111 1184 4192 modum,
1201 4111 1291 4195 quod
1307 4129 1372 4175 curu
1394 4106 1447 4186 ipse

342 4225 505 4310 quandam
536 4223 769 4306 possessionem
798 4243 888 4286 Suam
914 4220 1143 4286 hereditariam
1168 4217 1305 4285 Ambud
1328 4219 1447 4281 sooalam

342 4336 375 4400 in
392 4334 644 4416 congregacione
660 4337 773 4397 nostra
804 4331 945 4413 generali
969 4330 1057 4414 apud
1084 4331 1246 4395 civitatem
1274 4326 1362 4394 Arad
1384 4319 1448 4388 cele·

342 4443 465 4508 brataa
481 4440 618 4506 Nicolao
634 4439 702 4505 filio
719 4439 813 4504 Bora
830 4439 994 4504 antedicto
1020 4439 1073 4504 cui
1088 4439 1159 4522 ipsa
1175 4439 1332 4521 possessio
1342 4425 1448 4519 pignori

343 4551 486 4633 obligata
503 4549 654 4614 extiterat
671 4547 767 4614 titulo
784 4547 995 4611 reclemcionis
1012 4551 1235 4630 recuperatam
1252 4545 1343 4610 metis
1358 4547 1385 4606 et
1399 4543 1448 4600 ter·

343 4659 441 4722 minis
457 4658 548 4723 iuxta
562 4657 740 4742 legitimam
757 4653 1028 4722 reambulacionis
1045 4655 1160 4720 seriem
1177 4653 1346 4720 atmodum
1357 4641 1450 4716 erectis
