3130 5470
329 431 394 498 468
684 450 872 500 auronuonr
888 437 1105 501 canusima.

328 616 388 681 bus
404 617 470 680 suis
485 615 695 699 pertinenciis
711 615 860 682 videlicet
876 617 980 702 lunda
994 639 1067 682 cum
1084 617 1180 681 terris
1196 615 1362 682 arabilibus
1377 613 1430 679 cul·

328 725 370 788 tis
387 730 420 788 et
435 725 567 790 incultis
584 723 766 789 molendino
783 725 988 791 braseatorio
1005 777 1011 792 .
1030 777 1037 791 .
1054 728 1123 790 iure
1148 733 1301 810 perpetuo
1315 777 1322 793 .
1337 777 1343 792 .
1358 725 1429 810 paci-

329 832 388 896 fico
413 832 649 916 possidendam.
675 833 799 900 Datum
825 835 906 900 feria
932 834 1073 900 secunda
1098 836 1246 917 proxima
1271 832 1429 898 antediem

330 942 491 1024 (lineium,
508 963 593 1006 anno
610 941 732 1006 domini
748 941 803 1006 M⁰
820 941 922 1010 000⁰
939 944 1115 1008 tricesimo.

438 1123 533 1184 nggd
545 1121 663 1185 pecsdtje
676 1122 806 1186 hianyzik
823 1161 829 1184 ,
853 1122 914 1171 lt'mt
939 1123 1162 1187 cyrographum
1188 1121 1314 1184 credetije
1334 1134 1364 1169 az
1375 1137 1430 1170 craz.

330 1213 384 1260 llas·
397 1211 495 1262 kincst.
510 1217 576 1262 cusat.
591 1213 623 1260 N.
639 1213 671 1260 R.
687 1215 718 1262 Α.
734 1216 793 1262 572.
809 1219 832 1261 2.
846 1213 914 1274 dipl.
928 1213 958 1262 lt.
974 1217 1052 1264 2584.
1067 1214 1162 1262 Kozli:
1180 1213 1279 1262 Vincze
1292 1213 1383 1261 (labor.

829 1431 956 1438 --...-—-.

861 1667 935 1728 408.

336 1849 431 1912 1330.
455 1849 620 1934 Viceqru'd,
635 1847 715 1932 febr.
733 1850 784 1912 23.
801 1849 865 1912 Pc'l
883 1849 1073 1933 orszdpba'ro'
1081 1851 1194 1913 latrem
1211 1849 1364 1935 Bcruaya
1379 1851 1438 1912 atr·

539 1959 660 2042 mepyci
676 1957 813 2020 birlolrot
829 1957 968 2019 Lacerat
974 1958 1110 2038 fidicula
1126 1957 1257 2021 odattel.

440 2132 510 2200 Nos
536 2156 641 2200 comes
666 2134 790 2200 Paulus
815 2134 911 2200 index
937 2136 1024 2201 curie
1041 2185 1048 2200 .
1065 2187 1072 2202 .
1089 2134 1305 2219 significamus
1320 2185 1326 2200 .
1341 2185 1348 2200 .
1363 2132 1435 2217 quod

334 2242 608 2336 cumseoundnm
635 2243 870 2308 continenciam
895 2245 1039 2326 priorum
1064 2243 1249 2308 litterarum
1275 2248 1439 2306 nostrarum

333 2350 464 2415 modum
474 2351 643 2416 iudiciaria
659 2351 907 2417 deliberacionis
927 2357 1038 2416 nostre
1058 2347 1439 2434 exprimenciumquedam

334 2460 550 2542 possessiones
577 2457 690 2524 Gonas
715 2459 845 2524 Kedhel
872 2465 905 2524 et
930 2461 1182 2543 possessionaria
1207 2461 1315 2543 porcio
1339 2459 1369 2522 in
1392 2453 1439 2539 Sy·

334 2568 425 2632 bolth
457 2567 570 2632 habita
601 2589 659 2650 per
690 2569 865 2632 discretum
891 2570 995 2633 virum
1026 2566 1229 2652 Stephanum
1260 2565 1438 2651 prepositum

334 2673 711 2758 Quinqueecclesiensem
742 2675 783 2741 ab
810 2677 878 2759 ipsc
905 2675 1033 2742 domino
1060 2697 1137 2760 rege
1163 2675 1204 2740 ad
1230 2673 1437 2760 requirendum

334 2785 483 2848 universa
498 2785 570 2848 iura
586 2785 708 2868 regalia
719 2789 751 2848 et
767 2785 1022 2866 reginaliaintra
1032 2785 1187 2850 terminos
1205 2785 1296 2867 regni
1311 2784 1357 2848 sui
1372 2781 1441 2845 dele

334 2899 447 2975 gotum
462 2893 591 2956 nomine
608 2898 692 2956 terre
709 2891 1020 2957 condicionariorum
1036 2893 1195 2975 regalium
1212 2915 1231 2957 a
1247 2891 1335 2956 Bene
1345 2887 1442 2954 elsa-

298 3052 301 3056 .
334 3002 441 3086 phano
458 2999 533 3065 filiis
551 2999 703 3064 Lancreti
719 3000 916 3084 recaptivate
932 3001 966 3064 in
982 2999 1154 3084 quindenis
1178 2999 1254 3064 festi
1270 2995 1441 3064 Natiuitatis

333 3097 422 3174 beati
438 3107 463 3172 J
465 3108 601 3172 ohannis
617 3107 767 3191 Baptista
783 3129 868 3172 nunc
884 3107 1047 3190 preteritis
1071 3127 1130 3190 per
1161 3106 1305 3172 homines
1333 3109 1443 3170 nostros

333 3221 482 3300 presente
491 3215 676 3280 testimonio
688 3215 821 3298 capituli
832 3211 1442 3296 Quinqueecclesiensisaviciniseteom·

333 3323 490 3389 metensis
506 3323 790 3388 conterminalibus
801 3327 833 3387 et
844 3322 1005 3388 nobilibus
1016 3321 1190 3404 diligenter
1199 3319 1411 3405 investigando
1422 3318 1442 3380 si

334 3433 412 3516 ipsis
422 3430 497 3495 filiis
507 3431 662 3496 Lancreti
679 3433 748 3496 iure
764 3430 961 3495 hereditario
980 3436 1013 3495 et
1029 3431 1125 3494 titulo
1135 3430 1328 3495 hereditarie
1338 3447 1443 3492 succes·

335 3541 433 3604 sienis
450 3540 606 3622 pertineri
623 3540 845 3604 invenirentur
871 3539 1030 3621 condigno
1041 3539 1217 3604 suovalore
1228 3537 1367 3603 estimari
1381 3533 1444 3599 alio·

334 3648 412 3730 quin
428 3647 517 3730 regie
533 3645 689 3730 applicari
704 3647 868 3711 maiestati
886 3645 1144 3729 ipsiusquevfacti
1162 3647 1262 3711 series
1279 3644 1441 3710 edocturus

333 3756 422 3820 beati
447 3752 568 3822 Jacobi
593 3755 734 3839 apostoli
761 3777 849 3820 nunc
873 3756 1048 3838 preteritas
1075 3775 1133 3837 per
1158 3761 1269 3838 partes
1294 3755 1326 3817 in
1341 3751 1441 3817 litteris

335 3863 413 3928 dicti
430 3864 564 3947 capituli
581 3861 673 3928 nobis
689 3865 848 3945 reportari
866 3861 1041 3944 debuisset
1057 3862 1136 3945 ipsis
1153 3861 1277 3926 octavis
1293 3879 1441 3926 occurren·

334 3970 422 4035 tibus
438 3972 593 4054 magister
609 3968 795 4054 Stephanus
813 3970 956 4035 notarius
965 3969 1066 4053 ipsius
1077 3968 1199 4034 domini
1209 3969 1296 4051 regis
1313 3966 1442 4052 specialis

333 4077 375 4142 ad
400 4083 547 4143 nostram
573 4077 728 4143 accedens
754 4078 955 4160 presenciam
980 4077 1110 4142 litteras
1135 4075 1292 4160 prelibati
1324 4073 1441 4160 capituli

335 4181 689 4268 Quinqueeeclesiensis
714 4184 807 4249 nobis
834 4190 1038 4269 presentarat
1063 4185 1097 4248 in
1122 4204 1262 4266 quarum
1294 4182 1442 4248 tenoribus

334 4293 428 4357 iuxta
443 4297 552 4358 nostre
568 4293 737 4358 iudiciaria
757 4292 1006 4360 deliberacionis
1022 4293 1231 4358 moderamen
1247 4292 1291 4356 ad
1307 4290 1448 4375 prenomi-

335 4406 430 4465 natas
446 4403 668 4484 possessiones
684 4403 866 4468 accedendo
882 4424 941 4487 per
966 4402 1145 4468 Hectorem
1168 4400 1273 4466 filium
1298 4397 1447 4465 Herbordi

334 4507 526 4572 Ladislaum
542 4530 695 4591 magnum
721 4509 760 4574 de
776 4509 900 4594 Nemty
916 4515 948 4574 et
974 4508 1132 4575 Thomam
1157 4506 1263 4573 filium
1290 4505 1445 4573 Odohnani

336 4613 482 4680 homines
512 4623 640 4682 nostros
674 4639 746 4682 cum
772 4617 957 4682 honorabili
989 4623 1022 4682 et
1054 4617 1193 4682 discreto
1225 4616 1294 4681 viro
1319 4613 1447 4712 predicte
