3172 5462
369 431 432 495 loe
735 445 924 496 surouuour
940 434 1157 496 orumrrln.

470 610 492 660 1.
513 607 595 674 Italos
607 610 754 676 kirtlynak
768 610 908 662 »tumeas
918 613 946 663 et
958 611 1056 662 Petrus
1069 609 1121 661 lilii
1133 609 1268 675 Stephani
1280 609 1348 662 dieti
1361 610 1481 675 alprand«

361 697 467 751 resuere
479 702 556 751 18⁵4.
566 704 647 752 mart.
661 699 861 752 11·tnkiadott
874 700 1041 766 megerositt
1056 701 1241 766 oklevcltbdl;
1255 700 1345 752 enneli
1357 701 1478 768 eredctije

363 805 480 854 meguan
490 804 523 840 az
533 805 601 842 orez.
615 790 670 842 lter
680 791 852 844 kinostoszt.
862 793 895 842 N.
906 792 939 842 R.
952 791 985 842 A.
994 795 1070 842 1534.
1086 795 1127 842 53.
1142 791 1213 855 dipl.
1226 793 1257 842 lt.
1272 794 1351 842 2146.
1363 792 1481 856 Politice,

363 880 439 944 bogy
451 881 473 930 1.
487 879 571 944 lsajos
584 879 704 946 kirtlye
724 883 890 946 megerosito
910 881 1087 932 okleveltben
1103 882 1208 944 Kitroly
1230 881 1380 947 kirtlynsk
1391 881 1482 946 pecsa-

363 970 436 1036 jercl
446 973 492 1021 azt
503 971 617 1036 mondja
628 971 720 1036 hogy:
737 971 884 1023 »mediocri
898 971 991 1036 sigillo
1004 985 1053 1022 suo
1066 971 1095 1022 in
1108 971 1233 1037 partibus
1246 971 1434 1036 Transalpinis
1445 985 1481 1022 ca-

363 1061 479 1112 sualiter
491 1060 661 1127 deperdito«,
669 1063 763 1113 holott
774 1063 879 1126 Kitroly
891 1062 985 1126 kirtly
999 1061 1080 1113 »novi
1091 1065 1119 1114 et
1130 1063 1264 1114 autentici
1279 1062 1365 1128 sigilli
1378 1062 1483 1127 duplicis

362 1151 531 1210 munimine<
545 1153 611 1210 adia
623 1153 653 1209 ki
666 1152 791 1212 ananei
804 1153 948 1214 okleveltt.
961 1152 1042 1210 Korn
1054 1169 1059 1204 :
1073 1152 1153 1220 uagy
1165 1152 1265 1219 Gyula.

850 1321 1010 1334 m

905 1489 956 1551 97.

366 1635 463 1702 1323.
497 1631 743 1721 Budofclhiciz,
777 1633 840 1698 dcc.
875 1635 926 1702 15.
966 1633 1120 1720 Lampeia
1153 1631 1340 1717 orszctpbiro'
1369 1655 1389 1696 a
1431 1654 1482 1694 zec-

254 1819 258 1830 .
362 1740 649 1828 lica-ezeatp'akabi
672 1740 820 1830 cpdtrrok
844 1765 865 1806 a
889 1741 1134 1826 asurgit-azima
1157 1740 1306 1827 opriezcik
1336 1739 1413 1805 clleo
1428 1739 1482 1802 Ko-

365 1849 554 1921 aaobbirtok
565 1851 988 1941 irdntipacaszosttpyebcn
1004 1849 1184 1938 asclekoek
1200 1847 1483 1940 cleiratcilcfclmu·

692 1963 842 2029 telesam
856 1961 1054 2048 baldrrmpot
1070 1969 1122 2026 itia
1138 1959 1181 2025 ki.

471 2119 543 2190 Nos
556 2122 713 2210 magister
727 2121 924 2210 Lampertus
939 2122 1036 2190 iudex
1052 2122 1140 2190 curie
1156 2121 1277 2188 domini
1293 2121 1380 2205 regis
1396 2123 1427 2186 et
1441 2139 1483 2185 co·

363 2251 432 2300 mes
447 2229 683 2300 Chanadiensis
693 2229 807 2299 damus
825 2253 884 2318 pro
900 2231 1064 2314 memoria,
1075 2229 1162 2314 quod
1177 2229 1280 2296 frater
1295 2227 1483 2296 Dethmarus

364 2339 466 2408 abbas
490 2341 679 2409 monasterii
703 2341 808 2408 sancti
832 2339 952 2406 Jacobi
978 2339 1017 2406 de
1042 2339 1183 2425 Zelyzyo
1200 2337 1378 2406 seeundum
1395 2335 1483 2402 conti·
1565 2395 1566 2400 ,

364 2449 513 2519 nenciam
537 2451 682 2535 priorum
707 2451 893 2518 litterarum
918 2453 1102 2516 nostrarum
1134 2447 1433 2534 prorogatoriarum
1454 2443 1481 2507 in

364 2559 485 2626 oetavis
500 2559 590 2626 beati
600 2555 734 2626 Andree
750 2559 890 2644 apostoli
902 2579 1011 2625 coram
1027 2557 1119 2622 nobis
1135 2557 1352 2642 personaliter
1368 2573 1482 2638 compa·

364 2667 465 2736 rende
483 2673 597 2734 contra
614 2667 782 2752 religiosas
798 2667 945 2733 dominas
961 2667 1001 2732 de
1017 2665 1132 2732 Insula
1147 2665 1312 2750 Leporum
1329 2661 1483 2749 proposuit

364 2776 399 2843 in
407 2776 494 2843 hunc
504 2775 643 2860 modum,
655 2775 742 2860 quod
753 2775 915 2861 quandam
926 2776 1159 2860 possessionem
1170 2775 1304 2840 ecclesie
1315 2794 1370 2839 sue
1380 2769 1483 2838 Kesuh
1564 2847 1565 2868 Χ

366 2888 514 2952 vocatam
526 2884 703 2950 munimine
712 2884 955 2970 privilegiorum
966 2885 1027 2970 ipsi
1038 2883 1171 2950 ecclesie
1181 2883 1375 2949 attinentem
1386 2879 1484 2946 eedem

364 2991 494 3060 domine
511 2997 701 3076 occupatam
727 2991 919 3075 detinerent,
935 2991 1163 3076 racionemque
1197 2990 1395 3057 detencionis
1410 2989 1480 3054 scire

364 3101 465 3166 uellet
490 3101 517 3168 si
541 3101 625 3166 iuste
649 3101 761 3167 etrite
786 3099 977 3183 detinerent,
994 3099 1113 3165 iustam
1138 3103 1247 3164 autem
1263 3105 1297 3164 et
1312 3098 1480 3182 legitimam

364 3209 587 3275 detencionem
602 3208 723 3275 eisdem
739 3209 837 3276 vellet
853 3205 1064 3288 confirmare;
1082 3213 1195 3273 contra
1212 3228 1310 3291 quem
1325 3207 1482 3290 religiosus
1563 3255 1564 3260 ,

363 3317 413 3382 vir
436 3316 539 3383 irater
563 3315 748 3403 Stephanus
772 3317 933 3402 generalis
949 3321 1141 3400 procurator
1158 3315 1337 3382 earundem
1354 3337 1424 3380 eum
1438 3313 1481 3378 lit·

364 3425 443 3490 teris
466 3426 699 3510 procuratoriis
722 3426 866 3510 ipsarum
891 3425 1102 3508 exsurgendo
1124 3423 1245 3490 dictam
1261 3425 1481 3508 possessionen

364 3533 484 3602 Kasulr
508 3533 605 3601 titulo
629 3535 851 3618 vigorosorum
875 3535 1165 3600 instrumentorum
1191 3532 1319 3598 easdem
1351 3531 1483 3598 dominas

364 3641 515 3710 habuisse
539 3643 720 3728 possedisse
744 3649 778 3709 ct
802 3665 888 3709 nunc
911 3643 1076 3728 possidere
1101 3642 1284 3724 affirmarit
1309 3641 1481 3723 ibidemque
1562 3647 1563 3650 ’

365 3753 449 3820 idem
475 3755 669 3836 procurator
694 3751 855 3818 dictarum
870 3752 1075 3818 dominarum
1092 3751 1239 3817 exhibuit
1254 3749 1349 3815 nobis
1368 3749 1483 3814 litteras

366 3866 542 3928 conventus
566 3861 753 3926 monasterii
778 3860 1012 3943 Waradiensis,
1043 3861 1077 3925 in
1105 3859 1223 3944 quibus
1254 3858 1392 3924 vidimus
1422 3875 1484 3920 eon·

366 3969 463 4035 tineri
486 3968 575 4054 quod
598 3969 694 4036 homo
711 3969 834 4036 domini
850 3971 936 4055 regis
952 3968 1011 4035 sub
1029 3969 1214 4035 testimonio
1238 3968 1339 4054 ipsius
1363 3983 1484 4034 conven-
1561 4027 1562 4036 ,

366 4083 419 4144 tus
443 4073 607 4161 fidedigno
640 4075 682 4142 ad
715 4077 961 4162 inquisicionem
995 4077 1117 4143 domini
1147 4077 1249 4143 nostri
1280 4075 1368 4159 regis
1398 4074 1484 4140 talem

366 4185 532 4251 scivissent
563 4185 743 4270 veritatem,
768 4186 855 4271 quod
881 4185 1017 4252 sabbato
1043 4187 1191 4270 proximo
1216 4189 1293 4250 ante
1308 4184 1426 4250 festum
1439 4180 1484 4246 be

367 4295 496 4358 aterum
520 4291 615 4357 Petri
640 4299 674 4358 et
697 4291 796 4359 Pauli
819 4295 1042 4379 apostolorum
1073 4293 1138 4358 iam
1164 4293 1309 4378 proxime
1339 4289 1483 4377 preterito

367 4399 473 4466 dictus
497 4399 599 4466 abbas
615 4401 719 4467 sancti
734 4401 760 4467 J
761 4403 854 4469 scobi
870 4401 910 4468 de
930 4401 1069 4486 Zelyzyo
1085 4401 1311 4485 potencialiter
1325 4403 1360 4467 in
1377 4400 1484 4466 dictam

367 4507 599 4596 possessionem
624 4507 742 4574 Kasuk
766 4510 921 4576 veniendo
948 4509 1139 4576 Ladislaum
1164 4509 1336 4576 officialem
1351 4511 1482 4595 ipsarum

370 4615 572 4696 dominarum
582 4615 744 4684 etdictum
754 4616 889 4692 fratrem
906 4616 1109 4712 Stephanum
1119 4622 1365 4704 procuratorem
1375 4635 1484 4685 aarum·
