3112 5466
591 450 684 512 1326.
703 464 771 512 run.
789 399 854 513 30.Ι
1218 451 1281 512 247

151 637 258 698 ratam
274 630 359 697 sibi.
377 679 384 695 .
400 629 500 694 statui
516 627 623 693 facere
640 633 674 693 et
690 627 820 693 tandem
848 628 1015 714 privilegio
1033 636 1144 698 nostro
1170 629 1283 696 confir-

150 761 241 806 mare
257 738 466 823 dignaremur
482 786 489 802 .
505 787 513 802 .
529 758 625 821 super
650 757 715 820 quo
740 735 893 803 fidelitati
918 743 1022 804 vestre
1041 740 1258 824 precipimus.
1275 790 1283 806 .

150 845 313 933 quatenus
329 851 470 912 vestrum
486 846 625 912 mittatis
650 845 810 911 hominem
826 867 886 929 pro
912 847 1096 912 testimonio
1122 869 1187 930 quo
1212 871 1284 933 pre·

151 963 240 1023 sente
256 955 376 1022 Petrus
392 954 431 1020 do
449 953 642 1020 Tukulchen
658 954 708 1018 vel
724 953 899 1020 Ladislaus
914 953 1001 1020 filius
1016 951 1161 1021 Pamlini
1177 956 1281 1023 altero

151 1065 285 1132 absente
316 1063 412 1128 homo
443 1067 555 1128 noster
586 1061 747 1146 prefatam
772 1061 1005 1145 possessionem
1030 1063 1143 1128 vicinis
1160 1114 1167 1128 .
1184 1116 1191 1130 .
1209 1085 1283 1130 con·

151 1175 273 1240 vocatis
289 1221 321 1236 ..
345 1169 579 1238 reambulando
611 1193 650 1236 ac
683 1171 717 1235 in
749 1169 862 1235 eadem
892 1171 1095 1254 possessione
1125 1172 1280 1256 legitimis

152 1282 266 1348 diebus
298 1280 526 1347 commorando
558 1281 747 1363 cunctisque
779 1279 975 1363 publicando
1001 1279 1222 1346 vendicionem
1248 1288 1282 1348 et

150 1391 328 1457 emcionem
344 1389 553 1473 possessionis
571 1391 758 1470 memorate,
783 1393 816 1452 et
841 1387 866 1452 si
893 1407 951 1472 per
975 1386 1159 1456 huiusmodi
1175 1390 1281 1472 legiti-

149 1525 238 1568 mum
254 1523 439 1586 processum
456 1501 576 1568 dictam
591 1501 825 1585 possessionem
840 1522 899 1585 per
922 1500 1028 1568 dictos
1053 1500 1177 1566 nobiles
1192 1498 1281 1564 ioba-

148 1611 261 1694 gionos
279 1611 379 1676 castri
395 1609 434 1675 de
449 1610 520 1675 inre
536 1611 680 1694 potuisse
704 1609 884 1675 vendidisse
909 1615 942 1675 et
967 1609 1155 1694 aliqualiter
1170 1613 1281 1682 nostre

148 1718 320 1784 collacioni
334 1720 496 1803 pertinere
511 1719 678 1802 invenerit,
704 1723 831 1784 statuet
856 1717 991 1784 eandem
1016 1718 1163 1802 predicto
1179 1717 1280 1798 magi-

147 1831 215 1892 stro
231 1825 334 1892 Petro
350 1833 384 1892 et
399 1829 465 1893 suis
481 1825 654 1893 heredibus
670 1826 766 1911 pleno
781 1827 851 1892 iure
878 1848 916 1892 ac
932 1825 991 1891 sub
1008 1825 1107 1910 ipsius
1124 1825 1277 1890 emcionis

146 1939 180 2000 et
204 1941 314 2002 nostre
339 1935 527 2002 donacionis
550 1936 649 2002 titulo
673 1941 879 2020 perpetuo..
905 1933 1088 2000 habendam
1105 1983 1112 1998 .
1128 1983 1135 1998 .
1153 1931 1279 1997 Datum

146 2045 181 2109 in
197 2045 408 2131 Wyssegrad,
424 2049 457 2113 in
473 2048 557 2114 sesto
574 2049 659 2114 beati
677 2046 703 2113 J
704 2049 796 2114 acobi
813 2048 960 2132 apostoli,
985 2069 1070 2112 anno
1086 2046 1209 2112 domini
1225 2040 1278 2110 Μο

146 2151 249 2220 000⁰
265 2151 358 2220 XX⁰
379 2162 479 2222 sexte.

149 2361 151 2365 .
254 2319 280 2368 A
302 2321 436 2383 porsonyi
462 2319 653 2385 ktptalannak
682 2324 758 2370 1326.
783 2333 845 2385 aug.
870 2317 970 2370 tollen
996 2318 1054 2367 kelt
1076 2315 1276 2382 jelentdsebol;

143 2408 161 2457 l.
181 2407 274 2458 alabb.

632 2573 788 2587 --—-—··

673 2791 747 2854 228.

142 2951 238 3014 1326.
262 2951 499 3038 VisepouidAul.
517 2954 568 3016 30.
584 2953 611 3017 Ι.
629 2953 755 3039 Kdroly
771 2953 882 3038 kirrily
893 2975 914 3016 a
924 2952 1073 3016 Demeter·
1089 2951 1273 3016 tdruokock

139 3059 306 3124 cziolcotai
331 3059 481 3126 birtolcdu
501 3061 660 3125 elkdcotett
685 3060 951 3124 hatolmcslcodds
976 3059 1273 3144 mepoizspdlcisdro

470 3193 491 3232 a
507 3169 607 3232 amas
621 3167 794 3253 capraram
810 3167 948 3232 crusta.

247 3323 417 3394 Karolus.
436 3377 444 3394 .
464 3348 521 3393 rex
545 3377 552 3394 .
578 3377 585 3394 .
611 3327 755 3412 capitulo
780 3327 915 3394 ecclesie
939 3325 1102 3394 Budensis
1127 3377 1134 3394 .
1160 3377 1167 3393 .
1193 3328 1274 3394 dicit

137 3435 231 3502 nobis
269 3433 458 3502 Demetrius
496 3436 652 3518 magister
685 3437 925 3501 tavernicorum
955 3439 1150 3518 nostrorum,
1182 3436 1304 3520 quod*

136 3543 329 3626 iobagiones
362 3544 510 3627 magistri
544 3540 709 3610 Johannis
742 3543 878 3610 rectoris
912 3545 1010 3610 castri
1044 3545 1118 3610 novi
1151 3546 1271 3611 montis

135 3652 315 3718 Pestiensis
331 3652 370 3718 de
386 3651 507 3720 Sancta
523 3649 628 3718 Oruce
645 3651 696 3716 die
712 3651 873 3718 dominica
888 3651 1035 3736 proxima
1053 3658 1128 3736 post
1151 3651 1270 3718 festum

135 3761 224 3827 beati
240 3757 268 3824 J
268 3761 362 3826 acobi
377 3761 516 3845 apostoli
532 3781 628 3844 super
643 3759 875 3844 possessionem
903 3782 994 3826 suam
1009 3757 1162 3844 Zynguta
1178 3783 1270 3828 voca·

134 3877 204 3936 tam
231 3889 330 3952 quarn
346 3889 384 3934 ex
401 3869 577 3935 collacione
593 3873 777 3935 sanctarum
801 3868 991 3934 monialium
1015 3867 1055 3932 de
1079 3867 1194 3934 Insula
1208 3867 1270 3934 Le·

134 3999 252 4062 porum
268 3975 430 4042 mediante
445 3975 574 4042 homino
589 3980 700 4042 nostro
726 3976 786 4042 sub
803 3976 987 4042 testimonio
1003 3981 1109 4041 vestro
1126 3975 1269 4060 legitime

133 4090 294 4152 statutam
310 4091 398 4150 tenet
413 4089 446 4150 et
459 4083 610 4170 possidet,
626 4085 850 4169 potencialiter
875 4086 1033 4150 irruentes
1058 4090 1161 4150 metas
1187 4086 1269 4151 eius-

133 4195 207 4260 dem
219 4193 712 4278 destruxissent‚quatuorequos
721 4192 859 4260 fratrum
869 4193 1110 4278 predicatorum
1119 4195 1269 4260 videlicet

132 4309 385 4386 procuratorum
400 4302 583 4368 earumdem
600 4302 803 4370 dominarum
821 4302 1074 4386 abstulissent'a
1089 4305 1267 4388 percipien-

131 4411 182 4477 dis
198 4411 399 4506 utilitatibus
415 4411 501 4478 dicte
515 4413 723 4496 possessionis
746 4413 932 4497 iobagiones
958 4412 1142 4478 earumdem
1157 4411 1266 4496 prohi-

130 4520 246 4585 bentes
266 4518 407 4585 famulos
423 4527 455 4585 et
471 4518 624 4586 officiales
640 4542 750 4586 earum
767 4522 906 4605 turpiter
922 4520 1150 4604 pertractando
1167 4543 1266 4605 expu-

129 4629 247 4694 lissent
273 4627 451 4714 decadem,
477 4651 572 4718 super
598 4652 662 4716 quo
686 4629 835 4698 fidelitati
861 4635 964 4696 vestre
988 4630 1184 4718 precipimus
1209 4653 1266 4719 per
