3172 5462
339 435 401 502 126
691 446 879 499 nurocnonr
902 432 1119 497 onuiuvrla.

337 615 462 680 Datum
477 633 534 698 per
549 632 664 678 manus
689 611 820 678 disereti
836 611 896 678 viri
921 609 1072 694 magistri
1090 607 1202 674 Endre
1219 606 1353 674 lectoris
1368 601 1466 690 Quin·

337 721 601 806 qucecolesiensis
626 720 700 786 aule
735 724 846 785 nostre
879 718 1137 785 vicecancellarii
1171 717 1284 782 dilecti
1309 721 1343 782 et
1366 713 1466 780 fidelis

338 831 451 914 nostri,
468 851 553 896 anno
570 828 691 894 domini
702 826 756 894 Μο
772 823 976 894 OOO⁰XX⁰
992 833 1120 912 quarto,
1129 826 1267 910 septimo
1283 823 1358 890 idus
1373 821 1467 908 Apri-

340 937 389 1022 lis,
414 938 508 1022 regni
532 942 643 1003 autem
666 935 771 1003 nostri
796 955 881 1002 anno
907 935 1057 1000 similiter
1082 933 1232 1000 vicesimo
1257 933 1361 1000 tercio
1377 929 1467 1020 (535).

338 1044 591 1118 Venerabilibus
607 1095 614 1111 .
631 1095 637 1112 .
656 1095 662 1111 .
680 1041 776 1130 stb.*)

447 1156 544 1220 seggo
572 1154 689 1220 pecsetje
717 1152 867 1218 hitnyzik;
892 1151 1024 1217 credetije
1054 1167 1087 1204 aa
1109 1166 1179 1204 orsu.
1201 1151 1258 1204 lter
1279 1151 1381 1204 kincst.
1403 1155 1468 1202 orzi.

340 1246 374 1298 N.
386 1245 419 1298 R.
433 1245 467 1296 A.
481 1249 542 1297 946.
554 1249 578 1296 2.
591 1243 658 1310 dipl.
671 1243 702 1296 lt.
715 1245 794 1294 2239.
806 1242 903 1294 Kozli:
918 1243 1022 1294 Vincze
1041 1243 1142 1295 Gabor.

343 1681 439 1748 1324.
450 1703 521 1769 apr.
532 1677 625 1745 25.A
641 1679 768 1764 rapitrai
784 1677 943 1763 lro'ptolan
960 1675 1032 1741 elect
1043 1675 1169 1742 Hozloa
1184 1676 1346 1758 consesfia
1364 1675 1469 1763 Gyolo

343 1790 610 1878 Kis-Topolcsdn
626 1790 659 1852 e'e
676 1787 783 1874 Boloq
799 1796 880 1851 crecti
897 1785 1094 1848 birlolrokbo'l
1110 1785 1302 1850 tesseracost-
1325 1783 1472 1850 Andrdc-

679 1895 746 1959 orale
761 1895 911 1979 bizoayos
927 1895 1011 1958 reszt
1024 1896 1132 1978 jattat.

449 2019 518 2088 Nos
529 2020 706 2106 capitulum
717 2016 1038 2084 ecolesieNitriensis
1054 2067 1061 2083 .
1078 2068 1085 2084 .
1102 2017 1322 2102 significamus
1339 2068 1347 2084 .
1363 2069 1371 2083 .
1388 2015 1473 2102 quod

343 2129 534 2196 accedentes
559 2129 601 2194 ad
626 2135 772 2194 nostram
795 2126 995 2212 presenciam
1021 2127 1081 2192 viri
1107 2127 1233 2192 nobiles
1248 2127 1474 2211 personaliter,

343 2236 494 2302 videlicet
519 2234 629 2322 Gyula
652 2236 744 2302 rufus
760 2234 802 2301 ab
818 2258 885 2302 una
916 2239 1011 2320 parte
1028 2239 1060 2300 et
1076 2231 1228 2301 Andreas
1244 2233 1332 2302 filius
1349 2235 1474 2301 comitis

342 2343 472 2412 Hozlou
497 2345 537 2410 de
560 2344 835 2430 Kusthopolohan
862 2365 901 2408 ex
925 2343 1039 2426 altera,
1054 2342 1187 2409 tandem
1202 2345 1408 2429 propositum
1423 2363 1474 2407 ex·
1580 2397 1581 2430 3

342 2454 412 2519 titit
437 2475 495 2538 per
520 2453 649 2519 eosdem
673 2459 707 2518 et
731 2453 879 2536 relatum,
905 2451 991 2535 quod
1011 2452 1089 2517 licet
1103 2452 1189 2518 idem
1206 2473 1312 2519 comes
1329 2449 1474 2536 Gyulaa

342 2562 487 2646 puericia
503 2583 559 2628 sue
576 2561 673 2628 etatis
688 2561 846 2647 incipiens
865 2562 899 2626 in
917 2559 1029 2626 multis
1044 2557 1224 2626 fortunium
1241 2557 1324 2646 (igy)
1342 2559 1472 2626 casibus

343 2669 386 2736 ad
419 2676 627 2756 conspectum
653 2669 966 2756 quamplurimorum
996 2690 1110 2752 regum
1135 2669 1294 2736 baronum
1323 2673 1358 2734 et
1380 2669 1471 2750 regni

344 2784 534 2862 magnatum
550 2800 583 2844 se
600 2778 786 2864 exponendo
803 2783 837 2844 et
847 2779 913 2843 suis
924 2778 1067 2843 serviciis
1086 2777 1333 2844 intromittendo
1350 2799 1474 2844 necnon

346 2886 414 2952 suis
437 2885 604 2952 laboribus
631 2887 779 2972 expensis
804 2891 838 2951 et
862 2886 997 2970 quesitis
1023 2907 1088 2952 non
1113 2887 1274 2971 parcendo
1307 2887 1473 2972 quandam
1579 2883 1580 2898 ³

345 2993 581 3078 possessionem
606 2993 749 3078 ipsorum
774 2992 1006 3059 hereditariam
1040 2993 1292 3080 Kystopolchan
1323 3001 1473 3061 vocatam

346 3101 423 3169 olim
439 3121 498 3186 per
513 3105 640 3184 patrem
655 3101 800 3185 ipsorum
815 3099 965 3166 videlicet
980 3121 1038 3184 per
1049 3102 1200 3167 comitem
1217 3100 1346 3168 Hozlou
1362 3124 1403 3167 ac
1419 3124 1475 3186 per

345 3211 427 3275 alios
451 3210 614 3294 proximos
640 3231 714 3274 suos
739 3209 902 3275 venditam
927 3215 960 3276 et
975 3211 1127 3276 amissam
1147 3233 1186 3276 ac
1202 3210 1243 3276 ab
1259 3211 1337 3295 ipsis
1353 3211 1475 3276 aliena·
1578 3287 1579 3292 γ

343 3324 412 3387 tam
428 3338 485 3382 suo
501 3317 632 3401 proprio
648 3316 760 3383 labore
777 3323 810 3383 et
826 3339 968 3402 expensa
993 3319 1115 3402 absque
1133 3319 1295 3384 iuvamina
1311 3323 1345 3384 et
1360 3319 1474 3386 labore
1578 3303 1579 3316 ³

344 3427 444 3510 ipsius
469 3425 597 3490 comitis
627 3421 762 3489 Andros
789 3423 901 3491 fratris
936 3426 985 3492 sui
1010 3449 1048 3492 ao
1079 3427 1216 3492 aliorum
1250 3427 1473 3511 proximorum

345 3555 477 3599 suorum
492 3555 550 3617 pro
567 3540 696 3599 centum
715 3535 832 3600 marcis
856 3536 1137 3620 recomparavitet
1155 3536 1336 3621 requisivit,
1351 3557 1477 3603 necnon

345 3642 448 3707 eciam
473 3642 728 3726 quamplurimas
753 3644 834 3710 alias
858 3646 1077 3729 possessiones
1106 3645 1148 3710 ob
1173 3646 1475 3712 remuneracionem

346 3771 477 3816 suorum
501 3747 761 3816 fidelissimorum
787 3754 994 3820 serviciorum
1019 3759 1052 3818 et
1068 3753 1297 3821 bellicosorum
1322 3754 1477 3820 sudorum
1577 3739 1578 3744 ἵ

346 3880 385 3924 ac
404 3859 507 3924 eciam
538 3859 757 3926 mediantibus
789 3862 856 3926 suis
888 3863 1037 3947 expensis
1068 3862 1131 3928 sibi
1163 3869 1196 3929 et
1221 3863 1287 3928 suis
1303 3862 1478 3928 heredibus

346 3987 435 4032 more
459 3966 587 4032 emtieio
611 3967 758 4033 similiter
790 3973 827 4034 ut
843 3971 1047 4054 premisimus
1078 3971 1202 4056 absque
1225 3973 1387 4038 iuvamine
1414 3973 1477 4036 iam

348 4073 426 4140 dicti
459 4074 585 4140 comitis
616 4072 751 4141 Andree
784 4076 897 4144 fratris
928 4079 978 4144 sui
1013 4101 1051 4144 ao
1085 4079 1225 4146 aliorum
1256 4081 1478 4164 proximorum
1576 4107 1577 4150 3

456 4271 481 4334 ⁴²)
501 4271 532 4324 L.
551 4273 666 4324 lontebb
688 4279 748 4328 105.
767 4291 805 4326 ez.
816 4293 840 4327 a.
851 4278 928 4328 asaal
941 4293 957 4328 a
970 4279 1178 4345 kiiltinbsdggel
1191 4279 1266 4345 hogy
1278 4277 1388 4330 Henrik
1408 4291 1478 4332 venz-

349 4361 437 4427 premi
457 4364 609 4428 ptispdknel
631 4380 662 4416 aa
683 4368 763 4416 »auls
780 4367 889 4418 domine
908 4369 1011 4434 regine,
1031 4371 1212 4420 cancellario«
1236 4370 1326 4434 Frildp
1345 4371 1479 4420 nadornril

350 4469 367 4502 s
378 4452 483 4504 ›iudice
493 4469 671 4505 comanorum
691 4461 719 4504 et
738 4456 1047 4520 bissenorum«‚llliklb
1057 4460 1193 4510 slavonici
1202 4460 1302 4510 banntl
1323 4473 1340 4508 a
1362 4459 1479 4510 »comite

351 4543 384 4592 de
404 4544 570 4594 Kumarom«
592 4545 696 4596 czimek
715 4547 903 4612 elhagyattalr,
931 4549 1035 4612 Mykch
1055 4550 1193 4614 kirtlyndi
1213 4549 1313 4601 tdrnok
1342 4551 1479 4601 czimdhcz
1575 4535 1576 4548 ¹

350 4633 433 4702 pedig
451 4633 633 4686 hozztadatik
654 4639 769 4688 »comite
789 4639 822 4689 ds
841 4639 922 4689 Sarna
942 4643 970 4690 et
989 4641 1022 4692 de
1041 4641 1180 4708 Zemlyn.«
