3130 5470
564 487 745 548 lassoss.
765 487 814 546 18.
1180 484 1245 548 441

105 663 172 726 acti
190 662 384 747 chybriones
414 663 480 727 vini
496 683 557 746 pro
583 662 714 728 domino
740 661 856 728 abbate
881 661 1043 729 Pilisiensi
1069 663 1119 728 vel
1135 683 1244 728 mona·

103 773 208 838 sterio
226 773 367 838 eiusdem
383 772 544 837 antedicto
561 821 568 836 .
585 821 591 837 .
610 793 682 836 oum
709 776 816 836 eutem
832 773 937 855 ipsum
964 771 1130 838 dominum
1147 772 1245 838 abba·

106 886 177 944 tem
194 879 235 944 de
252 901 289 946 eo
321 888 430 946 utrum
446 881 480 945 in
506 880 705 944 contrarium
731 879 890 944 dictarum
916 880 1097 947 litterarum
1114 881 1247 965 capituli

105 987 275 1054 Budensis
285 989 456 1054 verborum
466 1009 599 1054 suorum
608 988 851 1072 propugnaculo
862 990 1022 1054 contraire
1032 989 1180 1055 intendat
1189 995 1246 1056 aut

107 1119 165 1181 ne,
177 1097 280 1162 ternis
291 1097 411 1162 vicibus
427 1100 463 1161 ut
473 1100 585 1162 nostro
596 1095 635 1160 de
644 1097 715 1161 iure
726 1097 876 1180 congruit
886 1095 991 1162 officio
1004 1097 1247 1180 quesivissemus

107 1205 198 1270 idem
216 1203 364 1270 dominus
394 1203 499 1270 Heem
525 1203 623 1270 abbas
647 1204 681 1268 in
706 1203 796 1268 nullo
821 1205 855 1268 in
872 1206 1069 1270 contrarium
1086 1205 1246 1272 dictarum

107 1314 298 1378 litterarum
317 1333 349 1377 se
366 1313 568 1378 obiecturum
584 1311 654 1378 fore
685 1311 866 1389 affirmavit,
893 1334 951 1378 nos
967 1314 1067 1397 igitur
1083 1313 1160 1398 quia
1174 1335 1247 1398 pre-

109 1421 172 1486 fati
190 1421 374 1486 chibriones
385 1421 451 1486 vini
466 1420 506 1485 de
516 1419 610 1486 dictis
626 1419 726 1484 vineis
742 1420 776 1483 in
791 1418 951 1503 prelibata
968 1423 1166 1503 possessione
1181 1420 1247 1487 Bo·

109 1551 176 1596 ron
192 1533 306 1595 vocata
321 1528 440 1594 habitis
455 1551 515 1613 pro
527 1527 638 1594 eodem
648 1527 778 1594 domino
796 1527 913 1593 abbate
930 1533 962 1593 et
977 1549 1035 1595 suo
1051 1531 1247 1599 monasterio

111 1660 153 1704 ex
170 1647 284 1704 tenore
301 1637 460 1704 dictarum
491 1637 676 1702 litterarum
692 1637 985 1720 inquisicionalium
1011 1661 1178 1723 nunquam
1195 1659 1247 1703 ex·

111 1750 179 1814 acti
195 1747 294 1814 fuisse
310 1745 554 1832 reperiebantur
585 1747 734 1831 idemque
751 1747 898 1812 dominus
924 1747 1021 1813 abbas
1039 1748 1165 1814 eosdem
1183 1747 1249 1813 cbi-

112 1857 247 1922 briones
265 1857 331 1920 vini
363 1855 402 1920 de
418 1855 572 1940 predictis
588 1856 688 1919 vineis
719 1856 753 1919 in
784 1856 982 1938 possessione
1007 1856 1121 1921 Boron
1136 1861 1249 1922 vocata

113 1965 245 2028 situatis
261 1985 321 2048 pro
338 1984 370 2028 se
388 1968 419 2028 et
437 1984 494 2030 suo
519 1963 713 2028 monasterio
730 1961 892 2026 Pilisiensi
908 1963 1018 2047 aliquo
1036 1969 1180 2048 tempore
1198 1984 1250 2028 ex-

113 2077 207 2138 actos
218 2071 288 2138 fore
298 2093 357 2137 neo
367 2071 642 2137 demonstraoione
653 2069 944 2138 efficacissimum
959 2073 1250 2138 instrumentorum

112 2201 176 2245 nec
190 2181 303 2264 aliqua
333 2179 395 2245 alia
427 2179 565 2244 evidenti
595 2179 724 2244 racione
755 2179 863 2262 potuit
894 2181 1114 2264 comprobare,
1135 2203 1195 2266 pro
1214 2201 1250 2247 eo

115 2309 260 2354 unacum
277 2288 451 2353 baronibus
483 2293 515 2353 et
530 2287 694 2353 nobilibus
709 2287 802 2370 regni
818 2287 984 2353 nobiscum
1008 2288 1154 2354 tribunal
1169 2289 1251 2354 iudi-

113 2396 197 2462 ciale
214 2394 457 2462 consedentibus
482 2396 647 2460 universos
662 2395 848 2479 iobagionss
864 2397 965 2480 ipsius
989 2399 1137 2481 magistri
1152 2397 1252 2462 Pauli

113 2505 315 2589 carpentarii
334 2503 456 2568 domini
471 2504 557 2586 regis
589 2503 629 2567 ab
661 2504 829 2569 exaccione
856 2503 1052 2570 ebibriorum
1068 2507 1134 2570 vini
1150 2505 1190 2570 de
1206 2506 1251 2568 vi-

114 2613 185 2676 neis
202 2613 237 2675 in
253 2616 489 2695 prememorata
504 2611 702 2694 possessione
718 2609 829 2676 Boron
840 2618 949 2677 vocate
967 2612 1178 2678 existentibus
1188 2634 1248 2696 pro

115 2719 232 2786 eodem
249 2718 379 2784 domino
411 2717 527 2783 abbate
552 2724 584 2782 et
608 2739 664 2782 suo
690 2720 884 2785 monasterio
915 2719 1079 2786 Pilisiensi
1105 2719 1252 2785 iacienda

115 2829 313 2893 auctoritate
328 2825 496 2892 iudiciaria
512 2826 661 2891 duximus
678 2826 862 2891 eximendos
879 2876 885 2890 .
902 2877 908 2892 .
925 2827 1051 2892 Datum
1066 2829 1100 2892 in
1117 2829 1248 2912 Wysse-

115 2935 211 3020 grad,
229 2935 352 3000 decimo
369 2935 421 3000 die
437 2935 562 3000 sabbati
592 2937 732 3019 proximi
762 2939 836 3019 post
853 2934 969 3000 festum
1000 2935 1086 3001 beati
1111 2937 1254 3002 Michae-

115 3045 157 3109 lis
183 3041 371 3126 arohangeli
394 3049 602 3128 prenotatum
612 3094 624 3125 ,
648 3064 733 3110 anno
772 3041 897 3108 domini
935 3042 1111 3110 Millesimo
1150 3041 1252 3112 0000

115 3150 214 3216 XX⁰
229 3173 325 3216 nono.

230 3315 328 3380 nagge
342 3313 491 3378 pecsdttel;
506 3313 635 3378 credetije
659 3329 691 3364 az
704 3329 772 3364 orez.
786 3315 819 3366 lt.
833 3315 933 3366 kinost.
957 3319 1025 3365 oszt.
1038 3315 1113 3365 Mon.
1133 3315 1194 3364 Pos.
1208 3318 1253 3366 46.

119 3409 163 3454 13.
175 3403 247 3467 dipl.
261 3403 332 3454 ltar:
348 3406 424 3454 2879.
438 3403 535 3454 Kozli:
549 3404 652 3455 Vincze
663 3404 765 3456 Gdbor·

610 3565 768 3574 ——--

654 3805 727 3867 386.

119 3967 222 4029 1329.
241 3975 298 4030 oct.
318 3966 367 4028 18.
386 3967 474 4031 Hoot
489 3969 658 4052 vcirnaeppe
675 3967 812 4051 ispdnjo
830 3968 862 4030 ds
880 3965 1060 4030 bir’dtcirsoi
1079 3963 1151 4027 etun
1167 3962 1252 4028 Bori

116 4073 251 4138 Helmes
269 4075 390 4139 Miletos
405 4073 491 4139 Borr'
507 4075 622 4138 Petbdt
638 4074 787 4159 biscopes
798 4071 1143 4158 birtotzdlopbcvc'tele
1161 4073 1252 4136 indat

598 4183 732 4246 ladrddre
748 4186 855 4266 coraja.

230 4339 303 4408 Nos
318 4343 471 4427 magister
487 4339 520 4407 N
523 4342 643 4428 icolaus
660 4361 764 4406 coines
781 4341 960 4406 Hontensis
970 4346 1001 4406 et
1018 4346 1158 4426 quatuor
1173 4339 1255 4404 iudi-

114 4471 168 4514 ces
184 4449 345 4516 nobilium
362 4450 502 4516 eiusdem
519 4451 689 4516 comitatus
700 4449 813 4517 siamus
822 4472 882 4534 pro
899 4451 1062 4531 memoris,
1080 4447 1253 4531 quodcum

115 4559 201 4624 feria
217 4565 335 4642 quartu
350 4561 498 4644 proxima
528 4565 602 4644 post
618 4557 795 4642 quindenas
820 4557 907 4622 beati
933 4556 1104 4623 Michaelis
1120 4556 1254 4622 archan·

115 4667 184 4753 geli
208 4689 337 4733 causam
368 4689 465 4752 quarn
496 4666 652 4733 Nicolaus
683 4665 787 4731 dietus
818 4665 951 4731 Helmes
984 4666 1023 4730 de
1040 4665 1121 4731 Bori
1138 4670 1252 4732 contra
