3132 5470
286 449 353 513 -374
642 462 831 510 nusouuom
847 448 1064 508 excisuris.

286 630 407 698 trabere
433 627 623 695 declarabat
649 633 682 692 et
706 623 961 708 demonstrabat,
1000 624 1116 710 quibus
1150 625 1316 711 premissis
1348 627 1412 711 ipse

287 737 549 804 sanctimoniales
565 757 629 802 non
645 732 807 800 inmodica
822 737 916 819 parte
933 753 967 798 se
983 735 1070 818 ipsas
1086 733 1155 801 lore
1171 735 1211 800 dc
1228 734 1349 800 eisdem
1365 756 1414 800 ex·

287 847 392 914 clusas
409 851 441 910 et
456 845 497 910 ab
514 844 591 929 ipsis
608 847 782 926 occupatas
807 841 1004 926 asserebant,
1019 843 1106 908 viam
1131 843 1337 926 litigancium
1358 865 1413 927 pro

287 954 405 1020 eisdem
422 953 614 1020 dominabus
630 949 823 1036 praeludere
833 951 977 1018 volentes
986 951 1110 1036 placuit
1126 951 1220 1018 nobis
1236 959 1269 1018 ct
1280 975 1413 1020 unacum

285 1063 423 1150 prelatis
440 1067 472 1128 ct
487 1061 664 1128 baronibus
679 1062 800 1126 nostris
816 1061 919 1125 risum
935 1062 1045 1126 extitit
1060 1066 1094 1126 et
1108 1060 1318 1128 decernentes
1334 1085 1413 1128 com·

286 1173 434 1242 misimus
457 1177 503 1236 ⁴ut
528 1175 599 1236 tota
623 1170 682 1235 illa
706 1171 863 1253 possessio
888 1169 1073 1236 Zarbherin
1098 1171 1158 1236 sub
1184 1171 1251 1236 suis
1276 1174 1413 1255 antiquis

289 1283 372 1348 reris
388 1281 481 1346 ruetis
497 1301 555 1364 per
571 1280 763 1364 magistrum
778 1278 954 1346 Nicolaum
970 1278 1074 1346 filium
1089 1279 1213 1346 Poteua
1244 1287 1278 1346 et
1301 1281 1413 1346 diacre

290 1397 360 1456 tum
376 1390 481 1454 virum
496 1390 690 1472 magistrum
704 1387 847 1454 Paulum
864 1387 1129 1454 archidiaconum
1145 1388 1185 1454 de
1201 1389 1338 1454 ecclesia
1352 1389 1413 1457 Va

289 1498 430 1564 radiensi
446 1502 593 1562 nostrum
610 1497 813 1580 capellanum
838 1496 1012 1580 specialem
1039 1517 1119 1579 qnos
1143 1518 1202 1581 pro
1227 1500 1348 1563 nostris
1363 1497 1414 1564 ho·

288 1606 430 1675 minibus
445 1606 531 1690 regis
547 1605 587 1670 (16
604 1605 681 1671 aula
695 1611 809 1670 nostra
824 1604 866 1670 ad
882 1604 943 1670 hoc
959 1603 1153 1688 deputantes
1184 1607 1414 1672 transmisimus

288 1713 407 1781 debeat
421 1705 636 1798 reambnla1i;
652 1735 752 1797 quare
768 1712 919 1778 fidelitati
938 1719 1044 1779 vestre
1054 1712 1191 1778 firmiter
1200 1715 1412 1798 precipientes

289 1823 480 1890 mandamus
496 1829 806 1906 quatennsunacum
816 1821 935 1887 eisdem
945 1822 1129 1886 hominibus
1139 1823 1259 1888 nostris
1275 1829 1414 1888 vestrum

288 1933 440 1998 idoneum
455 1931 617 1996 hominem
634 1937 667 1995 et
683 1953 783 1996 unum
800 1951 839 1994 ex
854 1931 944 1995 robis
969 1953 1029 2014 pro
1046 1931 1229 1996 testimonio
1254 1932 1414 1996 transmit-

289 2041 368 2106 tatis
386 2041 443 2124 qui
459 2039 634 2107 adfaciem
650 2039 736 2106 dicte
753 2040 961 2124 possessionis
989 2039 1159 2104 Zarberen
1175 2039 1359 2105 accedendo
1373 2040 1413 2102 ri-

289 2149 369 2215 cinis
385 2155 418 2214 et
434 2149 662 2214 commetaneis
679 2148 821 2214 eiusdem
837 2149 1047 2232 possessionis
1062 2149 1218 2213 universis
1235 2148 1414 2213 convocatis

290 2263 323 2321 et
338 2254 544 2348 presentibus
561 2259 594 2320 et
609 2257 713 2338 ipsam
729 2255 789 2320 sub
806 2257 873 2321 suis
889 2257 973 2320 veris
983 2257 1079 2320 metis
1105 2254 1222 2340 quibus
1241 2242 1412 2320 a'circum·

288 2364 469 2432 iacentibus
479 2363 732 2447 possessionibus
749 2370 782 2428 et
797 2364 882 2428 villis
899 2363 1041 2448 undique
1058 2363 1257 2446 disiungitur
1271 2362 1418 2428 reambu-

287 2475 386 2542 lando
402 2475 548 2540 totaliter
570 2493 628 2538 sen
652 2473 755 2556 ipsam
772 2473 1005 2556 possessionem
1029 2493 1068 2537 ex
1092 2477 1164 2538 toto
1188 2474 1283 2540 iuxta
1309 2493 1418 2538 eornm

288 2583 386 2648 fi'dem
402 2588 436 2647 et
451 2582 684 2648 conscienciam
700 2603 764 2646 non
790 2582 939 2647 obstante
956 2581 1139 2665 aliquorum
1156 2582 1417 2650 contradiccione

288 2689 494 2758 considerent
509 2695 543 2754 et
558 2710 708 2756 mensura
718 2690 822 2772 regali
837 2690 1052 2756 mensurando
1080 2689 1268 2756 discernant
1285 2691 1325 2756 de
1350 2692 1417 2756 uni·

288 2801 389 2866 versis
405 2805 438 2866 et
455 2799 655 2883 quibuslibet
670 2798 870 2866 utilitatibus
887 2799 972 2865 dicte
989 2798 1197 2885 possessionis
1208 2799 1293 2866 etde
1309 2821 1417 2866 nnme-

287 2911 333 2976 n's
349 2910 533 2976 carumdem
549 2911 728 2976 utilitatum
739 2915 772 2974 et
789 2910 830 2975 ad
842 2917 922 2994 quot
937 2915 1049 2976 aratra
1058 2911 1130 2995 ipsa
1145 2913 1218 2976 tota
1233 2915 1325 2976 terra
1340 2909 1417 2976 Zar-

286 3019 385 3086 bsren
401 3017 543 3084 sufficiat
566 3039 623 3085 scu
649 3021 730 3101 quot
753 3019 868 3102 iugera
890 3023 1052 3085 terrarum
1077 3017 1311 3084 arabiliumet
1342 3025 1419 3101 quot

287 3127 517 3212 campestrium
533 3133 721 3212 quantaque
736 3128 810 3194 loca
834 3127 1022 3194 sessionalia
1047 3131 1080 3192 et
1096 3131 1237 3210 quantas
1251 3127 1363 3192 uncas
1386 3127 1418 3192 in

288 3259 321 3302 se
338 3237 502 3302 contineat
518 3242 551 3302 et
566 3237 600 3300 in
617 3243 698 3321 quot
708 3237 877 3321 iugeribus
887 3243 1049 3302 terrarum
1059 3237 1138 3302 silve
1152 3235 1271 3302 rubeta
1287 3257 1418 3303 nemora

285 3351 421 3428 excepta
436 3344 698 3429 solumpredicta
714 3345 796 3413 silva
812 3345 950 3429 coquina
968 3345 1172 3412 dominarum
1190 3345 1415 3430 predictarum

286 3453 382 3518 metis
413 3459 450 3518 nt
466 3453 585 3520 dicitur
601 3453 803 3520 circumdata
819 3455 898 3519 item
916 3459 1041 3538 quanta
1056 3453 1169 3520 senilia
1184 3461 1218 3521 et
1240 3477 1365 3539 pascua
1381 3475 1419 3519 ac

286 3565 408 3645 quante
424 3561 621 3645 piscaciones
632 3556 813 3647 etaqucib'i
825 3563 967 3628 existant
986 3564 1115 3629 iaceant
1130 3564 1225 3630 simul
1248 3569 1283 3628 et
1301 3564 1416 3646 persis·

285 3675 359 3736 tant
374 3671 460 3753 ipsas
478 3669 623 3736 dominas
638 3669 698 3736 sub
714 3671 844 3736 nomine
859 3670 1079 3755 predictarum
1094 3673 1215 3739 iuriam
1230 3671 1417 3738 earumdem

285 3801 351 3844 nou
367 3779 511 3846 curando
528 3779 798 3849 contradictorias
825 3780 1037 3848 inhibicioncs
1061 3781 1247 3866 aliquorum
1272 3781 1419 3848 introdu-

286 3887 388 3953 cendo
403 3889 638 3972 possessionem
655 3889 689 3953 in
705 3887 842 3954 eandem
858 3893 892 3954 ot
907 3891 1104 3956 auctoritate
1129 3891 1217 3974 regie
1241 3891 1417 3973 potestatis

286 3997 493 4064 committant
516 3997 550 4061 in
576 3997 755 4063 dominium
779 3997 922 4063 eiusdem
947 3999 1159 4084 possessionis
1184 4000 1281 4065 salvis
1306 4001 1415 4066 saltim

284 4104 409 4172 iuribus
426 4105 560 4188 capituli
575 4103 709 4170 ecclesie
725 4103 976 4189 vesprimiensis
992 4107 1121 4174 easdem
1137 4105 1273 4192 pacifice
1289 4129 1418 4194 perma-

283 4233 361 4278 nere
378 4212 480 4278 donec
495 4213 535 4278 (16
552 4214 711 4297 qualitate
722 4215 906 4299 quantitate
916 4215 1115 4281 utilitatibus
1131 4221 1164 4280 et
1179 4216 1308 4282 iuribus
1317 4217 1416 4302 ipsius

285 4321 397 4388 totalis
411 4321 621 4405 possessionis
637 4318 805 4386 Zarberen
822 4327 855 4388 et
870 4327 1031 4406 quantum
1054 4343 1115 4406 pro
1132 4321 1253 4388 eisdam
1270 4322 1414 4390 domina·

284 4431 346 4496 bus
361 4449 422 4514 pro
437 4429 515 4511 ipsis
541 4429 780 4512 quinquaginta
805 4434 946 4512 quatuor
970 4430 1192 4496 mansionibus
1217 4429 1290 4496 dari
1316 4431 1418 4515 possit

287 4545 320 4602 et
336 4535 477 4602 sufficiat
493 4535 532 4602 (16
549 4536 661 4602 eadem
686 4542 909 4621 quantumque
934 4538 1066 4604 tandem
1082 4539 1225 4622 exceptis
1255 4543 1290 4604 et
1314 4543 1419 4604 extra·

290 4642 375 4708 datis
391 4641 547 4728 predictis
563 4645 662 4710 trium
680 4650 864 4710 aratrorum
881 4646 975 4712 terris
992 4645 1117 4713 duabus
1126 4647 1331 4714 mansionum
1341 4645 1418 4713 locis
