3172 5462
563 472 760 532 lenaeum.
781 473 807 532 1.
1205 473 1247 536 85

113 644 205 710 ando
222 653 255 710 et
265 646 325 710 sub
336 645 421 711 dicto
433 652 540 712 castro
551 646 655 734 Syrolr
665 648 699 711 in
709 647 779 731 ipsa
789 670 899 732 pugna
910 650 1110 716 adversarios
1121 655 1248 718 nostros

114 755 315 838 captivando
327 755 443 841 quibus
453 778 511 822 nos
524 757 659 841 captivis
670 755 754 822 filios
764 757 934 823 Benedicti
944 759 1249 827 dictiTurmezfide·

113 864 156 927 lis
168 864 273 928 nostri
283 863 475 930 redemimus
487 867 669 949 captivitati
680 865 821 931 eiusdem
837 865 964 932 Mathei
976 868 1150 934 crudeliter
1160 849 1249 936 man:

112 973 255 1055 cipntm,
271 980 483 1038 memoratam
498 975 729 1058 possessionem
747 973 842 1058 Paga
858 1025 864 1040 .
882 1025 889 1040 .
906 975 1009 1041 eidem
1024 976 1166 1044 Ihoanni
1181 977 1248 1044 filio

109 1079 191 1145 Ithe
208 1087 242 1145 et
257 1103 315 1164 per
339 1103 410 1146 cum
427 1083 492 1148 suis
507 1083 680 1148 heredibus
696 1135 703 1148 .
720 1134 726 1149 .
745 1083 891 1148 dedimus
908 1135 914 1149 .
932 1134 939 1148 .
954 1091 1112 1170 perpetuo
1129 1137 1135 1152 .
1153 1138 1160 1152 .
1176 1108 1248 1170 pos-

109 1189 283 1255 sidendam
300 1241 307 1255 .
323 1241 331 1255 .
346 1191 472 1256 Datum
488 1213 546 1276 per
569 1215 684 1258 manus
705 1193 836 1258 discreti
857 1193 916 1258 viri
932 1195 1081 1278 magistri
1096 1194 1245 1261 Ladislai

109 1297 271 1364 Alliensis
287 1299 419 1365 ecclesie
435 1301 593 1385 prepositi
603 1301 676 1366 aule
697 1307 807 1366 nostro
822 1302 1078 1367 vicecancellarii
1089 1302 1199 1368 dilecti
1212 1310 1245 1368 et

108 1405 876 1490 fidelisnostri‚annodominiM⁰OOO⁰XXm0
899 1411 1009 1492 tercio,
1020 1412 1121 1476 tercio
1131 1411 1242 1477 kalen-

109 1517 172 1582 das
199 1515 408 1600 Septembris,
433 1517 525 1600 regni
550 1523 660 1583 autem
686 1519 789 1583 nostri
813 1539 898 1584 anno
925 1519 1074 1584 similiter
1098 1519 1248 1586 vicesimo

109 1625 225 1690 tercio.
241 1623 492 1692 Venerabilibus
509 1673 517 1690 .
534 1675 541 1690 .
558 1623 653 1712 stb.*)
1083 1625 1084 1630 ’

221 1767 309 1833 Serge
320 1769 348 1818 cs
360 1768 415 1819 kek
435 1773 535 1834 selyem
548 1771 679 1822 zsindron
692 1771 805 1837 itiggdtt
818 1771 939 1836 pecsetje
949 1773 1099 1838 hieinyzik3
1115 1773 1246 1838 credetije

109 1875 144 1908 az
157 1874 228 1910 orsz.
240 1861 296 1909 lter
306 1859 404 1910 kincst.
416 1864 482 1913 cszt.
493 1862 621 1926 diplltdr
633 1879 639 1912 ε
652 1866 730 1912 2129.
741 1863 860 1927 Megvan
870 1879 897 1913 u.
911 1879 935 1914 ο.
946 1864 967 1912 Ι.
979 1863 1084 1929 Ketroly
1097 1863 1244 1929 kirtlynak

111 1952 192 2000 1328.
203 1949 248 2000 evi
261 1949 419 2000 atirata'ban
432 1951 462 2011 is,
481 1951 549 2016 dipl.
562 1953 633 2002 lter:
649 1956 726 2004 2130.
741 1954 822 2004 Kczli
833 1971 839 2005 :
851 1955 932 2019 Nagy
946 1954 1045 2018 Gyula.

602 2097 760 2106 ——-——-

657 2227 706 2287 79.

113 2388 213 2450 1323.
231 2385 406 2472 september·
427 2388 455 2451 1.
472 2385 503 2450 A
520 2385 667 2452 bosanioi
682 2387 843 2472 captatae
859 2389 931 2453 elect
946 2389 1112 2472 Ja'ncefia
1129 2388 1245 2453 Irtcdu

107 2493 232 2558 Jamat
254 2493 441 2558 Ferdtemec
464 2496 497 2558 ds
521 2495 679 2578 unokajot
698 2494 847 2558 birtokok
872 2495 1136 2581 cltdcqcm'te'sc'tdl
1159 2495 1245 2560 tilul-

623 2625 741 2666 mazzo.

221 2741 292 2810 Nos
318 2745 496 2830 capitulum
513 2745 647 2810 ecclesie
671 2745 849 2811 Bonnensis
868 2744 983 2810 damus
1003 2765 1063 2830 pro
1078 2746 1244 2829 memoria,

108 2851 202 2935 quod
217 2850 351 2918 Benche
361 2851 447 2918 filius
463 2849 543 2918 Saul
554 2853 694 2917 serviens
711 2850 870 2936 Stephani
886 2851 945 2918 filii
955 2851 982 2919 J
982 2852 1118 2920 ohannis
1133 2854 1201 2920 vice
1212 2859 1245 2918 et

107 2961 243 3027 nomine
268 2959 390 3026 domini
415 2962 464 3026 sui
487 2961 700 3045 personaliter
716 2980 824 3026 coram
840 2960 934 3026 nobis
951 2961 1145 3027 constitutus
1162 2960 1245 3026 dixit

109 3069 203 3152 quod
225 3068 312 3134 idem
328 3067 475 3134 dominus
486 3091 568 3158 suus·
578 3069 767 3152 prohiberet
781 3067 945 3134 Ferdhem
970 3069 1009 3134 dc
1025 3068 1050 3134 J
1051 3091 1125 3133 ama
1142 3075 1174 3134 et
1189 3090 1244 3134 ne-

107 3183 223 3261 potem
248 3198 342 3242 suum
365 3175 469 3242 fflium
490 3175 516 3242 J
518 3176 611 3243 acobi
627 3177 667 3243 de
682 3177 793 3243 eadem
819 3179 875 3262 qui
898 3177 1005 3243 adhuc
1021 3182 1106 3242 esset
1121 3177 1245 3262 septem

107 3307 282 3368 annorum,
300 3306 355 3350 eos
381 3308 401 3351 a
424 3285 614 3352 vendicione
638 3287 689 3352 vel
714 3287 944 3371 pignoracione
969 3285 1056 3351 dicte
1081 3285 1182 3352 Jeme
1207 3292 1241 3350 ct

108 3415 224 3461 omnes
240 3399 478 3459 commetaneos
496 3415 571 3459 suos
587 3393 628 3459 ab
646 3395 811 3477 empcione
830 3413 887 3458 seu
911 3415 970 3478 per
986 3392 1127 3476 aliquem
1143 3393 1243 3458 alium

106 3503 243 3569 modum
254 3503 508 3585 comparacione,
519 3503 670 3586 precipue
677 3500 702 3566 J
704 3503 864 3567 ohannem
874 3500 976 3566 filium
985 3500 1122 3584 Legerti
1133 3506 1166 3566 et
1181 3499 1243 3566 Pe·

107 3619 199 3676 trum
224 3610 446 3675 vicecomitem
480 3610 628 3693 magistri
652 3609 826 3694 Lampcrti
852 3608 968 3674 iudicis
1000 3609 1088 3674 curie
1120 3607 1242 3675 demini

106 3720 198 3802 regis
222 3739 243 3782 a
268 3717 456 3782 vendicione
473 3723 506 3782 et
521 3719 781 3802 perpetuacione.
798 3717 923 3783 Datum
939 3716 1055 3799 quinta
1070 3715 1152 3782 feria
1167 3737 1241 3800 pro-

106 3829 198 3892 xima
221 3826 257 3889 in
276 3824 329 3889 die
345 3826 450 3889 sancti
465 3823 576 3908 Egidii
599 3823 799 3908 confessoris,
824 3845 908 3889 anno
934 3823 1056 3889 domini
1071 3821 1125 3888 Μο
1141 3820 1242 3890 0000

106 3935 264 4001 vicesimo
279 3933 390 3998 tercio.

217 4077 348 4130 Zsrlatcin
360 4077 510 4142 gombdlyd
521 4075 614 4142 pauset
625 4077 802 4143 nyomciva13
817 4077 947 4143 credetije
964 4076 1157 4141 Keszthelyen,
1171 4089 1188 4126 a
1199 4089 1241 4142 gr.

106 4171 242 4222 Festetice
255 4184 292 4219 cs.
305 4169 382 4230 lban,
395 4167 580 4230 Miscellanea,
603 4171 645 4218 26.

217 4332 244 4395 ¹¹)
254 4332 286 4381 11.
296 4330 421 4394 fonteuu,
432 4333 474 4380 οἳ.
485 4343 521 4379 sz.
531 4332 603 4380 alatt
613 4331 686 4382 ezzel
698 4345 715 4380 a
724 4328 918 4380 hozzaaddssal
929 4345 935 4380 ε
945 4329 1059 4378 Nicolao
1068 4329 1141 4378 bano
1152 4329 1241 4379 tocius

108 4421 255 4472 Sclavenic
267 4421 369 4471 comite
383 4419 564 4484 Supruniensi
578 4423 605 4470 et
617 4419 651 4470 de
663 4421 805 4471 Romamn
819 4456 825 4470 .
840 4457 845 4469 .
860 4419 994 4484 magistro
1006 4419 1122 4468 Nicolao
1140 4419 1241 4470 comite

106 4511 270 4562 Pes-oniensi
293 4525 305 4560 a
328 4524 397 4560 anon
410 4510 581 4572 vdltozdssst
596 4511 672 4574 hogy
688 4511 824 4574 »Georgio
838 4509 998 4560 Sirmiensi«
1013 4509 1051 4559 stll
1075 4509 1125 4559 »de
1138 4508 1240 4560 Sancto

106 4603 216 4652 Irinem
232 4601 348 4664 helyett‚
362 4615 374 4648 s
387 4601 462 4663 hcgy
475 4599 556 4650 Peter
567 4600 692 4648 bosaniai
705 4601 815 4663 ptisptik
828 4599 856 4650 cs
869 4599 972 4649 Miklor
993 4598 1119 4663 somogyi
1131 4598 1239 4664 idispdn

107 4692 261 4743 nincsenelr
273 4691 430 4741 lelsorolva.
