3154 5474
720 489 908 537 auvousonv
925 479 1141 538 osulsvulaa.

893 873 967 936 461.

368 1037 463 1100 1331.
473 1040 548 1121 ‚juva
565 1038 595 1100 6.
612 1032 642 1098 Α
659 1037 788 1121 rapitrac'
803 1035 965 1120 kdplolcc
991 1037 1018 1100 I.
1035 1035 1162 1121 Kdroly
1179 1035 1353 1120 lciaailyoulc
1361 1034 1468 1120 jubenti,

367 1147 449 1230 kopp
465 1169 486 1210 a
511 1147 635 1210 tdrdcei
645 1147 781 1230 pre'poat
806 1145 952 1229 azolpcia'c
968 1145 1127 1210 ottocento
1150 1143 1403 1210 butoluaaakodda
1417 1142 1469 1208 dct-

572 1255 679 1341 puidam
695 1277 716 1318 ct
732 1255 859 1341 rapitrai
873 1255 1022 1340 cliapeict
1038 1254 1171 1320 larddra
1188 1262 1293 1318 coarto.

472 1415 599 1482 Karolo
623 1417 693 1500 regi
710 1467 740 1482 ..
768 1415 946 1500 capitulum
967 1415 1098 1480 ecclesie
1119 1412 1296 1480 Nitriensis
1312 1464 1341 1479 ..
1366 1413 1470 1477 litteras

364 1526 468 1590 vestre
486 1525 675 1591 excellencie
692 1575 720 1590 ..
739 1525 955 1608 recepimus..
971 1525 1006 1588 in
1024 1523 1085 1588 bec
1100 1521 1216 1588 verba:
1232 1521 1373 1589 Karalus
1388 1573 1394 1586 .
1407 1571 1413 1586 .
1427 1541 1472 1585 rea

365 1633 515 1699 fidelibus
532 1635 597 1700 suis
609 1633 753 1719 capitulo
764 1633 915 1699 ecclesiae
930 1631 1108 1698 Nitriensis
1118 1682 1144 1698 ..
1159 1631 1310 1698 fidelitati
1326 1635 1472 1713 vestreper

364 1747 529 1826 presentes
560 1743 758 1828 precipimus
789 1747 947 1826 quatenus
964 1741 1075 1806 literas
1106 1745 1234 1807 nostras
1257 1739 1473 1806 vicecomitibus

366 1849 585 1918 Nitriensibus
601 1854 764 1938 preposito
782 1851 821 1916 de
838 1849 971 1915 Turucb
988 1850 1164 1916 destinatas
1179 1871 1237 1934 per
1247 1846 1471 1915 unumexvobia

365 1959 515 2026 exhibere
546 1961 675 2027 faciatis
701 1959 835 2044 easdem,
852 1965 884 2025 et
900 1959 1059 2044 quidquid
1083 1960 1158 2024 visis
1182 1960 1261 2043 ipsis
1286 1957 1385 2024 literis
1408 1958 1472 2023 lece·

368 2069 435 2133 rint
452 2067 501 2134 vel
517 2069 712 2154 respondent
726 2069 866 2134 fideliter
882 2069 976 2135 nobis
992 2067 1184 2134 rescribatis.
1202 2067 1327 2134 Datum
1341 2069 1372 2132 in
1386 2065 1473 2144 Bada,

365 2178 465 2243 tercio
497 2177 547 2242 die
578 2177 652 2243 festi
684 2183 795 2244 sancte
820 2175 1010 2259 Trinitatis,
1041 2197 1136 2242 anno·
1157 2175 1280 2242 domini
1310 2175 1362 2242 Μο
1391 2172 1474 2242 000υ

367 2283 498 2350 XXX⁰
513 2287 626 2370 primo.
657 2285 729 2352 Nos
744 2287 845 2369 igitur
868 2285 1059 2351 excellencie
1075 2291 1180 2350 vestre
1204 2285 1367 2350 mandatis
1388 2283 1474 2348 bumi-

364 2393 441 2459 liter
466 2393 660 2477 obedientes,
690 2397 779 2479 ipsas
810 2393 936 2458 litteras
967 2399 1090 2458 vestras
1115 2393 1225 2458 statim
1241 2391 1379 2460 Nicolao
1401 2391 1474 2456 dicta

364 2500 479 2568 Obuka
515 2503 695 2568 vicecomiti
733 2522 837 2588 per..
876 2501 1017 2566 Paulum
1058 2502 1311 2568 concanonicum
1348 2505 1475 2567 nostrum

367 2610 615 2694 destinavimus,
647 2612 702 2695 qui
734 2610 864 2676 tandem
889 2610 933 2675 ad
962 2631 1021 2676 nos
1046 2631 1193 2675 reversus
1221 2610 1349 2675 litteras
1371 2613 1476 2674 vestras

365 2720 529 2803 predictas
545 2742 616 2785 cum
635 2721 722 2786 omni
741 2741 803 2805 que
820 2719 928 2786 decuit
943 2718 1065 2784 bonore
1090 2718 1246 2801 recepisse
1272 2723 1306 2784 et
1331 2719 1402 2801 quia
1416 2737 1476 2781 con·

364 2827 510 2894 tinebant
526 2833 563 2894 ut
579 2835 644 2893 tres
661 2849 761 2910 equos
791 2834 895 2893 vestes
912 2832 944 2892 et
960 2848 1052 2892 arma
1068 2847 1106 2891 ac
1122 2846 1278 2910 expensas
1303 2823 1477 2892 famulorum

365 2937 522 3018 prepositi
547 2936 586 3002 de
610 2935 742 3002 Turuch
768 2935 879 3001 ablata
909 2955 967 3018 per
992 2955 1065 2999 eum
1089 2931 1240 2999 redderet
1266 2939 1299 2998 et
1323 2933 1362 2998 de
1377 2932 1478 2998 iniuria

365 3043 596 3125 captivacionis
613 3045 786 3109 eorundem
803 3043 977 3125 exhiberet,
988 3047 1100 3109 contra
1118 3043 1204 3126 ipsas
1220 3040 1348 3107 litteras
1362 3043 1394 3106 in
1408 3040 1480 3104 bunc

365 3147 526 3237 (modum)
557 3151 760 3236 respondisse
790 3151 883 3218 nobis
913 3148 1035 3232 retulit,
1065 3149 1152 3234 quod
1183 3151 1272 3233 ipsos
1302 3169 1399 3232 equos
1426 3153 1479 3210 tres

365 3259 485 3324 aarl'erri
501 3264 534 3325 et
550 3259 653 3326 dictos
669 3260 807 3326 famulos
826 3260 983 3344 prepositi
1001 3257 1151 3342 impediri
1167 3279 1226 3342 per
1242 3279 1315 3322 eum
1331 3263 1480 3340 tamquam

364 3389 424 3452 per
440 3369 658 3434 vicecomitem
683 3368 883 3434 Nitriensem
908 3364 1071 3452 Georgius
1096 3366 1136 3431 de
1160 3365 1305 3432 Wasard
1322 3365 1436 3432 nobilis
1456 3367 1481 3426 et

364 3498 446 3542 arnus
464 3497 502 3542 ex
519 3482 658 3562 quatuor
684 3477 846 3542 iudicibus
862 3478 1035 3542 comitatus
1059 3475 1236 3542 Nitriensis
1263 3475 1401 3558 iecisset,
1429 3493 1481 3556 qua

364 3605 439 3650 vero
456 3585 586 3650 racione
602 3587 775 3669 ignoraret,
800 3606 860 3650 nec
892 3585 1019 3650 eosdem
1036 3607 1136 3669 equos
1152 3590 1184 3652 et
1198 3605 1250 3650 rea
1265 3582 1399 3650 reddere
1413 3580 1482 3647 vale-

365 3701 416 3758 ret
432 3693 553 3777 absque
568 3692 639 3776 lege
663 3695 713 3759 vel
730 3694 865 3760 auderet
888 3693 1010 3776 absque
1034 3695 1136 3778 ipsius
1161 3691 1298 3777 Georgii
1323 3691 1482 3760 voluntate.

366 3800 492 3866 Datum
508 3802 541 3865 in
566 3802 688 3866 octavis
713 3799 868 3886 Corporis
885 3798 1017 3884 Christi,
1048 3822 1135 3866 anno
1161 3800 1304 3866 eiusdem
1328 3799 1383 3865 Μο
1398 3795 1483 3865 000

364 3907 495 3972 XXX⁰
510 3909 623 3992 primo.

471 4071 602 4120 Zairlatain
627 4072 722 4136 peccet
735 4073 938 4139 tbredelreivel;
962 4074 1095 4138 eredetije
1117 4089 1150 4124 az
1163 4087 1232 4122 orsz.
1246 4072 1303 4124 ltar
1316 4073 1416 4124 kincst.
1428 4071 1483 4120 orat.

363 4161 418 4212 des.
433 4163 494 4212 coll.
508 4161 595 4225 'Pyr-n.
610 4165 651 4212 20.
667 4167 691 4214 5.
706 4163 772 4228 dipl.
795 4163 866 4213 isar:
882 4167 960 4214 2661.
980 4163 1077 4213 szli:
1099 4163 1225 4228 Tagdnyi
1238 4161 1273 4213 K.
