3154 5474
659 893 735 957 436.

136 1053 226 1116 1330.
243 1078 317 1138 acy.
335 1057 388 1118 21.
420 1053 603 1120 Acasua'rs'
628 1056 787 1140 krr'ptclan
803 1059 831 1122 I.
859 1059 984 1143 Ka'roly
1008 1059 1187 1145 kir·dlyuck
1205 1060 1256 1144 je·

131 1161 228 1240 lenti,
260 1165 344 1249 kopp
376 1165 479 1230 Kuldi
510 1165 630 1230 Ja'nost
661 1163 769 1229 siccet
804 1166 941 1231 Lt’riocz
965 1167 1035 1250 fiai
1065 1167 1144 1232 clleo
1178 1191 1262 1254 mep-

618 1273 771 1338 idc‘ztetle.

205 1435 209 1442 '
238 1428 370 1495 Karulo
386 1481 392 1494 .
409 1481 416 1496 .
432 1431 502 1514 regi
520 1481 526 1496 .
543 1481 551 1496 .
568 1433 746 1516 capitulum
763 1433 899 1500 ecclesie
915 1437 1018 1502 suncti
1036 1434 1209 1502 Michaelis
1220 1436 1259 1501 de

133 1536 249 1604 (lustro
265 1537 370 1602 ferreo
388 1587 395 1602 .
411 1588 418 1604 .
435 1540 576 1625 receptis
601 1540 722 1606 litteris
747 1548 851 1608 vestre
878 1541 1080 1608 celsitudinis
1106 1565 1177 1609 cum
1210 1541 1260 1610 si-

134 1665 228 1710 mone
242 1644 311 1710 filic
327 1633 461 1711 Farcesi
478 1646 518 1711 de
535 1644 665 1713 Gercho
677 1649 930 1733 hominevestro,
941 1651 1103 1716 hominem
1114 1657 1262 1716 nostrum

133 1755 309 1822 Nicolaum
325 1757 477 1822 clericum
495 1757 585 1823 chori
610 1760 736 1824 nostri.
754 1809 761 1824 .
778 1760 1015 1826 transmisimus
1041 1762 1099 1845 qui
1129 1759 1171 1826 sd
1201 1781 1259 1826 nos

76 1867 79 1870 ’
133 1865 254 1929 reversi
270 1914 277 1929 .
294 1915 301 1929 .
317 1865 499 1931 retulerunt
516 1864 603 1950 quod
618 1865 701 1930 feria
717 1867 860 1932 secunda
883 1869 1032 1952 proxima
1048 1873 1124 1934 ante
1139 1867 1259 1933 testum

134 1972 224 2037 beati
249 1971 475 2038 Bartholcmei
492 1973 632 2056 apostoli
647 1974 732 2040 idem
749 1975 846 2040 homo
871 1982 979 2042 vester
1003 1981 1154 2060 presente
1170 1977 1261 2040 testi-

136 2081 245 2146 monio
261 2087 372 2146 nostro
390 2132 397 2146 .
414 2131 420 2146 .
437 2080 463 2146 J
464 2081 624 2148 ohannem
640 2080 743 2147 filium
761 2081 907 2166 Seuerdy
924 2081 964 2148 de
979 2083 1093 2149 Kacld
1108 2083 1264 2150 incudem

133 2190 334 2272 possessione
351 2210 409 2254 sua
426 2196 539 2255 contra
554 2189 735 2255 Emiricum
761 2197 794 2256 et
818 2190 952 2256 Leulms
977 2189 1062 2256 filios
1090 2190 1265 2257 Laurencii

134 2297 173 2362 dc
189 2295 305 2364 Sithlre
322 2297 364 2363 sd
380 2303 521 2363 vestrum
537 2299 669 2363 citasset
684 2301 883 2382 presenciam
899 2349 906 2364 .
924 2349 931 2365 .
947 2297 1074 2364 Datum
1089 2297 1171 2364 ferio
1198 2305 1262 2364 ter-

135 2407 185 2471 cia
202 2407 352 2490 proxima
367 2411 443 2471 ante
459 2405 578 2470 festum
594 2406 683 2472 beati
698 2406 925 2474 Bartholomci
942 2409 1089 2492 apostoli,
1107 2429 1191 2473 anno
1209 2407 1264 2473 do-

137 2515 216 2579 mini
232 2511 410 2579 Millesimo
429 2511 531 2580 0000
547 2515 721 2581 tricesimo.

245 2678 376 2728 Zirlatstn
403 2678 494 2742 pecstt-
507 2680 686 2744 nyomeivc13
700 2680 832 2746 credet-ipe
845 2695 862 2730 a
871 2681 904 2731 N.
918 2681 1113 2731 Muzeumban.

668 3062 742 3125 437.

139 3223 236 3284 1330.
254 3221 361 3300 Il'dllo',
386 3245 459 3304 arcp.
485 3223 538 3287 25.
571 3221 719 3288 &obolos
743 3227 913 3309 urirmepye
938 3193 1156 3312 olispa'cjae's
1182 3225 1269 3290 btru-

138 3332 247 3393 ln'rsai
273 3329 346 3393 οἰδεῖ
367 3331 453 3394 Beda
469 3331 598 3414 kirtly&
615 3331 760 3416 jcbbc'py
790 3332 942 3417 bizonyos
974 3334 1079 3396 menes
1110 3332 1270 3417 dolqcibac

247 3439 347 3502 Bricci
357 3436 491 3504 Andrds
508 3441 590 3504 ultal
605 3439 681 3504 calci
696 3440 934 3525 kielc'ps'ttctccc't
951 3441 1161 3525 cyilcricilja.

248 3595 320 3662 Nos
335 3600 490 3682 magister
506 3600 531 3666 J
532 3600 651 3666 ncobus
667 3598 753 3664 filius
769 3597 863 3664 Petri
880 3601 948 3666 vice
965 3621 1071 3666 comes
1087 3599 1127 3664 de
1137 3598 1270 3664 Zoboch

137 3713 171 3772 et
187 3713 329 3790 quatuor
344 3707 465 3772 iudices
489 3707 645 3775 nobilium
670 3708 703 3772 in
728 3706 848 3789 eodem,
881 3707 994 3772 (lamus
1019 3728 1078 3791 pro
1103 3705 1269 3802 memorio,

136 3814 227 3899 quod
242 3815 380 3881 sabbato
411 3817 606 3901 proximiore
637 3821 710 3899 post
739 3814 859 3881 festum
890 3814 1091 3880 Bertolomei
1122 3813 1266 3898 apostoli

138 3945 228 3988 nunc
244 3925 402 4006 preterito
434 3945 543 3989 corsm
560 3923 653 3989 nobis
670 3920 762 3988 Beda
792 3921 879 4008 filius
903 3922 1039 3988 Kensen
1069 3921 1199 4004 iobsgio
1216 3920 1272 3986 do-

137 4031 219 4095 mini
235 4032 321 4114 regis
338 4031 378 4096 dc
409 4031 486 4096 villa
517 4029 615 4096 Koch
642 4031 834 4114 magistrum
867 4027 1037 4094 Andream
1053 4027 1195 4094 nobilem
1228 4025 1267 4089 dc

139 4138 249 4206 Bclch
266 4138 305 4203 dc
319 4138 504 4223 perdicione
535 4145 569 4202 et
593 4137 765 4202 emissione
790 4159 922 4203 suarum
947 4137 1157 4220 equsciarum
1183 4134 1270 4198 misit

139 4248 328 4332 expeditum
346 4254 378 4313 et
392 4248 579 4313 absolutum
594 4252 632 4311 ut
647 4245 781 4314 heredes
797 4245 888 4311 Bede
905 4268 945 4311 ne
976 4267 1108 4311 causam
1123 4244 1266 4327 aliquam

138 4359 174 4423 in
199 4357 355 4423 successis
372 4352 455 4442 (igy)
466 4355 664 4438 temporibus
681 4360 795 4420 contra
811 4351 979 4420 Andresm
995 4375 1123 4420 movere
1145 4351 1272 4438 possint

140 4466 322 4532 abnostris
351 4465 455 4529 literis
471 4463 653 4547 muniendo,
670 4469 703 4528 et
722 4469 872 4548 preterca
898 4485 1008 4528 omncs
1033 4484 1108 4528 suos
1134 4461 1270 4527 amissos

140 4596 240 4656 equos
257 4571 340 4637 idem
358 4571 448 4637 Bede
464 4577 661 4637 memoratus
677 4572 747 4656 ipso
775 4573 932 4654 magistro
949 4567 1084 4634 Andros
1094 4570 1182 4635 misit
1198 4590 1272 4632 ccn-

140 4683 273 4768 scquiri.
291 4681 415 4746 Datum
433 4683 464 4744 in
482 4679 594 4762 Kallo,
611 4679 748 4746 sabbato
765 4686 797 4744 et
816 4679 866 4744 (lic
890 4686 923 4743 et
940 4679 1076 4742 termino
1094 4682 1274 4762 prenotato,
