3132 5470
328 463 391 527 302
680 475 867 530 artocreas
884 429 1101 529 osularrtn.

328 665 392 728 que
409 651 457 709 est
475 642 619 710 eiusdem
636 643 760 711 Thome
775 643 910 712 voirode
935 666 956 710 a
971 651 1064 730 parte
1089 667 1165 712 vero
1190 641 1343 712 orientali
1359 663 1465 711 rema·

333 751 422 818 nebit
438 759 528 820 terra
558 752 716 838 Stephani
744 755 824 820 dicti
848 753 996 838 Vrdugh,
1021 756 1151 839 iamque
1175 757 1246 841 ipsa
1271 763 1362 820 meta
1378 762 1466 820 terre

329 860 491 945 Wossyau
518 862 625 927 tendit
650 863 692 928 ad
717 869 845 947 partem
869 862 1114 930 meridionalem
1139 865 1183 930 ad
1210 863 1346 930 fluvium
1363 862 1467 948 Sipelr

330 971 422 1035 iuxta
437 971 639 1036 vicinitatem
656 971 800 1037 eiusdem
816 978 905 1036 terre
922 970 1132 1056 Nogrymoch
1158 979 1191 1038 et
1217 995 1276 1058 per
1291 974 1389 1039 illum
1403 971 1465 1036 flu·

328 1079 415 1143 vium
431 1077 559 1164 Sypeek
576 1080 683 1144 tendit
699 1101 809 1145 versus
825 1085 953 1164 partem
970 1082 1064 1162 quasi
1079 1080 1330 1166 deponentalem
1347 1101 1460 1146 aseen-

331 1185 435 1250 dendo
460 1187 608 1269 pervenit
632 1187 666 1250 in
693 1193 803 1252 monte
830 1187 873 1252 ad
897 1187 979 1252 duas
1003 1195 1108 1254 metas
1133 1195 1257 1254 terreas
1283 1189 1397 1272 ibique
1411 1195 1464 1252 est

329 1293 427 1360 arbor
442 1294 558 1359 seilicis
570 1315 632 1377 qne
642 1295 766 1361 scilicet
774 1301 859 1361 mete
870 1303 1023 1380 separant
1033 1303 1154 1362 terram
1164 1297 1328 1380 Wossyan
1344 1303 1467 1361 aterra

333 1399 460 1486 Sypeek
477 1423 497 1468 a
512 1411 605 1486 parte
620 1425 696 1470 vero
711 1404 915 1470 meridionali
931 1405 1094 1470 vicinatur
1104 1425 1175 1471 eum
1193 1407 1289 1472 terris
1306 1405 1468 1471 nobilium

332 1511 372 1574 de
389 1509 490 1594 Taab‚
509 1518 583 1594 post
597 1510 657 1577 bec
673 1512 804 1578 divertit
820 1534 854 1578 se
870 1513 913 1578 ad
928 1519 1055 1598 partem
1065 1513 1366 1599 septemtrionalem
1378 1515 1466 1578 circa

332 1619 532 1684 vicinitatem
548 1627 634 1685 terre
651 1619 742 1686 Taab
767 1621 991 1689 descendendo
1017 1623 1057 1687 de
1084 1629 1193 1689 monte
1219 1624 1261 1689 ad
1287 1629 1421 1708 pratum
1437 1631 1470 1686 et

335 1726 381 1792 ibi
397 1729 431 1792 in
446 1723 531 1792 valle
559 1729 653 1793 iuxta
676 1725 887 1794 Funesberuk
912 1737 989 1796 sunt
1014 1731 1076 1796 due
1101 1738 1187 1797 mete
1211 1739 1326 1814 terres,
1353 1731 1469 1796 deinde

334 1837 483 1902 metatim
498 1835 656 1903 veniendo
687 1838 833 1903 ascendit
847 1845 992 1904 montem
1008 1841 1089 1904 etin
1114 1841 1234 1905 vertice
1259 1841 1382 1906 montis
1397 1859 1467 1924 per·

333 1947 421 2011 venit
442 1945 483 2010 ad
499 1951 603 2012 metas
628 1951 761 2030 terreas,
794 1945 912 2012 abhinc
929 1947 1035 2012 tendit
1049 1967 1160 2013 versus
1186 1948 1322 2013 eandem
1340 1955 1466 2032 partem

334 2054 369 2119 in
400 2054 513 2120 eodem
545 2061 655 2120 monte
681 2061 730 2120 est
749 2061 836 2120 meta
866 2061 975 2120 terrea
1005 2061 1039 2120 et
1069 2056 1104 2120 in
1134 2056 1237 2120 latere
1267 2057 1390 2122 montis
1420 2063 1467 2120 est

334 2161 482 2226 similiter
511 2167 599 2227 meta
628 2167 745 2246 terrea,
780 2159 896 2226 deinde
930 2161 1097 2227 descendit
1139 2163 1179 2227 de
1216 2171 1326 2229 monte
1358 2183 1465 2228 verens

334 2270 596 2354 septemtrionem
633 2271 780 2355 pervenit
811 2270 853 2334 ad
876 2291 1027 2352 magnam
1050 2270 1200 2336 arborem
1223 2272 1391 2336 kereinam
1414 2270 1465 2336 ubi

334 2383 383 2442 est
397 2385 484 2444 meta
514 2385 630 2462 terrea,
661 2377 779 2443 abhinc
809 2377 977 2442 descendit
1001 2376 1044 2441 ad
1068 2378 1207 2444 rivulum
1240 2399 1299 2463 per
1331 2385 1459 2464 pratum

335 2484 599 2572 transeundoque
615 2485 753 2551 rivulum
770 2486 916 2570 pervenit
940 2483 983 2550 ad
1007 2485 1089 2550 duas
1113 2493 1218 2550 metas
1242 2493 1371 2551 terreas
1387 2487 1463 2550 anti·

336 2615 426 2676 quas,
443 2599 517 2678 post
543 2595 604 2659 heo
619 2593 797 2678 gradiendo
813 2593 937 2658 directe
953 2613 1056 2676 usque
1081 2615 1232 2677 magnam
1257 2595 1343 2659 viam
1361 2603 1394 2660 et
1408 2616 1462 2679 per

336 2702 429 2767 illam
444 2704 529 2768 viam
542 2702 648 2768 tendit
664 2701 707 2768 ed
722 2708 849 2785 partem
865 2701 1101 2768 occidentalem
1117 2703 1160 2767 ad
1176 2710 1318 2786 quatuor
1334 2702 1461 2768 arbores

335 2814 491 2897 pirorum,
517 2811 633 2876 deinde
654 2813 752 2876 vertit
768 2833 802 2876 se
818 2812 936 2876 iterato
953 2810 995 2876 ad
1020 2817 1148 2895 partem
1164 2811 1408 2895 septemtrionis
1423 2808 1461 2872 ad
1552 2879 1553 2894 ἶ

339 2921 475 2986 laterem
500 2921 620 2986 montis
636 2939 812 3002 versusque
821 2925 947 3003 partem
965 2918 1210 2985 meridionalem
1221 2920 1338 2983 circuit
1354 2919 1462 2984 vallem

337 3025 539 3111 Gymulchus
565 3049 585 3092 a
609 3034 704 3113 parte
729 3049 805 3092 vero
830 3028 1088 3111 septemtrionali
1123 3027 1271 3112 pervenit
1302 3027 1336 3094 in
1361 3026 1459 3109 capite

339 3136 483 3201 eiusdem
498 3136 592 3201 vallis
609 3132 810 3219 Gymelchus
825 3155 883 3219 per
899 3135 1052 3218 antiquas
1076 3143 1180 3200 metas
1195 3136 1345 3200 metatim
1362 3133 1459 3198 eundo

336 3244 379 3309 ad
395 3242 545 3310 arborem
561 3245 660 3309 silicis
676 3251 708 3308 et
725 3243 785 3310 sub
801 3245 873 3328 ipsa
888 3245 1004 3309 arbore
1029 3244 1128 3310 silicis
1143 3251 1221 3309 sunt
1246 3243 1311 3308 due
1327 3251 1409 3307 mete
1423 3241 1460 3306 de
1551 3243 1552 3264 ¹

340 3375 424 3418 novo
451 3359 557 3418 erecte
583 3373 645 3435 que
672 3351 802 3435 quidem
826 3357 912 3417 mete
937 3359 1091 3436 separant
1116 3357 1238 3417 terram
1262 3350 1460 3436 Wossyana

336 3465 431 3544 parte
446 3459 650 3526 meridionali
667 3465 700 3524 et
716 3459 911 3525 occidentali
926 3481 947 3524 a
962 3467 1051 3524 terra
1066 3457 1240 3544 Wossyan‚
1251 3463 1286 3523 et
1299 3457 1345 3524 ibi
1361 3453 1460 3522 deficit

338 3568 488 3634 vicinitas
503 3575 590 3633 terre
607 3567 699 3634 Taab
726 3575 759 3633 et
775 3568 904 3634 demum
928 3569 998 3652 ipse
1014 3567 1231 3651 possessiones
1256 3565 1348 3631 Keet
1372 3562 1458 3628 Wos
1550 3639 1551 3648 ἢ

339 3697 419 3762 syan
443 3677 603 3761 incipiunt
627 3681 738 3741 tenere
763 3683 867 3742 metas
893 3697 965 3740 oum
991 3682 1081 3740 terra
1104 3673 1301 3759 Nogchytar
1326 3697 1346 3739 a
1373 3677 1458 3758 parte
1550 3695 1551 3728 t

341 3783 534 3850 occidentali
551 3806 613 3870 que
631 3791 680 3850 est
696 3791 785 3851 terra
800 3785 944 3850 eiusdem
970 3783 1095 3849 Thome
1120 3783 1254 3850 roivode
1271 3781 1457 3848 hereditaria

342 3899 377 3959 et
392 3914 412 3958 a
428 3899 521 3978 parte
546 3895 803 3979 septemtrionali
818 3895 980 3960 vicinatur
995 3901 1082 3958 terro
1098 3891 1216 3958 Almas
1241 3913 1262 3957 a
1286 3898 1375 3977 parte
1389 3909 1459 3953 vero

342 4003 494 4068 orientali
510 4023 583 4068 cum
598 4004 799 4088 possessione
815 4002 947 4067 Zeohen
963 4023 1021 4086 per
1052 4001 1223 4067 continuas
1247 4007 1350 4065 metas
1365 3999 1459 4063 circu·

344 4111 426 4177 endo
443 4117 475 4176 et
491 4111 670 4196 gradiendo
687 4133 751 4195 que
767 4118 843 4177 eunt
859 4111 1010 4176 similiter
1033 4109 1231 4175 hereditarie
1255 4107 1459 4192 possessiones
1549 4097 1550 4126 ³

344 4219 485 4284 eiusdem
503 4219 624 4284 domini
642 4220 772 4285 voivode
789 4221 886 4285 etita
909 4219 1058 4284 metatim
1083 4239 1140 4302 per
1169 4223 1295 4282 veteres
1319 4221 1411 4280 motas
1428 4219 1458 4275 et

343 4330 495 4412 antiquas
511 4329 708 4395 deveniendo
724 4329 923 4414 pervenitad
945 4329 1054 4395 locum
1069 4329 1210 4412 priorem
1226 4327 1334 4411 ibique
1357 4322 1463 4389 distin·
1548 4315 1549 4324 ’

345 4438 472 4501 coiones
498 4459 554 4502 seu
570 4459 683 4504 cursus
699 4445 858 4504 metarum
873 4438 1113 4522 possessionum
1136 4435 1383 4520 prescriptamm
1396 4435 1461 4493 ter·

345 4548 520 4611 minantur.
537 4545 661 4612 Datum
679 4547 814 4612 sabbato
830 4547 978 4630 proximo
994 4551 1069 4631 post
1084 4543 1203 4609 festum
1227 4541 1460 4616 Penthecostes,

346 4675 430 4722 anno
447 4655 566 4720 domini
582 4653 636 4728 M⁰
652 4653 751 4722 000ο
766 4657 915 4722 vicesimo
932 4656 1078 4742 septimo.
