3112 5466
326 445 390 506 184
682 455 870 504 asrounonr
887 441 1104 501 ercamserta.

324 641 480 686 novarum
495 639 553 703 pro
569 619 724 704 predictis
749 614 1005 700 possessionibus
1030 615 1174 681 Zalatna
1190 623 1224 681 et
1239 616 1342 702 Bykol
1356 637 1438 682 roca·

300 707 368 792 *tis
384 726 423 791 de
439 729 640 810 possessione
666 726 773 791 Kubli
790 725 931 808 exceptis
948 731 1078 808 aparte
1102 725 1337 809 passessionem
1358 725 1438 790 herc-

325 835 517 900 ditariarum
542 835 620 901 dicti
645 834 671 900 J
672 834 810 900 ohannis
835 837 1018 898 erectarum
1042 833 1127 898 sicut
1150 835 1244 900 nobis
1268 834 1301 898 in
1326 834 1440 917 scriptis

325 949 537 1027 reportarunt
561 944 622 1010 hoc
650 943 763 1009 ordine
789 941 1028 1025 distinguntur:
1053 943 1169 1026 incipit
1193 943 1278 1008 enim
1302 943 1396 1026 prima
1411 947 1441 1006 et

326 1053 517 1137 principalis
541 1060 629 1119 meta
654 1074 674 1117 a
701 1058 795 1136 parte
820 1050 1025 1116 meridionali
1051 1052 1138 1117 circa
1162 1050 1295 1117 fluvium
1319 1051 1441 1134 Vorgan

326 1161 383 1227 ubi
399 1167 475 1225 sunt
490 1167 557 1226 tres
573 1165 658 1225 mete
675 1165 789 1243 terres,
807 1181 872 1224 una
897 1179 959 1243 que
976 1165 1025 1224 est
1041 1157 1201 1244 Stephani
1217 1158 1275 1224 filii
1286 1157 1441 1238 (labriam,

327 1269 433 1335 altera
458 1290 520 1351 que
537 1275 587 1334 est
602 1267 750 1351 magistri
766 1265 898 1332 Nicolai
914 1267 994 1332 dicti
1010 1266 1156 1352 Treutul,
1177 1267 1280 1332 tercia
1295 1287 1363 1332 vero
1386 1287 1442 1350 que

327 1377 538 1460 distingvita
569 1378 768 1461 possessione
802 1376 950 1459 magistri
975 1374 1137 1440 Johannis
1162 1375 1221 1440 filii
1246 1373 1391 1458 Gregorii
1414 1379 1443 1437 et

327 1485 466 1550 fratrum
497 1505 636 1566 suorum,
668 1486 777 1568 sicque
808 1485 975 1568 paulisper
1006 1483 1111 1549 eundo
1135 1504 1248 1549 versus
1273 1483 1444 1566 aquilonem

327 1592 434 1658 tendit
449 1592 601 1658 adunam
617 1598 736 1657 metam
754 1599 902 1674 terream,
919 1591 1034 1657 deinde
1060 1613 1118 1676 per
1142 1613 1297 1675 magnum
1312 1591 1444 1676 spacium

328 1700 532 1785 procedendo
557 1701 591 1765 in
613 1699 725 1765 eadem
740 1700 825 1766 valle
849 1700 906 1764 ubi
923 1705 1000 1766 sunt
1016 1699 1079 1764 due
1095 1704 1181 1766 mete
1201 1705 1313 1781 terroe=
1338 1697 1446 1762 abhinc

329 1809 452 1875 directo
483 1808 579 1874 modo
610 1808 788 1874 incedendo
819 1809 1006 1892 pervenitur·
1031 1808 1074 1874 ad
1100 1808 1181 1874 duas
1205 1813 1309 1872 metas
1334 1813 1446 1870 terreas

328 1920 420 1983 iuxta
445 1939 598 2000 magnam
614 1918 699 1982 viam
724 1939 788 2000 qua
804 1917 871 1981 itur
890 1938 1001 1982 versus
1026 1917 1138 1982 villam
1164 1915 1300 2000 Vorgan
1323 1915 1394 1979 hino
1417 1919 1448 1977 et

328 2025 404 2090 inde
420 2029 553 2108 erectas,
570 2025 685 2089 deinde
700 2025 734 2088 in
751 2024 863 2089 eadem
880 2045 999 2108 magna
1014 2025 1067 2090 via
1094 2023 1199 2089 eundo
1214 2022 1394 2108 pervenitur
1409 2019 1448 2084 ad

330 2135 426 2199 finem
460 2136 561 2219 ipsius
586 2135 662 2200 ville
687 2135 824 2218 Vorgan
848 2134 904 2200 ubi
929 2141 1006 2201 sunt
1031 2135 1093 2199 dne
1119 2139 1205 2199 mete
1230 2139 1334 2199 terroe
1362 2133 1449 2196 iuxta

329 2244 414 2308 viam
446 2265 509 2327 que
534 2243 624 2310 vadit
658 2265 767 2308 versus
799 2243 908 2310 villam
939 2241 1090 2324 Zalatna‚
1122 2242 1241 2308 abhinc
1266 2239 1448 2307 declinando

329 2373 445 2436 parum
461 2374 572 2417 versus
588 2353 745 2418 orientem
760 2352 794 2416 in
820 2350 961 2434 quadam
986 2351 1070 2416 valle
1094 2351 1202 2415 tendit
1226 2349 1269 2416 ad
1294 2347 1448 2433 quandam

332 2459 480 2525 arborem
492 2460 605 2544 jaurfa
620 2464 770 2526 vocatam
786 2459 846 2524 sub
863 2483 928 2544 qua
943 2465 993 2525 est
1008 2481 1074 2525 una
1090 2465 1179 2525 meta
1206 2465 1323 2541 terrea,
1342 2455 1449 2522 deinde

329 2589 432 2653 prope
447 2567 538 2634 vadit
554 2568 596 2633 ad
626 2591 725 2646 unam
749 2575 870 2634 metam
895 2575 1046 2652 terream,
1070 2569 1190 2634 abhinc
1213 2589 1289 2632 vero
1313 2564 1451 2632 ascendit

330 2675 373 2740 ad
392 2675 553 2760 quendam
580 2677 793 2741 monticulum
817 2675 873 2740 ubi
890 2683 939 2742 est
955 2698 1020 2742 una
1036 2675 1135 2741 arbor
1159 2673 1380 2740 borkouchala
1403 2695 1452 2738 vo-

332 2789 406 2847 cata
430 2781 489 2848 sub
506 2805 571 2867 qua
588 2789 637 2848 est
652 2805 717 2848 una
733 2789 820 2849 meta
835 2789 951 2866 terrea,
967 2783 1086 2849 abhinc
1101 2780 1324 2848 descendendo
1349 2801 1452 2846 sersus

330 2892 593 2976 septemtrionem
610 2891 807 2975 pervenitad
818 2892 899 2958 duas
914 2898 1018 2958 metas
1037 2898 1161 2958 terreas
1178 2913 1240 2974 que
1256 2891 1377 2955 suntin
1393 2910 1453 2954 una

330 2999 423 3083 valle,
450 2999 566 3064 deinde
584 3000 729 3066 exeundo
748 3000 853 3066 tendit
868 3002 903 3066 in
918 3002 1021 3067 latere
1037 3001 1172 3067 alterius
1188 3001 1308 3066 montis
1323 3005 1356 3064 et
1370 2998 1454 3064 vadit

329 3130 388 3194 per
413 3108 538 3173 vineam
564 3107 620 3172 ubi
637 3113 712 3172 sunt
728 3109 790 3174 due
810 3116 895 3174 mete
914 3115 1030 3194 terroe,
1056 3109 1174 3175 abhinc
1199 3106 1400 3173 ascendendo
1423 3107 1453 3170 io

329 3219 400 3302 ipso
416 3221 526 3281 monte
551 3223 627 3282 sunt
644 3216 706 3283 due
722 3223 808 3282 mete
823 3223 929 3282 terreo
944 3219 978 3282 in
995 3217 1160 3283 cacumine
1180 3215 1321 3281 eiusdem
1340 3215 1455 3280 montis

331 3313 468 3407 quarum
484 3347 548 3389 una
564 3331 696 3408 separat
721 3325 875 3408 magistro
901 3324 926 3389 J
928 3325 1048 3390 ohanni
1075 3325 1180 3390 altera
1205 3346 1281 3390 vero
1305 3323 1456 3407 magistro

330 3431 477 3514 NicolaO,
502 3432 621 3498 abhinc
641 3433 763 3498 directe
779 3433 883 3498 eundo
900 3431 1007 3498 adhuc
1031 3435 1064 3498 in
1091 3434 1361 3499 conmetancitate
1380 3431 1455 3496 ‹licti

330 3541 476 3624 magistri
492 3541 518 3606 J
519 3542 655 3607 ohannis
671 3543 758 3607 venit
775 3543 816 3608 ad
833 3543 996 3627 quandam
1015 3565 1165 3626 magnam
1191 3541 1277 3607 viram
1291 3542 1383 3606 iuxta
1399 3541 1457 3604 vir·

330 3650 458 3733 gultum
477 3654 552 3715 sunt
574 3650 635 3715 clue
660 3657 745 3716 mete
761 3657 874 3734 terrea,
894 3651 1011 3718 deinde
1036 3652 1126 3718 radit
1152 3651 1194 3717 ad
1220 3649 1382 3735 quandam
1409 3650 1458 3714 sil·

329 3780 403 3823 vam
429 3763 462 3822 et
491 3757 537 3822 ibi
569 3763 645 3823 sunt
669 3757 731 3823 duo
766 3764 850 3824 mete
876 3766 990 3844 terreo,
1015 3760 1133 3825 abhinc
1166 3759 1270 3826 flectit
1295 3781 1328 3824 se
1352 3779 1459 3822 versus

331 3867 488 3931 orientem
514 3866 600 3930 cirea
624 3866 757 3931 eandem
783 3869 896 3932 silvam
922 3868 1026 3933 eundo
1052 3867 1094 3933 acl
1120 3868 1271 3933 arborem
1295 3867 1378 3932 ilicis
1404 3864 1460 3930 sub

331 3979 488 4058 quaeunt
507 3972 568 4038 due
584 3979 669 4038 mete
685 3979 800 4058 terroe,
832 3973 938 4040 adhuc
955 3975 1060 4041 eundo
1083 3977 1176 4041 iuxta
1195 3975 1331 4040 eandem
1350 3973 1460 4038 silvam

330 4084 365 4147 in
380 4083 547 4147 vicinitate
563 4081 669 4148 adhue
686 4082 827 4148 eiusdem
851 4085 999 4168 magistri
1026 4083 1189 4149 Johannis
1216 4084 1303 4148 venit
1328 4081 1371 4148 ad
1399 4102 1461 4146 ma-

330 4213 428 4274 gnam
452 4191 537 4254 viam
563 4211 628 4272 qua
652 4191 718 4255 itur
734 4191 768 4255 in
783 4191 894 4256 villam
919 4191 1027 4276 Bykol
1053 4197 1087 4255 et
1111 4190 1157 4256 ibi
1183 4195 1259 4256 sunt
1284 4197 1351 4256 tres
1378 4197 1461 4256 mete

330 4306 436 4364 terroe
480 4321 543 4382 que
591 4299 793 4383 distingvunt
831 4306 954 4365 terram
999 4299 1101 4384 ipsius
1143 4299 1292 4382 magistri
1332 4298 1461 4365 Nicolai

332 4407 373 4472 ab
399 4427 464 4471 una
488 4413 582 4491 parte
608 4415 641 4474 et
666 4414 787 4474 terram
813 4410 956 4475 eiusdem
971 4409 1120 4492 magistri
1136 4405 1301 4473 Johannis
1333 4409 1375 4474 ab
1403 4411 1463 4474 alia

331 4520 425 4598 parte
442 4519 475 4578 et
500 4519 621 4580 terram
652 4515 678 4582 J
679 4516 813 4583 ohannis
837 4515 896 4582 filii
921 4517 1064 4583 Paulis
1091 4517 1192 4580 tercia
1216 4520 1321 4600 parte,
1346 4517 1464 4582 abhinc

332 4621 422 4686 vadit
437 4624 471 4687 in
487 4623 600 4690 eadem
615 4626 667 4690 via
682 4625 715 4690 in
730 4626 897 4691 vicinitate
913 4631 999 4692 terre
1024 4623 1049 4691 J
1051 4623 1188 4692 ohannis
1214 4622 1272 4690 filii
1298 4624 1400 4692 Pauli
1426 4625 1463 4692 ad
