3112 5466
338 416 402 476 214
690 430 876 475 suuouuonr
893 415 1112 474 ouurluurln.

338 601 370 658 et
395 591 534 657 Nicolao
562 592 636 655 filiis
671 590 759 655 tlaal
784 590 841 655 filii
868 590 975 655 Balalr
1001 591 1039 654 de
1066 590 1223 655 Tornalia
1249 590 1287 654 de
1312 592 1438 654 ecaritatu

337 699 547 768 Gumuriensi
559 721 597 763 ex
607 723 672 764 una
689 707 790 783 parte,
802 706 835 762 et
846 701 961 764 comite
972 698 1015 762 Ni
1022 699 1111 763 colae
1132 699 1260 764 Jacobs
1278 704 1309 763 et
1324 696 1440 780 Georgia

336 809 411 874 filiis
436 811 461 875 J
462 809 598 874 ohannis
616 807 655 871 de
673 807 788 872 Malah
804 807 844 870 de
862 807 974 871 eodem
1001 809 1157 873 comitatu
1175 829 1213 870 ex
1231 808 1331 871 altera
1356 829 1441 870 curan

337 918 429 982 nobis
460 917 676 1000 personaliter
711 917 904 999 constitutis,
929 916 1066 999 predicti
1100 915 1125 979 J
1127 915 1271 979 ohannes
1301 914 1392 979 Peteu
1417 920 1441 976 et

336 1022 562 1089 Nicolausfilii
574 1021 661 1088 Gaal
673 1021 807 1087 confessi
820 1029 911 1087 sunt.
928 1072 935 1087 .
953 1023 1039 1104 quod
1057 1022 1221 1104 quandam
1238 1024 1440 1105 possessionen

336 1133 479 1215 ipsorum
496 1131 605 1196 Zauas
621 1137 769 1195 vocatam
785 1132 817 1194 in
835 1132 991 1195 comitatu
1002 1129 1213 1196 Gumuriensi
1230 1132 1321 1196 iuxta
1335 1130 1442 1194 flurium

338 1239 423 1324 Saye
453 1240 644 1304 existentem
671 1241 720 1303 cui
748 1239 940 1322 possessioni
967 1260 986 1302 a
1011 1246 1103 1321 parte
1131 1241 1283 1305 orientali
1309 1240 1441 1324 possessio

339 1348 480 1412 eiusdem
523 1348 648 1411 comitis
689 1347 819 1412 Nicolai
853 1346 911 1410 filii
947 1347 1110 1411 Johannis
1141 1347 1257 1411 Keaeu
1287 1354 1390 1412 vocata
1414 1350 1442 1408 ut

340 1463 490 1520 eliserunt
507 1457 668 1519 vicinatur
685 1505 691 1519 .
709 1506 715 1521 .
732 1455 950 1519 vendidissent
967 1455 1105 1520 Nicolao
1130 1455 1259 1520 Jacobo
1276 1464 1308 1520 et
1324 1453 1443 1535 Georgia

340 1563 415 1627 filiis
432 1563 456 1627 J
459 1564 595 1628 ohannis
611 1563 784 1628 antedictis
801 1586 859 1647 pro
877 1564 1011 1646 triginta
1028 1570 1150 1647 septem
1168 1565 1286 1629 rnarcis
1303 1563 1443 1648 partimin

340 1671 480 1735 denariis
498 1677 530 1734 et
547 1672 667 1753 partim
680 1672 712 1734 in
724 1672 938 1736 extirnacione
955 1672 1115 1754 condigna
1130 1673 1223 1735 iuxta
1233 1674 1323 1755 regni
1339 1691 1444 1736 consre·

337 1781 507 1845 tudinem.
525 1829 531 1842 .
548 1785 697 1862 preterea
722 1780 803 1863 prefv
815 1782 840 1843 ti
866 1780 1035 1844 ‹lohannes
1054 1780 1159 1844 Peteu
1176 1788 1210 1844 et
1226 1780 1377 1845 Nicotaus
1397 1776 1443 1840 filii

338 1887 424 1954 Gaal
441 1895 663 1952 assumserunt
680 1888 841 1971 predictos
857 1888 1031 1952 Nicolaum
1051 1889 1215 1953 «Iacobum
1233 1895 1265 1953 et
1288 1887 1445 1971 Georgium

337 1997 421 2061 filios
437 1995 462 2060 J
464 1996 599 2061 ohannis
616 1997 648 2058 in
666 1997 735 2079 ipsa
756 1999 955 2080 possessione
978 1996 1087 2062 Zauas
1103 1997 1274 2061 cluseruare
1291 2006 1324 2061 et
1339 1997 1445 2062 racione

338 2105 482 2169 eiusdem
501 2105 712 2188 possessionis
729 2126 749 2167 a
766 2106 1032 2193 generacionibus
1058 2107 1202 2188 ipsorum
1228 2113 1260 2169 et
1286 2105 1447 2189 specialiter

338 2236 357 2278 a
375 2214 399 2276 J
401 2212 528 2278 ohanne
545 2210 612 2277 filio
629 2212 788 2278 Feliciani
813 2235 938 2278 necnon
955 2236 974 2277 a
990 2213 1129 2277 Nicolao
1156 2220 1189 2276 et
1214 2213 1240 2277 J
1241 2213 1364 2277 ohanne
1386 2211 1447 2274 liliis

338 2321 445 2403 Pauli,
465 2321 618 2385 Johanne
637 2327 670 2386 et
694 2321 849 2387 Ladislao
869 2321 944 2385 filiis
964 2322 1055 2386 Petri
1082 2328 1115 2386 et
1130 2344 1150 2385 a
1166 2320 1242 2384 liliis
1263 2321 1384 2386 Nicolai
1402 2318 1447 2381 filii

339 2429 459 2495 Starna
490 2437 523 2493 et
547 2413 622 2494 filiis
648 2429 799 2514 Gregorii
824 2429 881 2494 filii
909 2431 1053 2495 eiusdem
1080 2430 1200 2495 Starna
1220 2431 1349 2495 eosdem
1372 2449 1450 2509 expu-

340 2537 431 2602 dire.
449 2588 455 2602 .
473 2538 531 2601 tali
558 2543 665 2602 tamen
698 2539 885 2603 condicione
912 2539 999 2620 quod
1025 2540 1050 2602 si
1077 2539 1214 2622 predicti
1240 2538 1299 2602 filii
1325 2536 1402 2603 Gaal
1417 2533 1450 2596 ab

341 2647 486 2729 ipsorum
502 2647 769 2728 generacionibns
795 2647 957 2730 predictos
978 2646 1153 2711 Nicolaum
1177 2646 1203 2711 J
1205 2647 1342 2711 acobum
1357 2652 1385 2709 et
1399 2643 1452 2709 Ge-

339 2756 464 2837 orgium
489 2753 572 2819 filios
589 2755 751 2818 Johanuis
781 2756 910 2840 racione
943 2755 1087 2819 eiusdem
1118 2755 1329 2837 possessionis
1359 2752 1451 2816 Zauas

342 2863 491 2946 expedire
524 2883 588 2925 non
619 2869 751 2944 possent
785 2868 863 2926 tunc
894 2863 998 2946 ipsam
1023 2862 1258 2944 possessionem
1285 2862 1326 2925 ab
1351 2859 1453 2924 eisdem

341 2971 479 3036 Nicolao
499 2969 626 3034 Jacobo
638 2975 670 3032 et
681 2968 824 3052 Georgio
840 2968 915 3035 filiis
932 2971 957 3035 J
958 2971 1094 3035 ohannis
1105 2992 1175 3034 cum
1187 2970 1287 3053 duplo
1298 2967 1454 3034 earumdem

340 3081 476 3162 triginta
501 3083 622 3160 septem
648 3098 831 3142 marcarum
857 3079 915 3143 snb
941 3079 1088 3162 predicta
1115 3079 1302 3143 condicione
1329 3073 1456 3142 solvendi

341 3187 499 3251 redimere
524 3185 720 3250 tenebuntur
736 3236 765 3250 ..
791 3186 916 3251 Datum
948 3188 998 3251 die
1033 3188 1194 3252 dominica
1224 3187 1368 3269 proxima
1390 3187 1453 3268 pest

343 3294 461 3359 festum
478 3294 566 3359 beati
590 3293 719 3358 Mathai
744 3296 886 3378 apostoli
913 3302 946 3360 et
971 3297 1177 3379 evangeliste,
1203 3318 1288 3361 anno
1313 3293 1455 3361 dominice.

343 3402 578 3467 incarnacionis
594 3400 770 3465 Millesimo
787 3404 1013 3468 trecentesimo
1030 3404 1182 3487 vigesimo
1202 3404 1327 3485 quinte.

449 3567 545 3629 Fiiggd
558 3565 706 3630 peesetee1;
726 3565 856 3628 credetije
869 3581 885 3615 a
898 3567 1057 3630 Tornallyai
1071 3582 1107 3617 cs.
1122 3569 1196 3618 lban.

348 4107 441 4169 1325.
459 4107 578 4185 Zilnm,
594 4119 670 4190 sept.
688 4108 738 4170 27.
757 4107 878 4171 lsucstt
895 4109 1026 4173 Sa'ador
1042 4107 1228 4191 orsadpdr'ro'
1244 4111 1276 4170 e's
1294 4102 1460 4171 desztrrrzri

347 4219 504 4298 uriraupp,
523 4216 638 4279 Pezold
654 4225 735 4279 trevel-
749 4216 948 4299 tlpyudddacle
973 4216 1181 4300 aepreteptuss
1207 4220 1306 4299 rriprtt
1333 4240 1385 4299 opp
1400 4212 1459 4273 tia·-

755 4323 841 4386 todot
856 4325 1063 4406 urloruo'npoz.

454 4483 493 4545 In
518 4483 645 4546 nomine
671 4483 791 4547 domini
815 4505 917 4546 amen.
944 4479 1104 4565 Quoniam
1128 4482 1234 4564 gloria
1258 4481 1406 4565 principis
1429 4478 1461 4539 iu

348 4589 555 4657 nrultitudinc
571 4592 682 4681 populi
700 4591 951 4673 connuemlatur,
968 4589 1098 4675 expedit
1117 4590 1252 4660 cuilibet
1267 4588 1398 4680 principi
1415 4584 1460 4651 sui
