3132 5470
540 464 634 525 1328.
650 468 723 527 uris.
743 465 792 526 19.

627 859 700 922 319.

96 1021 193 1084 1328.
210 1025 291 1107 crsij.
310 1024 360 1085 12.
373 1019 402 1085 A
420 1021 669 1111 brodoffelhe‘oizi
683 1032 813 1088 conceal
829 1045 851 1086 o
867 1023 943 1088 Post
957 1026 1141 1111 odrmeqyci
1151 1025 1230 1090 sael-

93 1128 236 1212 9abircllc
252 1129 511 1215 eleterjesztc'sere
536 1130 726 1217 bizoayilja,
751 1133 834 1217 hopy
859 1129 988 1194 Leloend
1016 1141 1098 1197 nevil
1113 1131 1230 1214 tiriolo,

96 1235 207 1320 molyct
223 1236 334 1302 assuto
351 1239 534 1302 Peccheaelc
549 1238 692 1303 acccztelc
708 1239 744 1320 el,
770 1238 963 1304 minuentem·
993 1237 1071 1303 Post
1103 1245 1227 1305 vdrme·

269 1347 387 1432 pyc'ben
403 1371 418 1411 s
434 1370 505 1411 roera
521 1346 661 1412 Szolnolc
677 1347 903 1433 *corrneqyelen
910 1346 1042 1433 felcitdt.

187 1503 259 1571 Nos
269 1506 372 1572 frater
381 1504 544 1590 Georgius
553 1508 643 1591 prior
653 1513 686 1574 et
696 1512 874 1574 conventus
885 1505 1116 1573 cruciferorum
1129 1508 1231 1574 eccle·

96 1611 143 1676 sie
153 1620 267 1680 sancto
274 1614 447 1682 Trinitatis
458 1615 498 1680 de
504 1613 628 1681 Calidis
634 1613 741 1701 Aquis
751 1615 866 1680 damus
875 1636 936 1700 pro
945 1616 1100 1680 memoria
1111 1666 1132 1681 ..
1144 1616 1232 1700 quod

97 1743 173 1786 cum
182 1722 216 1786 in
228 1725 481 1809 congregacione
496 1723 813 1808 presentioelebrata
836 1723 879 1788 ad
889 1728 1034 1788 nostram
1044 1723 1233 1788 accedentes

95 1830 300 1912 presenciam
315 1829 489 1897 Ladislaus
505 1831 545 1897 de
561 1829 837 1912 Sambuk,Booho
854 1829 894 1894 de
911 1825 1031 1911 Olugh‚
1048 1827 1232 1913 Stephanus

97 1935 186 2003 filius
200 1938 297 2004 Poud
307 1940 438 2006 comites
447 1939 569 2006 iudices
579 1939 736 2006 nobilium
747 1938 786 2002 de
797 1942 938 2022 quatuor
946 1934 1119 2002 iudicibusi
1130 1935 1170 2001 ds
1180 1957 1232 2002 oo·

98 2048 220 2112 mitatu
237 2046 396 2113 Pestiensi
421 2047 515 2114 nobis
539 2047 700 2130 dixerunt,
716 2045 805 2132 quod
831 2043 971 2130 quedam
995 2044 1233 2128 possessioque

98 2157 192 2238 prius
206 2153 342 2220 Lekend
358 2156 537 2222 vocabatur
553 2155 610 2222 sod
625 2177 712 2222 nuno
727 2153 858 2218 Penoho
873 2151 1060 2217 nominatur
1075 2149 1139 2215 fide
1148 2151 1233 2236 ipso·

99 2285 174 2328 rum
191 2269 242 2328 est
259 2268 293 2328 et
307 2262 371 2329 fuit
385 2265 420 2329 in
436 2264 594 2330 comitatu
609 2263 770 2329 Pestiensi
786 2267 819 2327 et
842 2282 929 2326 nunc
953 2265 1115 2344 coguntur
1130 2259 1234 2342 ipsam

103 2372 338 2456 possessionem
355 2393 424 2438 esse
440 2379 474 2438 et
489 2371 559 2438 fieri
574 2373 609 2437 in
625 2373 781 2438 comitatu
794 2369 920 2452 Zolnog
945 2373 978 2432 et
992 2367 1063 2450 ipsa
1077 2365 1235 2450 possessio

102 2501 232 2563 semper
248 2480 283 2544 in
300 2481 386 2545 omni
403 2481 533 2546 accione
559 2487 592 2546 et
608 2480 747 2546 collecta
771 2501 844 2544 cum
861 2477 948 2543 omni
967 2475 1165 2560 possessione
1180 2496 1236 2540 no·

101 2587 229 2654 biscum
240 2587 303 2654 fuit
312 2594 345 2653 et
355 2589 397 2654 ad
407 2589 588 2673 quamlibet
598 2590 769 2656 collectam
785 2588 952 2656 uobiscum
967 2584 1063 2651 solvit
1078 2589 1235 2666 tanquam

102 2719 187 2762 unus
203 2701 322 2762 noster.
339 2695 599 2766 Datuminlesto
614 2696 823 2766 Ascensionis
835 2694 978 2778 Domini,
994 2713 1079 2758 anno
1095 2689 1237 2766 eiusdem

104 2803 159 2869 Μ0
175 2801 279 2871 0000
295 2803 387 2868 XX⁰
403 2811 528 2872 octauo.

214 2967 355 3032 Ersdetije
368 2983 385 3019 a
396 2969 430 3019 N.
442 2969 635 3020 Murcumbou.

638 3349 711 3411 320.

113 3515 207 3579 1328.
225 3517 304 3601 ardj.
324 3518 373 3580 19.
391 3515 420 3580 Α
438 3513 688 3602 bodafclhe'vizi
704 3517 834 3574 corruent
852 3508 925 3572 eloco
956 3505 1096 3570 Marozel
1122 3505 1153 3567 o's
1184 3501 1245 3566 Jd·

219 3647 279 3690 uos
296 3627 415 3712 toterryi
431 3624 572 3689 cemeselc
588 3623 639 3686 lco't
655 3617 858 3704 szolqcijclcal
867 3611 1138 3704 felszabaditja'lc.

220 3841 227 3855 .
244 3842 251 3856 .
268 3791 370 3856 frater
386 3785 550 3871 Georgius
565 3784 655 3869 prior
672 3785 704 3846 et
729 3783 905 3844 conventus
932 3772 1164 3842 cruciferorum
1196 3788 1247 3832 oc·

115 3902 208 3968 clesie
225 3905 337 3966 sancte
368 3895 541 3962 Trinitatis
572 3892 611 3958 de
643 3887 767 3956 Calidis
791 3885 900 3972 Aquis
931 3935 938 3951 .
968 3935 976 3950 .
1008 3883 1051 3950 ad
1081 3881 1245 3947 universo·

114 4033 187 4076 rum
211 4009 366 4076 noticiam
382 4057 389 4072 .
405 4057 413 4072 .
429 4006 577 4072 volumus
601 4000 778 4087 pervenire,
788 3996 876 4082 quod
885 3993 1012 4062 Marcel
1027 3990 1114 4056 filius
1123 3986 1149 4054 J
1150 3986 1244 4054 acobi

114 4119 233 4185 nobilis
249 4118 289 4183 de
305 4115 436 4182 Thetun
452 4135 525 4180 cum
540 4110 686 4196 proximo
704 4128 760 4174 suo
777 4103 803 4171 J
804 4105 931 4172 ohanne
946 4101 1015 4167 filio
1033 4099 1167 4166 alterius
1184 4095 1209 4161 J
1210 4116 1244 4160 a·

116 4227 189 4294 cobi
204 4233 272 4293 tam
288 4227 355 4290 vioe
371 4231 404 4289 et
420 4223 550 4289 nomine
566 4238 702 4304 persone
720 4236 775 4280 sue
801 4219 869 4280 tam
884 4233 943 4296 pro
975 4208 1076 4274 Petro
1107 4203 1248 4272 Nicolao
1346 4185 1352 4196 ’

116 4337 278 4422 Gregorio
295 4342 329 4402 et
344 4331 507 4400 Michaele
523 4327 680 4396 fratribus
705 4324 771 4392 suis
786 4320 924 4388 uterinis
939 4317 982 4384 ad
997 4321 1144 4384 nostram
1159 4331 1248 4378 aoce-

118 4448 197 4512 [leus
211 4445 411 4532 presenciam
427 4447 477 4508 est
492 4436 664 4514 confessus,
676 4430 762 4520 quod
772 4427 988 4497 Benedictum
1003 4428 1037 4488 et
1053 4419 1250 4504 Gregorium

117 4555 204 4622 filios
221 4553 343 4620 Zemen
359 4571 466 4617 servos
482 4549 629 4632 ipsorum
643 4547 777 4629 propter·
793 4537 903 4603 fidelia
913 4533 1048 4601 servicia
1064 4527 1250 4596 eorumdem

116 4667 207 4750 ipsos
223 4669 256 4728 et
271 4659 404 4726 heredes
429 4657 649 4740 heredumque
665 4654 808 4737 ipsorum
833 4663 1033 4714 successores
1058 4636 1246 4706 manumisit
