3154 5474
724 493 910 539 arrouuonr
928 480 1146 540 ouuiurrln.

873 877 947 938 475.

315 1013 320 1026 ¹
350 1041 444 1102 1331.
480 1039 649 1122 Viscfprid,
667 1049 722 1104 oct.
739 1039 769 1102 5.
788 1039 851 1102 Pul
867 1037 1054 1122 ercambald
1069 1039 1140 1102 elba
1160 1039 1282 1121 Kelcdfi
1297 1039 1384 1102 Pelo·
1395 1040 1448 1121 fini

349 1148 478 1233 Bodroq
507 1151 687 1234 rrirmeqyei
713 1147 845 1212 rldric'n
871 1148 1016 1212 dir-tolero
1040 1149 1381 1232 roantkozdjopailrrdl
1395 1147 1451 1210 ,lm-

648 1279 731 1342 qyor
747 1256 812 1319 Pel
825 1260 946 1340 juvriro
963 1255 1186 1320 lemoudumulr.

455 1415 525 1482 Nos
541 1439 646 1482 comes
662 1416 787 1482 Paulus
803 1416 899 1481 iudex
916 1417 1002 1482 curie
1019 1416 1140 1482 domini
1157 1417 1242 1500 regis
1259 1467 1265 1482 .
1283 1467 1290 1481 .
1316 1415 1451 1498 signifiea-

348 1547 418 1590 mus
436 1575 466 1590 ..
499 1526 587 1608 quod
613 1548 685 1592 cum
712 1527 867 1607 magister
891 1523 1015 1590 Paulus
1041 1525 1147 1590 dictus
1163 1523 1304 1610 Magyar
1329 1525 1452 1590 castella·

347 1654 408 1697 nus
425 1632 464 1697 de
481 1631 606 1717 Gymus
623 1655 642 1697 a
658 1633 810 1716 primeris
826 1632 968 1716 puericie
985 1653 1040 1697 sue
1057 1631 1258 1716 temporibus
1274 1633 1356 1696 omni
1371 1631 1453 1696 fideli·

349 1742 426 1806 tatis
442 1742 550 1808 studio
567 1743 654 1825 regie
665 1739 887 1807 munificencie
907 1741 1109 1807 subserviens
1127 1741 1290 1825 quandam
1305 1740 1452 1825 possessio

351 1873 423 1914 nem
448 1849 578 1914 Adrian
611 1855 760 1916 vocatam
789 1851 822 1915 in
848 1851 1006 1916 comitatu
1033 1850 1072 1915 de
1098 1849 1261 1936 Budrugh
1287 1850 1451 1914 existentem

346 1980 404 2042 per
428 1959 550 2041 regiam
576 1959 805 2024 excellenciam
829 1959 890 2024 sibi
915 1980 975 2044 pro
991 1959 1167 2025 meritoriis
1188 1965 1222 2024 et
1246 1958 1388 2025 fidelibus
1399 1957 1451 2022 suis

346 2066 487 2131 serviciis
513 2065 636 2131 dudum
661 2067 815 2132 collatam
847 2067 945 2132 fuisse
972 2074 1005 2133 et
1028 2073 1190 2133 metarum
1217 2069 1450 2150 circumquaque

345 2173 611 2240 renoracionibus
627 2173 803 2262 plurimum
820 2175 965 2259 indigere
990 2177 1077 2262 regie
1103 2177 1298 2261 benignitati
1314 2175 1450 2240 declaras·

345 2288 403 2365 set,
418 2282 601 2366 regalisque
611 2280 822 2366 benignitatis
838 2281 860 2368 (.
870 2335 877 2348 .
888 2335 895 2350 .
906 2281 928 2369 .)
946 2285 1117 2370 antiquam
1130 2291 1162 2351 et
1172 2285 1293 2352 bonnm
1308 2287 1451 2350 coneretu-

347 2391 510 2456 dinnriam
526 2393 631 2474 legem
647 2391 738 2456 illese
751 2393 881 2475 cupiens
897 2393 1066 2460 observare
1083 2392 1227 2460 scribens
1243 2393 1384 2459 fidelibus
1398 2391 1451 2456 suis

347 2499 533 2565 honorabili
566 2500 707 2583 capitulo
740 2499 873 2565 ecclesie
906 2499 946 2565 de
976 2499 1041 2566 Kw
1073 2501 1209 2567 eandem
1243 2501 1450 2586 possessionem

347 2605 477 2672 Adrian
502 2613 650 2674 vocatam
666 2629 723 2691 per
740 2606 891 2674 Cosmam
908 2609 948 2674 de
964 2608 1065 2675 Kend
1080 2631 1136 2676 sue
1153 2609 1352 2676 celsitudinis
1369 2608 1451 2673 homi-

349 2717 475 2780 nemsi
501 2716 717 2782 contradiccio
744 2719 924 2801 cuiuspiam
952 2719 1013 2784 sibi
1033 2740 1097 2784 non
1125 2719 1272 2785 obviaret
1296 2721 1451 2784 memorato

349 2825 504 2908 magistro
530 2823 635 2890 Paulo
667 2825 754 2891 dicto
780 2825 920 2910 Magysr
944 2827 1004 2892 sub
1035 2828 1099 2892 iam
1125 2827 1204 2893 dicti
1230 2827 1359 2912 capituli
1380 2825 1453 2890 testi·

348 2933 455 2996 monio
489 2933 668 2998 vicinorum
686 2982 716 2998 ..
749 2932 1035 2999 convocarionibus
1066 2935 1184 3000 habitis
1218 2934 1304 3001 sacta
1330 2934 1453 3017 legitima
1553 2921 1554 2932 ¹

348 3041 612 3107 reambulacione
638 3091 669 3106 ..
709 3041 849 3126 relinqui
884 3041 1200 3127 contradictoresque
1233 3045 1267 3108 in
1295 3042 1454 3108 statncione

348 3147 432 3214 dicte
448 3149 659 3232 possessionis
677 3199 708 3214 ..
741 3156 856 3216 contra
880 3151 986 3235 ipsum
1010 3152 1203 3234 magistrum
1222 3151 1359 3218 Paulum
1373 3199 1400 3215 ..
1420 3148 1453 3213 nd

350 3277 405 3320 sue
423 3257 606 3322 serenitatis
630 3259 832 3342 presenciam
852 3259 946 3324 citari
971 3261 1151 3344 seriemque
1176 3261 1317 3326 omnium
1342 3258 1454 3344 premis·

348 3383 457 3428 sorum
474 3413 481 3428 .
498 3413 505 3429 .
538 3365 598 3430 sibi
615 3385 673 3449 per
688 3367 795 3450 ipsum
813 3365 990 3451 capitulum
1015 3367 1148 3434 rescribi
1163 3367 1269 3433 facere
1286 3367 1414 3434 dedisset
1427 3366 1454 3429 in

347 3471 519 3557 mandatis,
535 3473 641 3556 ipsum
659 3475 838 3558 capitulum
855 3475 988 3542 ecclesie
1004 3475 1044 3542 de
1055 3477 1119 3542 Kw
1129 3475 1268 3543 Paulum
1285 3477 1454 3562 magistrum

348 3579 381 3642 in
398 3599 536 3662 persons
551 3581 577 3647 J
578 3581 714 3647 ohannis
732 3583 842 3648 clerici
853 3588 884 3648 et
894 3581 1024 3650 Nicolai
1033 3583 1173 3651 filiorum
1188 3584 1281 3652 Petri
1297 3585 1354 3650 filii
1362 3581 1454 3648 Keled

347 3693 497 3772 presente
525 3687 697 3756 Dominico
730 3692 845 3758 clerieo
877 3693 1062 3760 testimonio
1093 3715 1203 3760 eornm
1234 3697 1269 3761 in
1294 3693 1453 3761 statucione

348 3796 487 3861 eiusdem
503 3799 712 3881 possessionis
731 3795 859 3864 Adrion
885 3801 1021 3866 condam
1036 3801 1224 3867 Leustachii
1244 3802 1381 3868 hominis
1399 3802 1453 3866 sine

347 3904 463 3968 herede
489 3911 526 3969 ut
552 3903 655 3971 fertur
679 3905 911 3973 decedentis..
944 3909 1046 3974 eidem
1075 3911 1231 3994 magistro
1256 3910 1360 3976 Paulo
1382 3908 1454 3974 dieto

346 4009 487 4095 Magyar
503 4011 650 4079 iacienda
666 4014 951 4081 contradictoriam
966 4017 1224 4100 prohibicionem
1245 4018 1357 4085 secisse
1371 4019 1454 4102 ipsos·
1552 4015 1553 4098 ]

347 4141 409 4202 que
426 4118 451 4184 J
453 4120 610 4186 ohannem
628 4121 779 4188 clericum
797 4131 829 4188 et
845 4123 1020 4190 Nicolaum
1044 4124 1128 4192 lilios
1143 4126 1237 4192 Petri
1253 4178 1284 4192 ..
1316 4127 1357 4193 ad
1379 4124 1454 4208 quin·

346 4227 445 4292 denas
462 4233 648 4294 octavarum
664 4228 738 4295 festi
753 4231 986 4299 Pentlrecostes
1004 4256 1089 4300 nunc
1113 4237 1261 4320 preteriti
1286 4236 1327 4301 ud
1349 4235 1454 4319 regiam

345 4338 544 4420 presenciam
576 4338 691 4404 citatos
717 4341 861 4405 extitisse
893 4341 927 4406 in
964 4363 1074 4408 eorum
1106 4342 1211 4410 literis
1239 4345 1455 4430 rescripserunt

345 4445 432 4527 regie
448 4447 619 4530 maiestati,
637 4469 774 4530 cumque
797 4450 866 4533 ipsa
892 4471 989 4516 cansa
1014 4477 1031 4514 s
1056 4452 1203 4536 predicto
1220 4456 1402 4520 termino..
1423 4449 1456 4514 sd

346 4559 475 4652 <returns
491 4553 674 4618 festivitatis
691 4553 844 4621 Omnium
861 4557 1057 4624 Sanctorum
1074 4561 1220 4644 proxime
1230 4569 1382 4628 venturas
1396 4582 1457 4645 pro-

346 4665 459 4741 rogata
477 4661 643 4744 extitisset,
661 4663 793 4728 tandem
810 4665 947 4732 sabbato
973 4669 1120 4753 proximo
1145 4677 1218 4734 ante
1238 4676 1368 4738 octavas
1383 4669 1457 4736 beati
