3154 5474
675 457 872 522 'axuouuosu
888 463 1102 522 oxuiurrtn.

848 859 922 921 483.

326 1026 420 1087 1331.
447 1022 475 1087 Α
503 1021 601 1086 deuloi
624 1021 785 1106 triptotum
802 1021 875 1085 clau
900 1021 1012 1086 hitales
1032 1021 1161 1086 Ledcdcs
1187 1021 1352 1106 doldoylsb'i
1375 1025 1434 1086 scir·

325 1156 411 1218 crepy
428 1133 582 1196 Dececser
592 1141 670 1196 aeret
683 1130 830 1194 dirtolcra
847 1131 1023 1196 votzatkozo'
1039 1131 1201 1196 olcleceteit
1217 1131 1356 1216 *liupger
1370 1131 1435 1194 Po'l·

724 1239 792 1300 παλ·
808 1237 1055 1324 citazolpctltatja.

431 1397 619 1483 Capitulum
650 1396 783 1462 ecclesie
799 1395 961 1463 Budensis
992 1397 1034 1464 ad
1065 1398 1337 1464 universorum..
1365 1398 1433 1462 noti·

324 1510 405 1573 ciam
422 1559 428 1571 .
445 1559 451 1574 .
469 1506 800 1591 volumusperuenire,
818 1506 904 1588 quod
915 1507 1070 1591 magistro
1085 1506 1251 1572 Lucachio
1267 1506 1434 1572 theotonice

324 1617 499 1682 castellano
532 1615 570 1680 de
594 1614 771 1682 Boldualxu
790 1614 912 1681 famulo
938 1613 1101 1700 magnifici
1126 1616 1187 1681 riri
1204 1615 1347 1701 Philippi
1372 1637 1434 1680 eon-

324 1726 398 1792 dam
414 1727 551 1811 palatini
562 1725 603 1790 ab
613 1747 678 1790 una
693 1729 794 1808 parte,
811 1724 889 1788 item
905 1723 1056 1790 Dionisio
1073 1725 1139 1791 filio
1158 1722 1302 1792 Simonis
1318 1723 1433 1790 officiali

323 1836 468 1920 magistri
493 1833 589 1898 Pauli
605 1832 685 1899 dicti
710 1831 831 1917 Magar
847 1883 872 1898 ..
890 1855 928 1898 ex
945 1833 1050 1900 altera
1066 1855 1174 1900 coram
1191 1835 1434 1918 nohis-persona·

322 1946 397 2010 liter
413 1943 598 2008 constitutis
614 1941 698 2006 idem
715 1942 869 2025 magister
885 1941 1070 2008 Lucaohius
1087 1942 1233 2008 exhihuit
1249 1942 1341 2009 nobis
1357 1963 1435 2026 quas·

325 2052 399 2118 dam
424 2052 553 2116 litteras
579 2049 922 2134 p1·ivilegiales‚unam
947 2050 1097 2116 videlicet
1113 2101 1144 2116 ..
1175 2050 1296 2117 Karoli
1319 2052 1434 2135 regis..

322 2161 355 2224 in
372 2182 436 2242 qua
453 2159 629 2224 declaravit
654 2159 788 2224 totalem
804 2161 989 2244 porcionem
1014 2161 1305 2244 possessionariam
1320 2161 1434 2226 Nicolai

323 2267 381 2334 filii
399 2264 579 2332 Alexandri
595 2268 628 2332 in
644 2268 845 2350 possessione
870 2267 1043 2334 Deuecher
1059 2273 1173 2336 vocata
1189 2271 1224 2334 in
1240 2271 1389 2336 comitatu
1403 2269 1435 2334 de

323 2377 470 2442 Zoholoh
486 2377 642 2441 existente
667 2376 814 2442 habitam
838 2399 898 2460 pro
915 2400 951 2444 eo
968 2379 1046 2462 quia
1069 2378 1155 2443 idem
1171 2377 1326 2444 Nicolaus
1340 2380 1370 2442 in
1385 2377 1436 2442 cri·

322 2486 407 2550 ruine
423 2485 654 2567 hospitalitatis
681 2486 822 2551 scienter
848 2485 973 2552 furibus
989 2487 1131 2570 impense
1147 2485 1263 2552 fuisset
1278 2485 1436 2570 deprehen·

322 2615 376 2657 sus
395 2597 427 2656 et
444 2613 551 2658 coram
577 2591 688 2656 eodem
714 2592 886 2677 magnifico
912 2596 980 2660 viro
1005 2593 1159 2678 Philippo
1184 2595 1329 2678 palatino
1353 2615 1436 2678 super

321 2701 384 2765 hoc
409 2702 573 2766 conmotus
598 2701 741 2784 legitime
767 2703 928 2768 extitisset
953 2702 996 2768 ad
1011 2723 1124 2768 manus
1149 2704 1293 2770 eiusdem
1306 2701 1435 2786 Philippi

323 2809 460 2891 palatini
486 2830 554 2873 esse
580 2815 736 2894 perpetuo
755 2811 952 2893 deuolutam,
977 2811 1075 2876 aliam
1101 2810 1232 2894 quidem
1258 2815 1391 2878 nostram
1406 2809 1434 2873 iu

324 2938 388 2998 qua
419 2916 652 2982 demonstravit
692 2905 827 2984 eandem
857 2919 1043 3002 porcionem
1074 2921 1358 3003 possessionariam
1385 2937 1433 3000 per

325 3024 460 3088 eundem
486 3023 674 3110 Philippum
700 3027 881 3110 palatinum
907 3026 1074 3092 (lominum
1100 3049 1193 3093 suum
1220 3029 1281 3094 sihi
1301 3025 1433 3092 donatam

325 3133 471 3197 extitisse
481 3143 635 3217 perpetuo
647 3141 679 3200 et
689 3135 849 3218 collatam,
859 3157 957 3219 quam
968 3135 1126 3219 siquidem
1136 3137 1319 3219 porcionem
1328 3155 1434 3220 posses·

324 3243 497 3306 sionariam
522 3242 607 3308 idem
633 3245 789 3328 magister
813 3244 996 3310 Lueachius
1022 3265 1095 3310 eum
1121 3244 1269 3311 omnibus
1286 3245 1348 3310 suis
1362 3243 1434 3308 utili-

324 3349 447 3414 tatibus
463 3359 495 3415 et
508 3351 716 3434 pertinenciis
742 3353 898 3420 universis
923 3353 1067 3419 vendidit
1084 3403 1090 3420 .
1108 3404 1114 3419 .
1145 3376 1205 3438 pro
1222 3363 1348 3420 centum
1363 3371 1433 3416 mar·

324 3458 369 3523 eis
394 3459 450 3522 fini
475 3459 600 3540 argenti
626 3461 721 3544 plene
746 3463 885 3545 receptis
911 3461 1039 3546 prefato
1064 3464 1222 3546 magistro
1242 3462 1346 3528 Paulo
1361 3461 1434 3526 dictu

323 3564 442 3649 Magar
459 3569 492 3631 et
507 3589 565 3651 per
581 3589 653 3634 eum
669 3570 735 3634 suis
751 3568 921 3634 heredibus
936 3569 1156 3655 heredumque
1182 3592 1315 3637 suorum
1330 3589 1437 3636 sueces-

325 3674 449 3740 soribus
481 3677 551 3741 iure
582 3683 740 3760 perpetuo
770 3683 803 3744 et
827 3679 1083 3745 irrevocabiliter
1113 3679 1351 3765 possidendam,
1378 3699 1437 3762 pre·

324 3782 426 3847 dictas
449 3783 561 3849 literas
578 3786 794 3870 privilegiales
810 3787 890 3852 dieti
915 3787 1035 3853 domini
1052 3789 1155 3854 nostri
1172 3791 1259 3873 regis
1277 3794 1309 3854 et
1324 3793 1437 3854 nostras

324 3889 364 3953 ad
390 3911 503 3955 manus
530 3891 608 3957 dicti
633 3895 781 3977 magistri
806 3893 903 3960 Pauli
928 3895 961 3960 in
987 3917 1126 3980 persona
1145 3895 1290 3962 eiusdem
1307 3893 1437 3962 officiahs

324 3997 373 4060 sui
413 3997 447 4060 in
488 3999 590 4063 nostri
624 4002 792 4083 presencia
826 4003 1029 4088 assignanda
1064 4005 1145 4070 alias
1176 4004 1335 4089 siquidem
1365 4004 1437 4068 litte-

323 4125 377 4168 ras
408 4105 572 4172 universas
589 4159 619 4174 ..
664 4111 690 4173 si
727 4131 806 4193 quas
842 4112 927 4176 idem
959 4113 1114 4197 magister
1138 4113 1326 4180 Lucachius
1356 4132 1438 4196 super

324 4211 426 4293 ipsam
458 4215 642 4295 porcionem
657 4219 944 4300 possessionariam
976 4219 1050 4285 dolo
1083 4219 1209 4286 fraudis
1240 4221 1350 4287 future
1378 4217 1438 4285 fieri

324 4324 531 4398 procurasset
545 4322 595 4386 vel
614 4330 803 4406 procuraret
822 4325 966 4392 reddidit
991 4326 1077 4393 idem
1093 4329 1250 4413 magister
1267 4329 1438 4396 Luoachius

325 4429 357 4486 et
372 4425 505 4508 reliquit
522 4449 628 4494 cassas
645 4481 652 4496 .
669 4481 676 4496 .
708 4432 834 4498 Datum
850 4456 908 4517 per
925 4457 1041 4500 manus
1067 4436 1202 4502 discreti
1219 4439 1281 4503 vim'
1306 4435 1437 4522 magistri

324 4529 470 4594 Ladislai
510 4535 640 4601 lectoris
672 4540 806 4604 ecclesie
837 4549 956 4626 nostre,
988 4565 1072 4610 anno
1105 4545 1229 4610 domini
1261 4547 1315 4611 Μ0
1350 4541 1438 4610 000ο

325 4633 456 4704 XXX⁰
482 4641 594 4726 primo,
621 4649 777 4730 magistro
804 4648 904 4715 Petro
922 4659 1064 4738 cantore,
1081 4653 1106 4718 J
1108 4653 1210 4720 acobo
1230 4656 1369 4740 custode,
1384 4671 1438 4718 ma·
