<?xml version="1.0" encoding="UTF-8"?>
<!DOCTYPE html PUBLIC "-//W3C//DTD XHTML 1.0 Transitional//EN"
    "http://www.w3.org/TR/xhtml1/DTD/xhtml1-transitional.dtd">
<html xmlns="http://www.w3.org/1999/xhtml" xml:lang="en" lang="en">
 <head>
  <title>
</title>
<meta http-equiv="Content-Type" content="text/html;charset=utf-8" />
  <meta name='ocr-system' content='tesseract 3.04.00' />
  <meta name='ocr-capabilities' content='ocr_page ocr_carea ocr_par ocr_line ocrx_word'/>
</head>
<body>
  <div class='ocr_page' id='page_1' title='image "./codexdiplomatic01nagygoog_0302.png"; bbox 0 0 3132 5470; ppageno 0'>
   <div class='ocr_carea' id='block_1_1' title="bbox 524 427 1212 522">
    <p class='ocr_par' dir='ltr' id='par_1_1' title="bbox 524 427 1212 522">
     <span class='ocr_line' id='line_1_1' title="bbox 524 427 1212 522; baseline -0.003 0"><span class='ocrx_word' id='word_1_1' title='bbox 524 462 618 522; x_wconf 71' lang='lat'>1397.</span> <span class='ocrx_word' id='word_1_2' title='bbox 635 465 708 522; x_wconf 71' lang='lat' dir='ltr'>ms.</span> <span class='ocrx_word' id='word_1_3' title='bbox 727 462 776 522; x_wconf 77' lang='lat'>21.</span> <span class='ocrx_word' id='word_1_4' title='bbox 834 427 839 438; x_wconf 78' lang='grc'><em>“</em></span> <span class='ocrx_word' id='word_1_5' title='bbox 1148 460 1212 521; x_wconf 76' lang='lat' dir='ltr'>sse</span> 
     </span>
    </p>
   </div>
   <div class='ocr_carea' id='block_1_2' title="bbox 101 637 1214 834">
    <p class='ocr_par' dir='ltr' id='par_1_2' title="bbox 101 637 1214 834">
     <span class='ocr_line' id='line_1_2' title="bbox 101 637 1214 725; baseline -0.002 -23"><span class='ocrx_word' id='word_1_6' title='bbox 101 641 180 722; x_wconf 81' lang='lat' dir='ltr'>regni</span> <span class='ocrx_word' id='word_1_7' title='bbox 194 645 302 703; x_wconf 77' lang='lat' dir='ltr'>aulem</span> <span class='ocrx_word' id='word_1_8' title='bbox 317 639 421 703; x_wconf 80' lang='lat' dir='ltr'>nostri</span> <span class='ocrx_word' id='word_1_9' title='bbox 438 659 523 703; x_wconf 83' lang='lat' dir='ltr'>anno</span> <span class='ocrx_word' id='word_1_10' title='bbox 541 638 690 702; x_wconf 81' lang='lat' dir='ltr'>similiter</span> <span class='ocrx_word' id='word_1_11' title='bbox 706 638 858 725; x_wconf 78' lang='lat' dir='ltr'>vigesimo</span> <span class='ocrx_word' id='word_1_12' title='bbox 875 638 1020 721; x_wconf 75' lang='lat' dir='ltr'>septime.</span> <span class='ocrx_word' id='word_1_13' title='bbox 1036 637 1214 703; x_wconf 82' lang='lat' dir='ltr'>Venerabi-</span> 
     </span>
     <span class='ocr_line' id='line_1_3' title="bbox 102 747 333 834; baseline 0.013 -22"><span class='ocrx_word' id='word_1_14' title='bbox 102 747 195 813; x_wconf 86' lang='lat' dir='ltr'>libus.</span> <span class='ocrx_word' id='word_1_15' title='bbox 211 798 217 812; x_wconf 94' lang='lat'><em>.</em></span> <span class='ocrx_word' id='word_1_16' title='bbox 234 747 333 834; x_wconf 82' lang='lat' dir='ltr'>stb.*)</span> 
     </span>
    </p>
   </div>
   <div class='ocr_carea' id='block_1_3' title="bbox 102 908 1215 1065">
    <p class='ocr_par' dir='ltr' id='par_1_3' title="bbox 102 908 1215 1065">
     <span class='ocr_line' id='line_1_4' title="bbox 195 908 1215 978; baseline -0.003 -16"><span class='ocrx_word' id='word_1_17' title='bbox 195 913 359 963; x_wconf 62' lang='lat' dir='ltr'>Vires-mm</span> <span class='ocrx_word' id='word_1_18' title='bbox 380 914 482 978; x_wconf 83' lang='lat' dir='ltr'>selyem</span> <span class='ocrx_word' id='word_1_19' title='bbox 504 911 632 963; x_wconf 77' lang='lat' dir='ltr'>zsinbron</span> <span class='ocrx_word' id='word_1_20' title='bbox 653 911 739 976; x_wconf 67' lang='lat' dir='ltr'>sigge</span> <span class='ocrx_word' id='word_1_21' title='bbox 761 911 853 962; x_wconf 70' lang='lat' dir='ltr'>leitils</span> <span class='ocrx_word' id='word_1_22' title='bbox 866 911 1015 976; x_wconf 74' lang='lat' dir='ltr'>peesette15</span> <span class='ocrx_word' id='word_1_23' title='bbox 1035 908 1164 975; x_wconf 74' lang='lat' dir='ltr'>eredet-ije</span> <span class='ocrx_word' id='word_1_24' title='bbox 1183 923 1215 960; x_wconf 80' lang='lat' dir='ltr'>az</span> 
     </span>
     <span class='ocr_line' id='line_1_5' title="bbox 102 1000 1214 1065; baseline -0.001 -14"><span class='ocrx_word' id='word_1_25' title='bbox 102 1017 159 1054; x_wconf 85' lang='lat' dir='ltr'>orsz.</span> <span class='ocrx_word' id='word_1_26' title='bbox 170 1003 200 1053; x_wconf 79' lang='lat' dir='ltr'>lt.</span> <span class='ocrx_word' id='word_1_27' title='bbox 212 1003 310 1054; x_wconf 83' lang='lat' dir='ltr'>kincst.</span> <span class='ocrx_word' id='word_1_28' title='bbox 324 1007 390 1053; x_wconf 77' lang='lat' dir='ltr'>oszl.</span> <span class='ocrx_word' id='word_1_29' title='bbox 405 1002 438 1051; x_wconf 84' lang='lat' dir='ltr'>N.</span> <span class='ocrx_word' id='word_1_30' title='bbox 453 1003 486 1051; x_wconf 84' lang='lat' dir='ltr'>R.</span> <span class='ocrx_word' id='word_1_31' title='bbox 500 1002 534 1052; x_wconf 79' lang='lat' dir='ltr'>A.</span> <span class='ocrx_word' id='word_1_32' title='bbox 548 1006 608 1052; x_wconf 79' lang='lat'>451.</span> <span class='ocrx_word' id='word_1_33' title='bbox 623 1007 666 1052; x_wconf 80' lang='lat'>20.</span> <span class='ocrx_word' id='word_1_34' title='bbox 680 1001 747 1063; x_wconf 85' lang='lat' dir='ltr'>dipl.</span> <span class='ocrx_word' id='word_1_35' title='bbox 762 1004 793 1052; x_wconf 81' lang='lat' dir='ltr'>lt.</span> <span class='ocrx_word' id='word_1_36' title='bbox 809 1005 886 1052; x_wconf 75' lang='lat'>2417.</span> <span class='ocrx_word' id='word_1_37' title='bbox 900 1001 998 1051; x_wconf 77' lang='lat' dir='ltr'>Kiizli:</span> <span class='ocrx_word' id='word_1_38' title='bbox 1021 1001 1101 1065; x_wconf 81' lang='lat' dir='ltr'>Nagy</span> <span class='ocrx_word' id='word_1_39' title='bbox 1115 1000 1214 1065; x_wconf 85' lang='lat' dir='ltr'>Gyula.</span> 
     </span>
    </p>
   </div>
   <div class='ocr_carea' id='block_1_4' title="bbox 553 1402 690 1462">
    <p class='ocr_par' dir='ltr' id='par_1_4' title="bbox 553 1402 690 1462">
     <span class='ocr_line' id='line_1_6' title="bbox 553 1402 690 1462; baseline 0 0"><span class='ocrx_word' id='word_1_40' title='bbox 553 1440 556 1448; x_wconf 67' lang='lat'>,</span> <span class='ocrx_word' id='word_1_41' title='bbox 616 1402 690 1462; x_wconf 76' lang='lat'><strong>262.</strong></span> 
     </span>
    </p>
   </div>
   <div class='ocr_carea' id='block_1_5' title="bbox 103 1555 1330 1863">
    <p class='ocr_par' dir='ltr' id='par_1_5' title="bbox 103 1555 1330 1863">
     <span class='ocr_line' id='line_1_7' title="bbox 105 1555 1330 1648; baseline -0.002 -22"><span class='ocrx_word' id='word_1_42' title='bbox 105 1563 188 1627; x_wconf 79' lang='lat'><strong><em>1327.</em></strong></span> <span class='ocrx_word' id='word_1_43' title='bbox 211 1561 379 1648; x_wconf 65' lang='lat' dir='ltr'>Viseymid,</span> <span class='ocrx_word' id='word_1_44' title='bbox 405 1562 483 1646; x_wconf 79' lang='lat' dir='ltr'>mcij.</span> <span class='ocrx_word' id='word_1_45' title='bbox 504 1563 555 1626; x_wconf 82' lang='lat'>21.</span> <span class='ocrx_word' id='word_1_46' title='bbox 582 1555 610 1626; x_wconf 83' lang='lat' dir='ltr'>I.</span> <span class='ocrx_word' id='word_1_47' title='bbox 638 1561 764 1648; x_wconf 74' lang='lat' dir='ltr'>Kcis·oly</span> <span class='ocrx_word' id='word_1_48' title='bbox 789 1561 900 1646; x_wconf 71' lang='lat' dir='ltr'>kircily</span> <span class='ocrx_word' id='word_1_49' title='bbox 917 1559 1053 1626; x_wconf 71' lang='lat' dir='ltr'>Holle&#39;lel</span> <span class='ocrx_word' id='word_1_50' title='bbox 1069 1563 1166 1624; x_wconf 77' lang='lat' dir='ltr'>vcira&#39;l</span> <span class='ocrx_word' id='word_1_51' title='bbox 1183 1561 1215 1624; x_wconf 73' lang='lat' dir='ltr'>is</span> <span class='ocrx_word' id='word_1_52' title='bbox 1327 1587 1330 1594; x_wconf 69' lang='grc'><em>’</em></span> 
     </span>
     <span class='ocr_line' id='line_1_8' title="bbox 103 1669 1216 1756; baseline 0 -24"><span class='ocrx_word' id='word_1_53' title='bbox 103 1671 337 1756; x_wconf 70' lang='lat' dir='ltr'>laiiozmdnyait</span> <span class='ocrx_word' id='word_1_54' title='bbox 358 1669 477 1735; x_wconf 58' lang='lat' dir='ltr'>Tamis</span> <span class='ocrx_word' id='word_1_55' title='bbox 494 1671 617 1754; x_wconf 77' lang='lat' dir='ltr'>erde&#39;lyi</span> <span class='ocrx_word' id='word_1_56' title='bbox 632 1671 799 1756; x_wconf 75' lang='lat' dir='ltr'>vajddealc</span> <span class='ocrx_word' id='word_1_57' title='bbox 816 1670 1081 1754; x_wconf 73' lang='lat' dir='ltr'>adoslzdmyozvdn</span> <span class='ocrx_word' id='word_1_58' title='bbox 1096 1693 1117 1732; x_wconf 86' lang='lat' dir='ltr'><strong><em>a</em></strong></span> <span class='ocrx_word' id='word_1_59' title='bbox 1133 1670 1216 1733; x_wconf 76' lang='lat' dir='ltr'>beile-</span> 
     </span>
     <span class='ocr_line' id='line_1_9' title="bbox 340 1777 963 1863; baseline -0.003 -20"><span class='ocrx_word' id='word_1_60' title='bbox 340 1781 467 1844; x_wconf 67' lang='lat' dir='ltr'>tamira</span> <span class='ocrx_word' id='word_1_61' title='bbox 483 1803 504 1843; x_wconf 84' lang='lat' dir='ltr'><strong><em>a</em></strong></span> <span class='ocrx_word' id='word_1_62' title='bbox 520 1777 620 1842; x_wconf 73' lang='lat' dir='ltr'>hedai</span> <span class='ocrx_word' id='word_1_63' title='bbox 635 1779 807 1863; x_wconf 74' lang='lat' dir='ltr'>ledptalant</span> <span class='ocrx_word' id='word_1_64' title='bbox 823 1777 963 1842; x_wconf 59' lang='lat' dir='ltr'>kile-etde:</span> 
     </span>
    </p>
   </div>
   <div class='ocr_carea' id='block_1_6' title="bbox 25 1937 1233 3646">
    <p class='ocr_par' dir='ltr' id='par_1_6' title="bbox 25 1937 1233 3646">
     <span class='ocr_line' id='line_1_10' title="bbox 198 1937 1217 2022; baseline 0 -18"><span class='ocrx_word' id='word_1_65' title='bbox 198 1938 344 2004; x_wconf 86' lang='lat' dir='ltr'>Karolus</span> <span class='ocrx_word' id='word_1_66' title='bbox 360 1987 368 2004; x_wconf 85' lang='lat'><strong>.</strong></span> <span class='ocrx_word' id='word_1_67' title='bbox 384 1988 390 2003; x_wconf 93' lang='lat'>.</span> <span class='ocrx_word' id='word_1_68' title='bbox 407 1960 465 2004; x_wconf 88' lang='lat' dir='ltr'>rex</span> <span class='ocrx_word' id='word_1_69' title='bbox 482 1989 489 2004; x_wconf 94' lang='lat'><strong>.</strong></span> <span class='ocrx_word' id='word_1_70' title='bbox 505 1989 511 2003; x_wconf 95' lang='lat'>.</span> <span class='ocrx_word' id='word_1_71' title='bbox 529 1939 673 2022; x_wconf 78' lang='lat' dir='ltr'>capitulo</span> <span class='ocrx_word' id='word_1_72' title='bbox 705 1939 838 2004; x_wconf 81' lang='lat' dir='ltr'>ecclesie</span> <span class='ocrx_word' id='word_1_73' title='bbox 869 1937 909 2003; x_wconf 86' lang='lat' dir='ltr'>de</span> <span class='ocrx_word' id='word_1_74' title='bbox 933 1937 1048 2006; x_wconf 81' lang='lat' dir='ltr'>Veteri</span> <span class='ocrx_word' id='word_1_75' title='bbox 1072 1938 1170 2004; x_wconf 82' lang='lat' dir='ltr'>Buda</span> <span class='ocrx_word' id='word_1_76' title='bbox 1186 1988 1193 2004; x_wconf 84' lang='lat'><strong>.</strong></span> <span class='ocrx_word' id='word_1_77' title='bbox 1210 1989 1217 2004; x_wconf 91' lang='lat'><strong>.</strong></span> 
     </span>
     <span class='ocr_line' id='line_1_11' title="bbox 105 2045 1217 2131; baseline 0.002 -21"><span class='ocrx_word' id='word_1_78' title='bbox 105 2067 167 2110; x_wconf 86' lang='lat' dir='ltr'>cum</span> <span class='ocrx_word' id='word_1_79' title='bbox 189 2067 244 2111; x_wconf 90' lang='lat' dir='ltr'>nos</span> <span class='ocrx_word' id='word_1_80' title='bbox 258 2047 424 2111; x_wconf 84' lang='lat' dir='ltr'>universas</span> <span class='ocrx_word' id='word_1_81' title='bbox 439 2047 656 2131; x_wconf 85' lang='lat' dir='ltr'>possessiones</span> <span class='ocrx_word' id='word_1_82' title='bbox 673 2051 705 2110; x_wconf 78' lang='lat' dir='ltr'>et</span> <span class='ocrx_word' id='word_1_83' title='bbox 721 2052 862 2111; x_wconf 72' lang='lat' dir='ltr'>cestrum</span> <span class='ocrx_word' id='word_1_84' title='bbox 878 2045 1051 2112; x_wconf 84' lang='lat' dir='ltr'>Hullouku</span> <span class='ocrx_word' id='word_1_85' title='bbox 1067 2052 1217 2113; x_wconf 81' lang='lat' dir='ltr'>vocatum</span> 
     </span>
     <span class='ocr_line' id='line_1_12' title="bbox 104 2152 1218 2222; baseline 0.004 -6"><span class='ocrx_word' id='word_1_86' title='bbox 104 2152 261 2220; x_wconf 77' lang='lat' dir='ltr'>Michaelis</span> <span class='ocrx_word' id='word_1_87' title='bbox 285 2153 396 2220; x_wconf 84' lang='lat' dir='ltr'>Mikus</span> <span class='ocrx_word' id='word_1_88' title='bbox 413 2161 446 2219; x_wconf 76' lang='lat' dir='ltr'>ei</span> <span class='ocrx_word' id='word_1_89' title='bbox 461 2155 554 2219; x_wconf 79' lang='lat' dir='ltr'>Petri</span> <span class='ocrx_word' id='word_1_90' title='bbox 570 2153 713 2219; x_wconf 87' lang='lat' dir='ltr'>filiorum·</span> <span class='ocrx_word' id='word_1_91' title='bbox 726 2153 820 2220; x_wconf 77' lang='lat' dir='ltr'>Petri</span> <span class='ocrx_word' id='word_1_92' title='bbox 836 2152 884 2218; x_wconf 82' lang='lat' dir='ltr'>fili</span> <span class='ocrx_word' id='word_1_93' title='bbox 908 2154 984 2220; x_wconf 83' lang='lat' dir='ltr'>Elie</span> <span class='ocrx_word' id='word_1_94' title='bbox 1014 2156 1218 2222; x_wconf 66' lang='lat' dir='ltr'>noteriorum</span> 
     </span>
     <span class='ocr_line' id='line_1_13' title="bbox 104 2261 1218 2346; baseline 0.003 -22"><span class='ocrx_word' id='word_1_95' title='bbox 104 2261 267 2328; x_wconf 82' lang='lat' dir='ltr'>infidelium</span> <span class='ocrx_word' id='word_1_96' title='bbox 282 2269 468 2328; x_wconf 83' lang='lat' dir='ltr'>nostrorum</span> <span class='ocrx_word' id='word_1_97' title='bbox 493 2285 566 2328; x_wconf 85' lang='lat' dir='ltr'>cum</span> <span class='ocrx_word' id='word_1_98' title='bbox 590 2263 739 2346; x_wconf 81' lang='lat' dir='ltr'>&#39;quodem</span> <span class='ocrx_word' id='word_1_99' title='bbox 765 2270 872 2328; x_wconf 76' lang='lat' dir='ltr'>castro</span> <span class='ocrx_word' id='word_1_100' title='bbox 898 2263 1065 2329; x_wconf 75' lang='lat' dir='ltr'><strong>Ztrahura</strong></span> <span class='ocrx_word' id='word_1_101' title='bbox 1081 2263 1168 2328; x_wconf 76' lang='lat' dir='ltr'>dioto</span> <span class='ocrx_word' id='word_1_102' title='bbox 1184 2265 1218 2328; x_wconf 90' lang='lat' dir='ltr'>in</span> 
     </span>
     <span class='ocr_line' id='line_1_14' title="bbox 106 2361 1219 2456; baseline 0.002 -22"><span class='ocrx_word' id='word_1_103' title='bbox 106 2372 248 2436; x_wconf 76' lang='lat' dir='ltr'>comitatu</span> <span class='ocrx_word' id='word_1_104' title='bbox 262 2369 501 2456; x_wconf 86' lang='lat' dir='ltr'>Neugradiensi</span> <span class='ocrx_word' id='word_1_105' title='bbox 518 2361 551 2438; x_wconf 78' lang='lat' dir='ltr'>et</span> <span class='ocrx_word' id='word_1_106' title='bbox 566 2367 648 2437; x_wconf 81' lang='lat' dir='ltr'>elias</span> <span class='ocrx_word' id='word_1_107' title='bbox 660 2371 779 2455; x_wconf 89' lang='lat' dir='ltr'>ubique</span> <span class='ocrx_word' id='word_1_108' title='bbox 796 2373 829 2436; x_wconf 91' lang='lat' dir='ltr'>in</span> <span class='ocrx_word' id='word_1_109' title='bbox 844 2393 945 2456; x_wconf 85' lang='lat' dir='ltr'>regno</span> <span class='ocrx_word' id='word_1_110' title='bbox 955 2379 1064 2438; x_wconf 79' lang='lat' dir='ltr'>nostro</span> <span class='ocrx_word' id='word_1_111' title='bbox 1082 2373 1219 2437; x_wconf 82' lang='lat' dir='ltr'>existen-</span> 
     </span>
     <span class='ocr_line' id='line_1_15' title="bbox 106 2478 1218 2564; baseline 0.004 -24"><span class='ocrx_word' id='word_1_112' title='bbox 106 2484 148 2541; x_wconf 81' lang='lat' dir='ltr'>tes</span> <span class='ocrx_word' id='word_1_113' title='bbox 175 2528 182 2544; x_wconf 91' lang='lat'><strong>.</strong></span> <span class='ocrx_word' id='word_1_114' title='bbox 210 2529 217 2544; x_wconf 91' lang='lat'><strong>.</strong></span> <span class='ocrx_word' id='word_1_115' title='bbox 246 2481 389 2564; x_wconf 65' lang='lat' dir='ltr'>pensetis</span> <span class='ocrx_word' id='word_1_116' title='bbox 421 2479 619 2545; x_wconf 82' lang='lat' dir='ltr'>fidelitatum</span> <span class='ocrx_word' id='word_1_117' title='bbox 649 2479 858 2563; x_wconf 84' lang='lat' dir='ltr'>laudedignis</span> <span class='ocrx_word' id='word_1_118' title='bbox 890 2480 1040 2563; x_wconf 89' lang='lat' dir='ltr'>obsequis</span> <span class='ocrx_word' id='word_1_119' title='bbox 1055 2478 1218 2564; x_wconf 81' lang='lat' dir='ltr'>magnifici</span> 
     </span>
     <span class='ocr_line' id='line_1_16' title="bbox 105 2585 1220 2654; baseline 0.002 -6"><span class='ocrx_word' id='word_1_120' title='bbox 105 2586 158 2650; x_wconf 68' lang='lat' dir='ltr'>vin·</span> <span class='ocrx_word' id='word_1_121' title='bbox 179 2585 298 2653; x_wconf 80' lang='lat' dir='ltr'>Thome</span> <span class='ocrx_word' id='word_1_122' title='bbox 328 2587 461 2654; x_wconf 84' lang='lat' dir='ltr'>voivode</span> <span class='ocrx_word' id='word_1_123' title='bbox 486 2585 692 2653; x_wconf 80' lang='lat' dir='ltr'>Transilveni</span> <span class='ocrx_word' id='word_1_124' title='bbox 733 2593 766 2652; x_wconf 75' lang='lat' dir='ltr'>el</span> <span class='ocrx_word' id='word_1_125' title='bbox 797 2589 922 2654; x_wconf 79' lang='lat' dir='ltr'>comitis</span> <span class='ocrx_word' id='word_1_126' title='bbox 948 2587 988 2652; x_wconf 88' lang='lat' dir='ltr'>de</span> <span class='ocrx_word' id='word_1_127' title='bbox 1004 2587 1144 2652; x_wconf 86' lang='lat' dir='ltr'>Zounuk</span> <span class='ocrx_word' id='word_1_128' title='bbox 1160 2585 1220 2652; x_wconf 86' lang='lat' dir='ltr'>filii</span> 
     </span>
     <span class='ocr_line' id='line_1_17' title="bbox 106 2695 1219 2782; baseline 0.004 -25"><span class='ocrx_word' id='word_1_129' title='bbox 106 2695 254 2774; x_wconf 86' lang='lat' dir='ltr'>quondam</span> <span class='ocrx_word' id='word_1_130' title='bbox 284 2699 433 2782; x_wconf 81' lang='lat' dir='ltr'>magistri</span> <span class='ocrx_word' id='word_1_131' title='bbox 461 2696 610 2778; x_wconf 72' lang='lat' dir='ltr'>Fereasii</span> <span class='ocrx_word' id='word_1_132' title='bbox 643 2746 682 2763; x_wconf 90' lang='lat'>..</span> <span class='ocrx_word' id='word_1_133' title='bbox 716 2696 820 2762; x_wconf 86' lang='lat' dir='ltr'>eidem</span> <span class='ocrx_word' id='word_1_134' title='bbox 845 2745 853 2764; x_wconf 88' lang='lat'><strong>.</strong></span> <span class='ocrx_word' id='word_1_135' title='bbox 877 2748 885 2764; x_wconf 91' lang='lat'><strong>.</strong></span> <span class='ocrx_word' id='word_1_136' title='bbox 910 2697 1141 2763; x_wconf 75' lang='lat' dir='ltr'>contulerimus</span> <span class='ocrx_word' id='word_1_137' title='bbox 1172 2747 1180 2762; x_wconf 88' lang='lat'>.</span> <span class='ocrx_word' id='word_1_138' title='bbox 1212 2745 1219 2762; x_wconf 90' lang='lat'><strong>.</strong></span> 
     </span>
     <span class='ocr_line' id='line_1_18' title="bbox 106 2800 1226 2893; baseline 0.005 -30"><span class='ocrx_word' id='word_1_139' title='bbox 106 2800 244 2870; x_wconf 80' lang='lat' dir='ltr'>fidelitati</span> <span class='ocrx_word' id='word_1_140' title='bbox 267 2811 372 2872; x_wconf 80' lang='lat' dir='ltr'>vestre</span> <span class='ocrx_word' id='word_1_141' title='bbox 381 2807 596 2890; x_wconf 82' lang='lat' dir='ltr'>precipientes</span> <span class='ocrx_word' id='word_1_142' title='bbox 605 2805 797 2872; x_wconf 78' lang='lat' dir='ltr'>mandamus</span> <span class='ocrx_word' id='word_1_143' title='bbox 812 2828 871 2890; x_wconf 85' lang='lat' dir='ltr'>per</span> <span class='ocrx_word' id='word_1_144' title='bbox 883 2812 1047 2890; x_wconf 83' lang='lat' dir='ltr'>presentes</span> <span class='ocrx_word' id='word_1_145' title='bbox 1057 2811 1226 2893; x_wconf 81' lang='lat' dir='ltr'>quatenus</span> 
     </span>
     <span class='ocr_line' id='line_1_19' title="bbox 25 2913 1220 3010; baseline 0.005 -38"><span class='ocrx_word' id='word_1_146' title='bbox 25 3001 27 3010; x_wconf 73' lang='lat'>‚</span> <span class='ocrx_word' id='word_1_147' title='bbox 106 2917 234 2977; x_wconf 77' lang='lat' dir='ltr'>vestrum</span> <span class='ocrx_word' id='word_1_148' title='bbox 249 2914 388 2980; x_wconf 78' lang='lat' dir='ltr'>mittatis</span> <span class='ocrx_word' id='word_1_149' title='bbox 404 2913 566 2978; x_wconf 89' lang='lat' dir='ltr'>hominem</span> <span class='ocrx_word' id='word_1_150' title='bbox 575 2935 634 2997; x_wconf 86' lang='lat' dir='ltr'>pro</span> <span class='ocrx_word' id='word_1_151' title='bbox 651 2914 836 2979; x_wconf 81' lang='lat' dir='ltr'>testimonio</span> <span class='ocrx_word' id='word_1_152' title='bbox 852 2913 1050 2998; x_wconf 86' lang='lat' dir='ltr'>fidedignum</span> <span class='ocrx_word' id='word_1_153' title='bbox 1066 2935 1131 2997; x_wconf 88' lang='lat' dir='ltr'>quo</span> <span class='ocrx_word' id='word_1_154' title='bbox 1150 2935 1220 2997; x_wconf 86' lang='lat' dir='ltr'>pre·</span> 
     </span>
     <span class='ocr_line' id='line_1_20' title="bbox 106 3019 1221 3104; baseline 0.005 -22"><span class='ocrx_word' id='word_1_155' title='bbox 106 3025 186 3086; x_wconf 81' lang='lat' dir='ltr'>sente</span> <span class='ocrx_word' id='word_1_156' title='bbox 200 3020 354 3088; x_wconf 83' lang='lat' dir='ltr'>Nicolaus</span> <span class='ocrx_word' id='word_1_157' title='bbox 371 3022 410 3086; x_wconf 88' lang='lat' dir='ltr'>de</span> <span class='ocrx_word' id='word_1_158' title='bbox 426 3019 530 3088; x_wconf 82' lang='lat' dir='ltr'>Golsa</span> <span class='ocrx_word' id='word_1_159' title='bbox 544 3023 596 3087; x_wconf 85' lang='lat' dir='ltr'>vel</span> <span class='ocrx_word' id='word_1_160' title='bbox 610 3022 729 3089; x_wconf 78' lang='lat' dir='ltr'>Petrus</span> <span class='ocrx_word' id='word_1_161' title='bbox 747 3023 786 3088; x_wconf 88' lang='lat' dir='ltr'>de</span> <span class='ocrx_word' id='word_1_162' title='bbox 801 3021 949 3104; x_wconf 85' lang='lat' dir='ltr'>Bezered</span> <span class='ocrx_word' id='word_1_163' title='bbox 967 3022 1071 3088; x_wconf 81' lang='lat' dir='ltr'>altero</span> <span class='ocrx_word' id='word_1_164' title='bbox 1087 3021 1221 3088; x_wconf 79' lang='lat' dir='ltr'>absente</span> 
     </span>
     <span class='ocr_line' id='line_1_21' title="bbox 106 3125 1220 3214; baseline 0.002 -23"><span class='ocrx_word' id='word_1_165' title='bbox 106 3125 191 3194; x_wconf 87' lang='lat' dir='ltr'>homo</span> <span class='ocrx_word' id='word_1_166' title='bbox 206 3133 312 3194; x_wconf 85' lang='lat' dir='ltr'>noster</span> <span class='ocrx_word' id='word_1_167' title='bbox 327 3128 484 3194; x_wconf 84' lang='lat' dir='ltr'>accedens</span> <span class='ocrx_word' id='word_1_168' title='bbox 510 3130 552 3194; x_wconf 86' lang='lat' dir='ltr'>ad</span> <span class='ocrx_word' id='word_1_169' title='bbox 569 3137 679 3196; x_wconf 76' lang='lat' dir='ltr'>castra</span> <span class='ocrx_word' id='word_1_170' title='bbox 694 3130 843 3214; x_wconf 81' lang='lat' dir='ltr'>predicta</span> <span class='ocrx_word' id='word_1_171' title='bbox 859 3135 891 3194; x_wconf 78' lang='lat' dir='ltr'>el</span> <span class='ocrx_word' id='word_1_172' title='bbox 907 3151 1004 3213; x_wconf 84' lang='lat' dir='ltr'>super</span> <span class='ocrx_word' id='word_1_173' title='bbox 1018 3127 1134 3194; x_wconf 82' lang='lat' dir='ltr'>faciem</span> <span class='ocrx_word' id='word_1_174' title='bbox 1149 3151 1220 3212; x_wconf 86' lang='lat' dir='ltr'>pos-</span> 
     </span>
     <span class='ocr_line' id='line_1_22' title="bbox 111 3236 1233 3321; baseline 0.002 -23"><span class='ocrx_word' id='word_1_175' title='bbox 111 3237 275 3302; x_wconf 86' lang='lat' dir='ltr'>sessionum</span> <span class='ocrx_word' id='word_1_176' title='bbox 291 3236 492 3321; x_wconf 75' lang='lat' dir='ltr'>prelalamm</span> <span class='ocrx_word' id='word_1_177' title='bbox 508 3236 687 3303; x_wconf 86' lang='lat' dir='ltr'>infidelium</span> <span class='ocrx_word' id='word_1_178' title='bbox 702 3245 887 3303; x_wconf 79' lang='lat' dir='ltr'>nostrorum</span> <span class='ocrx_word' id='word_1_179' title='bbox 901 3238 936 3302; x_wconf 90' lang='lat' dir='ltr'>in</span> <span class='ocrx_word' id='word_1_180' title='bbox 961 3237 1048 3302; x_wconf 74' lang='lat' dir='ltr'>dieto</span> <span class='ocrx_word' id='word_1_181' title='bbox 1065 3237 1233 3300; x_wconf 41' lang='lat' dir='ltr'>comitatu*</span> 
     </span>
     <span class='ocr_line' id='line_1_23' title="bbox 107 3341 1221 3429; baseline 0.002 -23"><span class='ocrx_word' id='word_1_182' title='bbox 107 3341 331 3428; x_wconf 82' lang='lat' dir='ltr'>Neugradiensi</span> <span class='ocrx_word' id='word_1_183' title='bbox 347 3351 379 3410; x_wconf 77' lang='lat' dir='ltr'>et</span> <span class='ocrx_word' id='word_1_184' title='bbox 395 3345 473 3410; x_wconf 81' lang='lat' dir='ltr'>alibi</span> <span class='ocrx_word' id='word_1_185' title='bbox 491 3347 702 3411; x_wconf 76' lang='lat' dir='ltr'>existeneium</span> <span class='ocrx_word' id='word_1_186' title='bbox 718 3395 725 3411; x_wconf 92' lang='lat'><strong>.</strong></span> <span class='ocrx_word' id='word_1_187' title='bbox 742 3397 749 3410; x_wconf 91' lang='lat'><strong>.</strong></span> <span class='ocrx_word' id='word_1_188' title='bbox 766 3350 893 3410; x_wconf 75' lang='lat' dir='ltr'>statuat</span> <span class='ocrx_word' id='word_1_189' title='bbox 918 3345 1004 3429; x_wconf 84' lang='lat' dir='ltr'>ipsas</span> <span class='ocrx_word' id='word_1_190' title='bbox 1019 3345 1080 3428; x_wconf 88' lang='lat' dir='ltr'>ipsi</span> <span class='ocrx_word' id='word_1_191' title='bbox 1096 3343 1221 3410; x_wconf 76' lang='lat' dir='ltr'>Thome</span> 
     </span>
     <span class='ocr_line' id='line_1_24' title="bbox 107 3451 1214 3538; baseline 0.003 -24"><span class='ocrx_word' id='word_1_192' title='bbox 107 3453 226 3518; x_wconf 79' lang='lat' dir='ltr'>voivode</span> <span class='ocrx_word' id='word_1_193' title='bbox 240 3460 395 3538; x_wconf 85' lang='lat' dir='ltr'>perpetuo</span> <span class='ocrx_word' id='word_1_194' title='bbox 427 3453 637 3537; x_wconf 82' lang='lat' dir='ltr'>possidendas</span> <span class='ocrx_word' id='word_1_195' title='bbox 653 3505 660 3520; x_wconf 92' lang='lat'>.</span> <span class='ocrx_word' id='word_1_196' title='bbox 678 3505 685 3520; x_wconf 90' lang='lat'><strong>.</strong></span> <span class='ocrx_word' id='word_1_197' title='bbox 700 3454 827 3519; x_wconf 79' lang='lat' dir='ltr'>Datum</span> <span class='ocrx_word' id='word_1_198' title='bbox 851 3454 886 3518; x_wconf 92' lang='lat' dir='ltr'>in</span> <span class='ocrx_word' id='word_1_199' title='bbox 902 3451 1097 3537; x_wconf 80' lang='lat' dir='ltr'>Wysegred,</span> <span class='ocrx_word' id='word_1_200' title='bbox 1113 3454 1146 3518; x_wconf 88' lang='lat' dir='ltr'>in</span> <span class='ocrx_word' id='word_1_201' title='bbox 1162 3453 1214 3518; x_wconf 90' lang='lat' dir='ltr'>die</span> 
     </span>
     <span class='ocr_line' id='line_1_25' title="bbox 107 3557 1176 3646; baseline 0 -22"><span class='ocrx_word' id='word_1_202' title='bbox 107 3557 302 3628; x_wconf 85' lang='lat' dir='ltr'>Ascensionis</span> <span class='ocrx_word' id='word_1_203' title='bbox 318 3561 461 3646; x_wconf 86' lang='lat' dir='ltr'>Domini,</span> <span class='ocrx_word' id='word_1_204' title='bbox 472 3584 559 3628; x_wconf 81' lang='lat' dir='ltr'>anno</span> <span class='ocrx_word' id='word_1_205' title='bbox 576 3563 719 3630; x_wconf 87' lang='lat' dir='ltr'>eiusdem</span> <span class='ocrx_word' id='word_1_206' title='bbox 729 3562 785 3626; x_wconf 81' lang='grc' dir='ltr'>Μ0</span> <span class='ocrx_word' id='word_1_207' title='bbox 801 3558 904 3628; x_wconf 78' lang='lat'><strong>000⁰</strong></span> <span class='ocrx_word' id='word_1_208' title='bbox 919 3559 1014 3626; x_wconf 89' lang='lat' dir='ltr'>XX⁰</span> <span class='ocrx_word' id='word_1_209' title='bbox 1030 3562 1176 3645; x_wconf 85' lang='lat' dir='ltr'>septimo.</span> 
     </span>
    </p>
   </div>
   <div class='ocr_carea' id='block_1_7' title="bbox 203 3724 1219 3791">
    <p class='ocr_par' dir='ltr' id='par_1_7' title="bbox 203 3724 1219 3791">
     <span class='ocr_line' id='line_1_26' title="bbox 203 3724 1219 3791; baseline -0.002 -15"><span class='ocrx_word' id='word_1_210' title='bbox 203 3727 226 3776; x_wconf 84' lang='grc' dir='ltr'>Α</span> <span class='ocrx_word' id='word_1_211' title='bbox 239 3726 322 3776; x_wconf 82' lang='lat' dir='ltr'>budai</span> <span class='ocrx_word' id='word_1_212' title='bbox 337 3726 528 3790; x_wconf 74' lang='lat' dir='ltr'>kipinlannak</span> <span class='ocrx_word' id='word_1_213' title='bbox 545 3731 620 3777; x_wconf 81' lang='lat'><strong>1327.</strong></span> <span class='ocrx_word' id='word_1_214' title='bbox 646 3725 742 3791; x_wconf 83' lang='lat' dir='ltr'>junius</span> <span class='ocrx_word' id='word_1_215' title='bbox 766 3727 852 3776; x_wconf 64' lang='lat' dir='ltr'>leiki</span> <span class='ocrx_word' id='word_1_216' title='bbox 864 3724 1045 3791; x_wconf 68' lang='lat' dir='ltr'>jelentesebel</span> <span class='ocrx_word' id='word_1_217' title='bbox 1060 3742 1067 3789; x_wconf 78' lang='lat'><em>3</em></span> <span class='ocrx_word' id='word_1_218' title='bbox 1096 3727 1114 3774; x_wconf 92' lang='lat' dir='ltr'>l.</span> <span class='ocrx_word' id='word_1_219' title='bbox 1128 3724 1219 3774; x_wconf 68' lang='lat' dir='ltr'>alibb.</span> 
     </span>
    </p>
   </div>
   <div class='ocr_carea' id='block_1_8' title="bbox 136 3852 304 3860">
    <p class='ocr_par' dir='ltr' id='par_1_8' title="bbox 136 3852 304 3860">
     <span class='ocr_line' id='line_1_27' title="bbox 136 3852 304 3860; baseline 0 0"><span class='ocrx_word' id='word_1_220' title='bbox 136 3852 221 3860; x_wconf 63' lang='lat' dir='ltr'><em>-u.-—...</em></span> <span class='ocrx_word' id='word_1_221' title='bbox 230 3854 304 3860; x_wconf 58' lang='lat' dir='ltr'>-m-</span> 
     </span>
    </p>
   </div>
   <div class='ocr_carea' id='block_1_9' title="bbox 202 3924 1034 3990">
    <p class='ocr_par' dir='ltr' id='par_1_9' title="bbox 202 3924 1034 3990">
     <span class='ocr_line' id='line_1_28' title="bbox 202 3924 1034 3990; baseline 0.001 -16"><span class='ocrx_word' id='word_1_222' title='bbox 202 3924 228 3986; x_wconf 80' lang='grc'>*)</span> <span class='ocrx_word' id='word_1_223' title='bbox 240 3925 280 3974; x_wconf 83' lang='lat' dir='ltr'>Az</span> <span class='ocrx_word' id='word_1_224' title='bbox 294 3925 687 3990; x_wconf 70' lang='lat' dir='ltr'>01·sze&#39;sgnag50kneveitl.az</span> <span class='ocrx_word' id='word_1_225' title='bbox 701 3927 792 3976; x_wconf 79' lang='lat' dir='ltr'>elllbbi</span> <span class='ocrx_word' id='word_1_226' title='bbox 807 3931 866 3976; x_wconf 79' lang='lat'><strong>260.</strong></span> <span class='ocrx_word' id='word_1_227' title='bbox 880 3942 916 3974; x_wconf 80' lang='lat' dir='ltr'>sz.</span> <span class='ocrx_word' id='word_1_228' title='bbox 930 3942 954 3977; x_wconf 81' lang='lat' dir='ltr'>e.</span> <span class='ocrx_word' id='word_1_229' title='bbox 1030 3974 1034 3982; x_wconf 85' lang='grc'>,</span> 
     </span>
    </p>
   </div>
   <div class='ocr_carea' id='block_1_10' title="bbox 580 4210 738 4226">
    <p class='ocr_par' dir='ltr' id='par_1_10' title="bbox 580 4210 738 4226">
     <span class='ocr_line' id='line_1_29' title="bbox 580 4210 738 4226; baseline -0.013 -4"><span class='ocrx_word' id='word_1_230' title='bbox 580 4210 738 4226; x_wconf 55' lang='lat' dir='ltr'>w.</span> 
     </span>
    </p>
   </div>
   <div class='ocr_carea' id='block_1_11' title="bbox 0 0 1581 5470">
    <p class='ocr_par' dir='ltr' id='par_1_11' title="bbox 0 0 1581 5470">
     <span class='ocr_line' id='line_1_30' title="bbox 0 0 1581 5470; baseline 0 0"><span class='ocrx_word' id='word_1_231' title='bbox 0 0 1581 5470; x_wconf 95' lang='lat' dir='ltr'> </span> 
     </span>
    </p>
   </div>
  </div>
 </body>
</html>
