3132 5470
534 493 628 562 leae.
646 518 741 564 rnen.
762 497 812 564 21.

661 899 735 960 311.

130 1059 226 1122 1328.
236 1059 326 1143 febr.
343 1061 395 1122 21.
422 1055 452 1122 A
470 1061 597 1146 epitriti
612 1060 772 1144 kdptaloo
789 1062 862 1126 eldtt
888 1061 1040 1146 Elpenor·
1065 1065 1195 1150 Mdtyds
1212 1065 1261 1127 dei

173 1169 206 1229 e's
224 1177 352 1232 saerzeu
369 1167 561 1232 tatotaitn't
577 1168 709 1249 fioinak
726 1169 948 1252 osztdlpre'szdt
964 1173 1214 1255 mephatdrozzo.

238 1327 310 1394 Nos
342 1329 521 1412 capitulum
557 1329 691 1394 ecclesie
723 1327 900 1396 Nitriensis
926 1382 932 1396 .
960 1379 967 1394 .
992 1327 1210 1413 significamus
1227 1379 1257 1394 ..

129 1437 218 1520 quod
235 1439 286 1502 vir
302 1438 421 1503 nobilis
437 1459 543 1502 comes
568 1436 716 1502 Mathias
732 1438 772 1502 de
797 1438 974 1523 Elephant,
999 1440 1077 1503 item
1093 1437 1260 1519 Nicolaus,

127 1543 153 1608 J
155 1546 310 1628 ohannes,
327 1545 473 1611 Mathias
491 1553 523 1612 et
539 1545 682 1611 Thomas
696 1545 755 1611 filii
782 1547 924 1612 eiusdem
949 1568 1058 1612 coram
1083 1544 1174 1610 nobis
1189 1567 1261 1629 per-

129 1655 291 1718 sonaliter
321 1655 491 1720 constituti
518 1657 550 1719 in
568 1656 724 1720 universis
763 1655 1017 1738 possessionibus
1056 1656 1121 1720 suis
1159 1653 1258 1718 iufra·

130 1761 263 1844 scriptis
279 1768 348 1826 tarn
378 1761 583 1828 hereditariis
599 1784 696 1846 quam
713 1765 849 1829 emtioiis
865 1764 966 1830 talem
983 1765 1118 1828 interae
1136 1763 1261 1828 divisio-

128 1889 202 1934 nem
229 1877 387 1953 perpetuo
413 1869 604 1935 duraturam
638 1871 794 1936 heredum
830 1893 887 1954 per
911 1871 1046 1938 heredes
1077 1872 1262 1936 retulerunt

128 1979 338 2044 concorditer
354 1977 423 2043 fore
448 1977 580 2062 factam,
606 1979 693 2062 quod
718 1981 797 2063 ipsis
823 1981 1032 2063 singulariter
1057 1981 1194 2063 singulis
1228 1985 1261 2044 et

127 2089 357 2152 universaliter
372 2089 529 2153 universis
546 2088 824 2153 consencientibus
848 2090 1007 2173 possessio
1033 2089 1193 2173 Mythoch
1209 2109 1261 2152 vo·

127 2201 204 2260 cata
220 2217 295 2261 cum
310 2196 516 2279 porcionibus
531 2197 742 2279 acquisiticiis
752 2203 785 2262 et
800 2197 936 2262 emtioiis
946 2197 1032 2262 etad
1043 2196 1178 2262 eandem
1192 2217 1262 2279 per·

128 2304 283 2370 tineneiis
307 2306 464 2370 universis
489 2307 638 2370 cessisset
662 2304 800 2371 Nicolao
826 2313 859 2370 et
885 2305 1011 2373 Thome
1025 2303 1102 2370 filiis
1119 2305 1262 2371 eiusdem

128 2413 259 2478 comitis
276 2412 404 2478 Matbie
419 2413 573 2498 predictis
589 2419 746 2498 perpetuo
775 2414 977 2498 possidenda,
993 2415 1073 2479 item
1089 2413 1176 2498 quod
1191 2435 1263 2496 pos·

127 2521 228 2586 sessio
245 2519 412 2605 Elephant
427 2521 574 2605 predicta
590 2542 662 2587 cum
689 2523 846 2587 universis
870 2523 1079 2606 pertinenciis
1104 2523 1169 2587 suis
1193 2528 1262 2585 tam

128 2631 342 2714 acquisiticiis
353 2652 450 2714 quam
467 2630 604 2694 emticiis
620 2631 769 2695 cessisset
778 2630 913 2714 prefatis
923 2629 948 2695 J
950 2631 1068 2696 ohanni
1086 2636 1119 2695 et
1134 2629 1262 2694 Mathis

128 2737 206 2803 filiis
224 2738 304 2803 dieti
320 2739 446 2803 comitis
462 2737 589 2803 Mathie
606 2739 755 2803 similiter
770 2744 926 2824 perpetuo
947 2737 1151 2823 possidenda,
1182 2737 1261 2802 item

129 2847 218 2930 quod
244 2848 401 2931 possessio
427 2845 574 2912 Zalakuz
600 2853 714 2912 vocata
740 2869 813 2912 oum
840 2846 988 2914 omnibus
1012 2845 1213 2913 utilitatibus
1230 2852 1262 2909 et

128 2956 340 3039 pertinenciis
356 2957 513 3021 universis
529 2957 676 3022 cessisset
692 2957 803 3022 comiti
819 2955 947 3022 Mathia
965 2955 1058 3022 modo
1075 2955 1173 3020 simili
1187 2976 1259 3038 per—

129 3069 232 3146 petuo
248 3064 442 3148 possidenda
459 3085 531 3130 cum
551 3070 640 3130 terra
657 3061 790 3148 Ohepen
805 3065 892 3128 iuter
907 3063 1017 3148 Waag
1039 3069 1072 3128 et
1096 3062 1262 3144 Duduaag

130 3173 287 3236 existenti
304 3193 361 3255 per
376 3171 546 3236 Andream
562 3171 666 3236 filium
682 3171 708 3237 J
709 3173 802 3236 acobi
827 3171 867 3236 de
884 3171 996 3237 eadem
1021 3172 1150 3255 pignori
1183 3169 1263 3234 obli·

129 3286 210 3362 gata
226 3279 274 3345 ita
290 3280 440 3345 videlieet
455 3280 542 3365 quod
558 3279 664 3344 dictus
680 3301 786 3345 eomes
811 3278 958 3345 Mathias
983 3280 1071 3363 ipsas
1096 3299 1173 3343 suas
1188 3297 1263 3362 por-

129 3388 241 3453 ciones
257 3389 494 3470 possessionum
510 3387 826 3453 contradiccionibus
855 3387 1015 3453 dictorum
1031 3387 1173 3452 filiorum
1188 3407 1260 3450 suo·

128 3519 203 3561 mm
229 3517 294 3561 non
325 3496 530 3562 obstantibus
556 3496 693 3562 liberam
721 3496 858 3561 haberet
890 3497 1041 3579 cuiquam
1072 3495 1170 3560 vellet
1200 3516 1260 3577 pro

127 3603 273 3670 remedio
290 3605 396 3670 anbne
412 3627 469 3672 sue
485 3611 543 3670 aut
559 3605 623 3670 alio
640 3605 753 3688 quovis
778 3603 876 3669 titulo
894 3603 994 3669 dandi
1010 3601 1195 3669 conferendi
1211 3601 1262 3666 vel

128 3713 263 3796 legendi
278 3714 313 3777 in
328 3713 396 3778 rita
411 3715 535 3798 pariter
551 3719 584 3778 et
597 3713 632 3778 in
647 3719 752 3778 morte
768 3711 959 3778 facultatem
974 3761 981 3776 .
999 3761 1005 3776 .
1021 3711 1148 3776 Datum
1163 3711 1196 3774 in
1206 3708 1261 3773 do-

128 3823 250 3888 minica
266 3821 443 3906 Invooavit,
459 3843 544 3886 anno
560 3821 683 3886 domini
701 3820 754 3885 Μ0
771 3817 872 3886 000⁰
888 3818 981 3884 XX⁰
997 3827 1119 3884 octavo.

240 3983 393 4048 Httlapjtn
406 3983 685 4050 peosecnyomaiva1;
699 3983 829 4049 eredetiJ'e
841 3997 873 4032 aa
886 3998 955 4034 orez.
968 3983 1023 4033 ltdr
1036 3981 1135 4033 lineat.
1150 3985 1217 4032 oszt.
1228 3979 1262 4030 N.

127 4076 160 4125 R.
175 4075 208 4124 Δ.
225 4079 303 4126 1671.
319 4078 361 4126 29.
374 4075 441 4139 dipl.
455 4075 485 4125 lt.
499 4079 578 4125 2489.
591 4075 689 4126 Kozli:
703 4075 807 4127 Vincas
820 4074 920 4124 Gstbor.
