3130 5470
543 557 638 620 1329.
657 571 732 620 sue.
752 557 778 619 l.

635 953 709 1014 369.

112 1114 199 1178 1329.
231 1138 305 1200 unq.
323 1115 351 1178 1.
383 1112 412 1180 Α
446 1115 567 1200 creperi
596 1114 756 1200 kdptolou
783 1115 854 1178 eldtt
871 1114 1028 1198 Etidsfio
1060 1115 1174 1180 Ictca'u
1200 1119 1234 1182 e'a

111 1219 211 1306 Gyatu
237 1244 338 1286 comes
360 1223 428 1305 fiai
450 1225 569 1308 parpdi
594 1223 743 1302 cerneret,
770 1225 883 1287 bdrom
910 1221 1024 1308 Smper
1048 1226 1233 1311 curmeqpci

111 1327 240 1394 birtokot
275 1331 358 1393 mitit
383 1331 485 1394 Lutto
508 1335 569 1394 ori-r
601 1333 854 1418 tortozmriuyoc't
885 1331 1013 1418 Drapet
1044 1333 1233 1398 Vilmoenak

412 1438 582 1502 dir-toireio
606 1438 918 1505 cicazobocecituuuit.

208 1595 278 1664 Nos
295 1599 477 1682 capitulum
493 1599 627 1664 ecclesie
643 1601 748 1665 sancti
773 1599 913 1666 Martini
938 1600 977 1666 de
1004 1599 1126 1684 Scepus
1143 1650 1150 1665 .
1168 1650 1174 1665 .
1192 1602 1232 1666 si·

110 1703 293 1788 gnificamus
309 1755 340 1770 ..
365 1707 530 1789 universio,
563 1706 651 1789 quod
684 1728 756 1772 cum
788 1707 963 1773 secundum
995 1708 1233 1774 continenciam

110 1814 270 1878 literarum
294 1815 529 1880 memorialium
554 1814 718 1900 magnifici
742 1816 802 1880 viri
838 1815 964 1880 comitis
989 1814 1086 1881 Pauli
1118 1816 1233 1882 iudicis

112 1923 191 1987 curie
207 1922 329 1988 domini
344 1923 429 2006 regis
454 1943 559 1988 comes
576 1921 762 2007 Stephanus
786 1923 872 1988 filius
888 1923 980 2008 Elye,
997 1922 1118 1990 Hanck
1147 1923 1234 1991 ‘rho-
1302 1953 1307 1963 ·

110 2052 173 2095 mas
196 2030 314 2096 Petrus
340 2037 373 2096 et
388 2030 513 2096 Paulus
540 2031 600 2097 filii
625 2033 750 2098 comitis
776 2029 883 2117 Gyule
909 2031 1033 2097 nobiles
1060 2031 1099 2096 de
1116 2029 1230 2117 Gargo

112 2146 218 2206 eontra
233 2139 440 2223 magnificum
455 2141 561 2206 virum
585 2141 777 2223 magistrum
804 2140 996 2224 Vylermum
1023 2141 1175 2205 comitem
1192 2141 1231 2206 de

113 2247 227 2332 Scepus
243 2253 275 2312 et
292 2247 332 2313 de
348 2246 464 2314 Wivar
480 2249 513 2313 in
530 2253 644 2314 octava
659 2249 735 2313 festi
750 2248 838 2314 beati
869 2246 895 2312 J
897 2249 991 2314 acobi
1021 2249 1162 2332 apostoli
1179 2271 1230 2314 co-

111 2378 174 2420 ram
188 2354 278 2420 nobis
294 2361 394 2421 testes
410 2356 589 2439 producere
605 2355 791 2422 debuissent
816 2377 914 2440 super
939 2377 976 2422 co
1002 2356 1089 2441 quod
1105 2377 1230 2440 posses-

109 2463 206 2527 siones
220 2462 402 2547 Ncgturch,
412 2463 666 2548 Kusthoperich,
682 2461 932 2548 Noglumnicha‚
944 2461 1118 2547 Sentgurg,
1147 2462 1229 2530 Son-

111 2571 188 2654 vald,
203 2571 364 2656 Ryguald,
381 2570 613 2656 Sentmargita
631 2571 871 2637 Kuslunenicha
896 2577 929 2636 et
944 2571 1040 2636 Beles
1057 2577 1170 2637 vocate
1198 2573 1232 2636 in

113 2681 261 2748 comitatu
277 2680 317 2745 de
335 2679 459 2765 Scepus
476 2681 652 2746 existentes
669 2703 781 2746 eorum
807 2687 914 2746 essent
938 2687 971 2746 et
986 2681 1124 2746 fuissent
1138 2681 1230 2746 here-

114 2791 239 2874 ditarie,
257 2791 449 2856 adveniente
465 2791 535 2874 ipso
552 2791 603 2856 die
620 2790 844 2875 productionis
871 2791 1050 2855 testimonii
1065 2789 1232 2873 predictus

113 2921 212 2964 comes
227 2898 420 2984 Stephanus
445 2895 597 2964 Andreas
623 2904 656 2963 et
680 2898 822 2964 Thomas
846 2897 905 2963 filii
931 2897 1083 2981 eiusdem,
1113 2896 1233 2963 Hanck

113 3005 259 3096 Thomas]
273 3009 394 3074 Petrus
426 3013 459 3072 et
483 3006 609 3072 Paulus
639 3004 699 3070 filii
732 3007 859 3071 comitis
890 3004 998 3090 Gyule
1029 3005 1233 3090 presentibus

114 3115 226 3182 Hauck
257 3123 290 3181 et
320 3114 449 3180 Jacobo
481 3114 556 3179 filiis
582 3111 725 3180 Arnoldi
756 3114 913 3180 fratribus
937 3116 1082 3198 ipsorum
1108 3114 1149 3179 ab
1166 3135 1232 3183 una

113 3227 201 3306 parte
217 3229 249 3287 et
265 3243 370 3288 comes
386 3220 543 3287 Nicolaus
559 3221 676 3287 nobilis
693 3221 732 3286 de
748 3223 842 3288 Pirin
861 3243 900 3288 ac
916 3224 1071 3306 magister
1086 3221 1233 3286 Mathias

114 3331 252 3396 notarius
268 3331 406 3416 predicti
422 3331 571 3414 magistri
586 3331 736 3415 Vylermi
752 3352 825 3396 cum
850 3332 970 3396 litteris
995 3330 1229 3414 procuratoriis

115 3441 249 3507 eiusdem
264 3463 323 3526 pro
341 3441 455 3508 eodem
472 3443 513 3508 ab
530 3443 636 3520 altera
668 3463 777 3506 coram
807 3442 901 3508 nobis
926 3441 1144 3526 personaliter
1162 3460 1235 3505 con-

115 3550 216 3614 stituti
231 3572 288 3634 per
304 3549 531 3615 intermedium
550 3556 583 3615 et
608 3548 876 3615 reformacionem
900 3549 1078 3633 proborum
1092 3549 1235 3614 virorum

115 3679 205 3740 super
220 3679 318 3724 causa
333 3664 507 3742 prenotata
523 3659 634 3724 taliter
651 3680 683 3723 re
700 3659 884 3724 retulerunt
901 3657 1129 3740 concordasse,
1147 3655 1235 3740 quod

115 3766 246 3848 predicti
262 3787 369 3833 comes
384 3765 571 3850 Stephanus
582 3773 615 3833 et
631 3765 692 3831 filii
703 3768 753 3832 sui
763 3768 828 3832 iam
845 3767 932 3850 dicti,
948 3765 1070 3830 Hanck
1089 3764 1234 3832 Thomas

115 3872 226 3939 Petrus
242 3883 273 3941 et
289 3875 413 3940 Paulus
437 3875 497 3940 filii
512 3873 628 3959 (ripule,
645 3873 766 3940 Hanck
791 3881 825 3940 et
840 3873 865 3939 J
866 3872 967 3940 acobo
992 3872 1068 3938 filiis
1093 3871 1236 3938 Arnoldi

116 3983 302 4066 supradictis
318 3984 581 4068 permittentibus
599 3989 631 4048 et
647 3981 924 4066 consencientibus
936 3981 1096 4064 quasdam
1111 4001 1236 4065 posses·

118 4091 216 4157 sicnes
232 4091 468 4176 Kusthoporch
493 4091 736 4158 Kualumnicha
761 4098 794 4157 ot
809 4091 907 4156 Beles
925 4091 1071 4173 superius
1088 4090 1237 4154 nomina-

118 4203 166 4262 tas
182 4205 407 4284 cognoscentes
432 4201 571 4284 predicti
596 4201 744 4283 magistri
768 4199 916 4283 Vylermi
940 4199 1025 4262 iuato
1052 4197 1151 4262 titulo
1166 4195 1236 4262 fore

119 4310 270 4392 aquisitae
285 4311 329 4375 ad
353 4315 495 4376 castrum
525 4309 655 4374 Lnblov
688 4311 838 4374 vocatum
868 4309 1116 4391 pertinentes..
1134 4303 1237 4370 eidem

118 4421 267 4504 magistro
298 4419 454 4505 Vylermo
485 4419 706 4503 resignassent
732 4415 944 4502 ..predictus
975 4435 1050 4492 vero
1080 4413 1238 4496 magister

121 4525 289 4612 Vylermus
318 4532 509 4614 prenotatas
526 4529 742 4613 possessiones
759 4524 1016 4610 Nogthoporica‚
1043 4520 1237 4607 Noglumni·

121 4633 186 4720 cha,
202 4633 396 4724 Sentgrrgh,
414 4635 566 4720 Sourald
582 4634 726 4721 Riguald
737 4637 770 4700 et
784 4631 1007 4716 Sentmargita
1016 4651 1074 4716 per
1090 4631 1196 4714 ipsum
1214 4680 1221 4695 .

117 4745 330 4829 recaptiuatas
345 4795 352 4810 .
370 4745 590 4829 ,resignasset
614 4743 776 4810 nobilibus
801 4741 1007 4827 prenotatis.
1024 4789 1031 4804 .
1048 4738 1109 4804 tali
1141 4737 1236 4812 modo
