3132 5470
661 473 848 521 auooonoru
864 463 1082 522 coniurata.

839 857 914 920 328.

312 1019 407 1084 1328.
415 1018 481 1102 jai.
501 1019 550 1082 13.
570 1019 754 1102 Eszterpom
771 1024 867 1082 coroa
883 1017 993 1102 bircijo
1011 1019 1044 1080 έε
1070 1017 1208 1102 ciltljo'ro'
1234 1019 1344 1081 tdruoi
1366 1017 1432 1080 elim

310 1127 419 1190 Godia
436 1127 622 1209 eazterporai
642 1125 837 1208 polystrflai
855 1120 933 1188 Cedo
951 1127 983 1188 e'a
1010 1121 1154 1188 Gholaot·
1179 1136 1262 1188 aevrt
1287 1124 1432 1188 tiator-rt-

353 1233 496 1298 saeiketo
507 1234 752 1318 morpit-ezipeti
768 1233 980 1317 apdczcikoak
997 1232 1074 1298 ὃνϋΙι
1090 1232 1233 1297 hirrotal
1249 1233 1392 1316 dtarljc'h.

417 1391 532 1458 Comes
556 1391 680 1458 Pethev
710 1393 817 1476 iudex,
849 1391 969 1476 Gyhan
994 1390 1080 1457 filius
1104 1391 1267 1476 Memmii,
1283 1390 1432 1456 Nicolaus

309 1500 395 1566 iilius
411 1499 593 1584 Michaelis,
610 1500 752 1566 'Phomas
768 1499 854 1566 filius
870 1501 1033 1580 Reuehat,
1049 1499 1235 1584 Stephanus
1259 1498 1348 1564 filius
1372 1497 1432 1565 Go

310 1610 387 1693 dini,
403 1611 558 1692 magister·
573 1609 677 1692 Iesse,
694 1609 881 1694 Stephanus
897 1608 983 1674 filius
999 1609 1168 1693 Hermoni,
1185 1609 1320 1694 Seppul,
1336 1629 1434 1673 cornea

309 1717 514 1800 Valentinus,
540 1716 702 1802 Georgius
727 1717 814 1784 filius
847 1718 969 1782 Robini
1002 1724 1034 1783 et
1060 1715 1246 1802 Stephanus
1271 1717 1378 1782 dictus
1399 1715 1435 1779 de

240 1881 243 1886 .
310 1825 443 1890 Zeuden
459 1847 497 1890 ac
513 1824 699 1911 Stephanus
715 1825 802 1891 filius
818 1825 955 1910 Gylethi
980 1827 1080 1891 iurati
1106 1827 1270 1910 ceterique
1297 1827 1381 1890 cives
1397 1823 1433 1887 de

310 1931 476 2016 Strigouio
494 1985 501 2000 .
517 1985 524 2000 .
541 1936 584 2000 ad
614 1936 836 2001 universorum
868 1935 1067 2000 noticiam..
1085 1936 1232 2001 volumus
1258 1935 1431 2018 pervenire,

312 2041 399 2124 quod
415 2042 573 2109 discretus
588 2044 637 2108 vir
653 2049 686 2107 et
716 2043 870 2109 honestus
887 2063 993 2108 comes
1009 2041 1195 2127 Stephanus
1211 2042 1299 2107 fihus
1315 2043 1435 2108 comitis

310 2148 432 2216 Godini
449 2152 587 2216 concivis
603 2158 637 2215 et
652 2152 778 2216 iuratus
794 2157 904 2216 noster
920 2173 959 2216 ac
974 2149 1000 2216 J
1001 2151 1122 2217 aoobus
1138 2150 1224 2215 filius
1240 2150 1364 2216 Robini
1379 2148 1434 2214 filii

309 2259 460 2324 similiter
474 2260 575 2344 ipsius
591 2261 717 2326 comitis
734 2257 867 2336 (rodim
882 2260 923 2324 ab
938 2281 1005 2324 una
1020 2265 1113 2343 parte
1129 2309 1136 2326 .
1152 2310 1159 2324 .
1176 2259 1279 2325 irater
1295 2257 1434 2323 hiiehael

310 2368 433 2432 ordinis
448 2367 587 2435 fratrum
602 2365 843 2453 predicatorum
859 2369 988 2434 nomine
1004 2369 1229 2453 procuratorio
1247 2419 1253 2433 .
1270 2419 1277 2432 .
1296 2368 1433 2434 domina-

310 2498 382 2542 rum
398 2477 692 2543 sanctimonialium
708 2476 748 2541 de
762 2477 869 2542 insula
885 2476 1030 2541 Budensi
1047 2499 1087 2541 ex
1102 2476 1207 2541 altera
1223 2497 1336 2542 eoram
1348 2475 1433 2541 nobis

312 2586 482 2650 constituti
497 2585 594 2650 iidem
620 2606 725 2650 comes
741 2583 927 2669 Stephanus
942 2591 975 2649 et
990 2583 1016 2650 J
1017 2585 1138 2651 acobus
1154 2635 1161 2649 .
1178 2635 1185 2649 .
1202 2591 1279 2650 sunt
1305 2583 1434 2650 confessi

312 2693 475 2777 quandam
490 2699 618 2778 partem
628 2699 660 2758 et
675 2694 860 2777 porcionem
876 2700 961 2758 terre
977 2693 1109 2760 arabilis
1125 2700 1158 2758 et
1174 2692 1274 2759 feneti
1290 2694 1324 2758 in
1344 2692 1434 2758 Oheu

313 2807 346 2866 et
360 2803 395 2866 in
412 2800 563 2868 Oholnuk
578 2803 666 2886 ipsos
682 2804 920 2885 contingentem
947 2825 967 2868 a
992 2803 1110 2868 comite
1139 2799 1271 2869 Godino
1297 2802 1340 2868 ad
1355 2804 1434 2886 ipsos

313 2910 496 2976 denotatam
512 2909 637 2975 dedisse
654 2960 661 2975 .
677 2960 684 2976 .
701 2910 742 2976 ob
758 2910 933 2976 remedium
949 2911 1129 2976 animarum
1154 2933 1287 2977 suarum
1303 2909 1433 2994 prefatis
1465 2949 1468 2954 ,
1552 2895 1553 2930 t

311 3019 472 3102 religiosis
506 3017 743 3084 dominabus..
768 3019 1069 3084 sanctimonialibus
1100 3019 1140 3084 ds
1165 3019 1272 3084 insula
1295 3017 1436 3084 Budensi

312 3132 490 3192 memorata
520 3127 590 3192 iure
621 3133 776 3210 perpetuo
793 3177 800 3192 .
816 3177 823 3192 .
841 3127 1113 3211 possidendam..
1131 3133 1266 3211 excepta
1291 3133 1385 3210 parte
1407 3133 1435 3189 et

311 3237 463 3319 porcione
479 3233 518 3299 de
543 3241 631 3299 terra
655 3241 833 3300 memorata
858 3241 891 3300 et
914 3233 1021 3301 feneto
1046 3235 1172 3300 comitis
1197 3233 1367 3320 Frankyni
1382 3232 1436 3298 filii
1551 3293 1552 3304 ,

312 3345 460 3409 similiter
476 3341 599 3408 Godini
617 3341 780 3426 quondam
797 3343 936 3408 concivis
953 3343 1057 3408 nostri
1073 3393 1079 3408 .
1097 3393 1104 3407 .
1122 3349 1153 3407 et
1178 3340 1282 3408 irater
1296 3341 1436 3408 Michael

311 3457 508 3517 memoratus
523 3451 651 3516 nomine
666 3451 810 3535 ipsarum
826 3451 1048 3536 religiosarum
1061 3451 1264 3517 dominarum
1279 3451 1435 3536 prefatam

311 3561 495 3644 p'oreionem
511 3559 675 3644 quondam
691 3561 816 3626 comitis
832 3559 1001 3646 Frankyni
1027 3559 1066 3625 de
1082 3567 1171 3625 terra
1187 3567 1220 3625 et
1244 3558 1354 3626 feneto
1371 3559 1437 3624 reli·

312 3671 383 3755 quit
398 3669 521 3736 salvam
537 3674 636 3753 atque
657 3667 811 3750 iiberam;
836 3669 985 3735 universa
1010 3670 1113 3736 eciam
1137 3669 1358 3736 instrumenta
1381 3689 1436 3754 que

310 3800 406 3862 super
421 3779 499 3861 ipsis
509 3776 761 3862 possessionibus
770 3783 914 3861 tempore
931 3777 1058 3843 comitis
1074 3775 1197 3844 Godini
1212 3775 1435 3844 fueruntema·

311 3892 439 3952 natast
455 3885 602 3952 confecta
617 3886 696 3969 ipsis
713 3885 903 3950 dominabus
919 3885 1016 3952 iidem
1033 3905 1139 3950 comes
1155 3882 1345 3968 Stephanus
1356 3885 1435 3952 filius
1549 3935 1550 3950 2

312 3992 435 4060 Godini
465 3999 498 4058 et
529 3991 675 4058 Jacobus
705 3990 791 4058 filius
821 3991 944 4057 Robini
969 3992 1198 4074 reddiderunt;
1225 3993 1304 4058 item
1337 4013 1437 4060 comes

312 4099 438 4168 Pethev
453 4099 552 4166 iudex
567 4101 706 4166 civitatis
721 4107 759 4166 ut
775 4101 978 4184 premisimus
1009 4122 1048 4166 ac
1071 4099 1231 4166 Nicolaus
1256 4098 1347 4167 filius
1364 4099 1436 4166 Bal·

314 4210 405 4276 duini
420 4209 463 4275 ad
477 4210 635 4275 instantes
665 4209 841 4294 peticiones
856 4210 1003 4294 parcium
1019 4209 1242 4294 predictarum
1267 4208 1311 4274 ad
1328 4208 1437 4276 famem
1548 4209 1549 4250 ἒ

314 4326 400 4384 terre
416 4322 591 4385 memorate
606 4323 810 4384 accesserunt
824 4319 858 4383 in
884 4316 973 4384 Cher
998 4325 1030 4383 et
1054 4319 1089 4384 in
1113 4315 1267 4384 (iholnuh
1283 4367 1290 4382 .
1307 4365 1315 4382 .
1334 4339 1436 4400 coram

315 4428 432 4512 quibus
447 4428 551 4512 ipsam
576 4433 698 4493 terram
714 4427 871 4494 arabilem
896 4433 929 4492 et
953 4426 1097 4493 fanetum
1123 4447 1229 4492 comes
1255 4422 1437 4512 Stephanus
1547 4497 1548 4508 p

314 4534 401 4600 filius
417 4533 540 4602 Godini
558 4543 591 4601 et
606 4535 631 4602 J
633 4537 753 4602 acobus
770 4535 855 4602 filius
870 4533 992 4602 Robini
1008 4535 1102 4602 fratri
1118 4534 1274 4601 Michaeli
1290 4554 1437 4618 procura·
1547 4531 1548 4554 ¹

315 4646 379 4714 teri
395 4643 597 4730 prefatorum
613 4643 817 4713 dominarum
833 4651 1018 4713 statuerunt
1035 4653 1068 4712 et
1079 4645 1327 4730 assignaverunt
1350 4623 1438 4712 metis
