3132 5470
344 449 408 511 282
698 461 886 511 1110111011
903 449 1120 511 0112111111.

340 633 408 692 scat
420 633 571 711 pretextu
582 627 818 710 possessionum
828 626 1056 710 predictarum,
1066 648 1162 710 super
1172 649 1209 693 eo
1226 629 1316 712 quod
1333 631 1455 712 primum

339 741 484 818 tempore
509 735 630 802 domini
645 733 779 800 Andros
804 736 889 818 regis
914 735 1027 800 habito
1052 757 1206 820 processu
1220 739 1388 804 iudiciario
1408 760 1455 822 per

338 844 499 928 Raphayn
525 844 646 908 banum
669 841 773 907 filiurn
788 841 919 908 Nicolai
935 843 1078 927 dataque
1095 843 1269 911 diffinitiva
1285 853 1319 912 et
1335 848 1454 930 capitali

336 953 503 1017 sentencia
519 959 634 1017 contra
649 953 754 1034 ipsum
768 951 970 1034 hadid-aum,
987 951 1118 1018 denium
1131 955 1202 1038 ipso
1218 955 1380 1040 Raphayn
1394 959 1452 1021 sine

338 1061 455 1126 herede
480 1061 654 1126 decedente
677 1083 736 1144 per
751 1060 898 1126 Dousam
923 1061 1087 1144 quondam
1112 1062 1294 1145 palatinum
1333 1086 1454 1130 conssu-

338 1171 488 1254 gvineum
499 1170 641 1235 eiusdem
651 1168 780 1236 fidelem
794 1175 940 1234 nostrum
952 1174 1067 1234 contra
1076 1171 1276 1236 antedictum
1286 1170 1454 1239 Samuelem

338 1277 473 1343 fratrem
497 1279 597 1362 ipsius
619 1277 769 1343 Ladizlai
794 1279 850 1360 qui
875 1278 1041 1343 universas
1066 1280 1281 1362 possessiones
1306 1283 1372 1347 eius
1395 1284 1453 1365 ipso

337 1389 494 1454 Ladizlao
521 1388 560 1453 de
585 1387 691 1453 medio
708 1387 837 1453 sublato
862 1388 1047 1471 possidebat
1072 1410 1182 1454 coram
1197 1392 1353 1474 magistro
1369 1392 1453 1456 Lam-

338 1503 430 1580 perto
447 1497 524 1562 olim
540 1495 645 1562 iudice
662 1497 749 1561 curie
765 1501 875 1560 nostre
891 1495 974 1562 bone
993 1498 1147 1562 memorio
1170 1499 1290 1563 nostris
1315 1501 1453 1582 tempori·

337 1605 398 1671 bus
429 1605 573 1688 legitime
605 1609 654 1670 est
685 1625 877 1688 processum,
902 1605 1125 1671 universarum
1151 1605 1294 1672 eiusdem
1318 1607 1452 1673 Ladizlai

338 1713 576 1797 possessionum
607 1734 663 1778 seu
694 1713 1019 1796 possessionariarum
1050 1715 1239 1796 porcionum
1271 1717 1403 1780 maxime
1424 1717 1452 1780 in

339 1821 434 1886 dictis
449 1821 700 1903 possessionibus
717 1819 852 1902 (iunges
870 1827 901 1885 01
917 1819 1009 1884 Βο10
1034 1841 1072 1885 00
1098 1823 1200 1887 eciam
1216 1821 1327 1888 Sadan
1346 1845 1452 1888 nuncu-

339 1931 425 2013 patis
450 1929 637 1994 habitarum
661 1929 726 1994 suis
751 1928 955 2011 exigentibus
979 1927 1146 1994 maleficiis
1170 1929 1284 1995 ordine
1300 1909 1452 1997 iudiciario

247 2051 249 2056 '
339 2038 464 2103 duabus
489 2038 638 2120 partibus
663 2037 766 2102 eidem
791 2039 947 2121 magistro
972 2037 1151 2121 Lamperto
1184 2045 1338 2124 tanquam
1366 2041 1452 2104 iudici

339 2146 441 2212 tercia
456 2167 531 2210 vero
551 2151 644 2228 parte
669 2145 795 2228 prefato
812 2144 925 2210 Dousa
950 2146 1098 2230 palatino
1122 2147 1213 2212 velut
1237 2148 1339 2212 actori
1362 2166 1453 2212 rema·

337 2252 489 2318 uentibus
524 2252 796 2336 quemadmodum
827 2254 860 2318 in
892 2253 1010 2318 litteris
1041 2254 1296 2337 privilegialibus
1326 2253 1452 2319 eiusdem

338 2362 453 2428 iudicis
470 2362 585 2428 exindo
601 2361 757 2428 confectis
773 2368 806 2427 et
821 2369 932 2428 nostro
948 2363 1115 2446 privilegio
1127 2361 1323 2428 confirmatis
1338 2363 1451 2446 plenius

338 2472 530 2554 continetur,
547 2477 614 2536 tam
631 2471 695 2535 illis
712 2470 840 2536 duabus
856 2471 1005 2555 partibus
1030 2492 1129 2554 quam
1154 2472 1258 2536 tercia
1283 2470 1452 2536 earumdem
1544 2481 1545 2504 ³

339 2581 438 2646 trium
455 2581 692 2663 possessionum
709 2585 741 2644 et
757 2580 895 2646 aliarum
912 2581 1134 2664 quarumlibet
1148 2581 1213 2647 iam
1230 2581 1308 2646 dicti
1317 2580 1452 2646 Ladizlai

341 2690 384 2754 ad
407 2711 523 2754 manus
547 2693 674 2753 nostras
699 2689 804 2772 regias
829 2697 926 2772 prout
959 2690 993 2754 in
1017 2689 1087 2754 aliis
1113 2689 1232 2754 litteris
1263 2690 1374 2754 nostris
1405 2709 1453 2753 seu

340 2797 507 2881 privilegio
525 2797 670 2862 seriatim
686 2798 866 2880 expressius
890 2797 1030 2863 habetur
1062 2798 1102 2863 de
1116 2799 1186 2863 iure
1203 2803 1237 2862 et
1253 2797 1355 2863 debite
1369 2797 1452 2862 devo

341 2906 427 2989 lutis,
443 2911 556 2970 notum
580 2905 715 2971 facimus
734 2907 890 2971 universis
907 2912 945 2970 ut
961 2906 1038 2988 quia
1054 2905 1133 2971 dicti
1148 2926 1315 2989 processus
1329 2905 1452 2990 legitimi
1543 2897 1544 2908 ’

340 3021 517 3098 antequam
541 3015 639 3080 iidem
664 3013 809 3080 infideles
834 3016 867 3080 in
892 3021 1003 3080 notam
1019 3013 1222 3080 infidelitatis
1238 3017 1388 3082 notoriam
1404 3013 1452 3080 ad-

340 3145 450 3188 versus
475 3145 532 3189 nos
557 3129 742 3207 perpetrate
767 3123 954 3189 incidissent
980 3129 1074 3188 erant
1098 3124 1251 3208 inchoati,
1276 3125 1348 3208 quia
1362 3123 1451 3188 eciam

341 3233 468 3314 incepta
484 3232 551 3296 litis
576 3232 741 3315 quescioni
757 3237 1007 3296 memoratorum
1023 3231 1186 3316 Raphayn
1203 3239 1236 3297 et
1252 3232 1360 3299 Dousa
1373 3231 1451 3314 pala·
1542 3291 1543 3314 χ

342 3341 402 3405 11111
433 3340 576 3406 fidelium
608 3345 793 3406 nostrorum
833 3361 904 3404 eam
952 3341 1180 3423 supprimendo
1213 3343 1367 3407 contraire
1394 3361 1450 3403 non

342 3449 450 3515 extitit
465 3470 583 3532 equum
598 3450 708 3532 visum,
724 3449 810 3534 ipsos
826 3470 994 3534 processus
1010 3449 1122 3515 habito
1139 3449 1318 3516 deliberato
1334 3449 1451 3516 consilio

342 3557 503 3622 noluimus
518 3557 692 3642 impedire;
710 3579 748 3624 ac
763 3564 873 3623 tamen
889 3559 916 3623 si
931 3560 965 3623 in
981 3557 1127 3624 futurum
1143 3563 1294 3642 pretenta
1304 3558 1451 3625 occasione

342 3666 525 3732 huiusmodi
550 3665 712 3732 iudiciarii
738 3672 829 3732 actus
848 3667 1033 3751 quicunque
1049 3666 1089 3732 de
1106 3667 1202 3732 dictis
1217 3667 1451 3751 possessionibus
1541 3701 1542 3722 1

342 3776 462 3858 posteri
479 3774 676 3859 prefatorum
692 3775 870 3841 infidelium
888 3781 920 3839 et
936 3776 1047 3859 pocius
1057 3775 1208 3840 Ladizlai
1223 3775 1385 3842 memorati
1398 3771 1450 3838 sibi

344 3883 459 3949 debere
476 3883 656 3968 allegarent
672 3890 730 3950 aut
746 3885 952 3968 aliquatenus
968 3883 1176 3950 vendicarent
1192 3905 1302 3950 eorum
1319 3885 1372 3949 tali
1386 3881 1449 3947 alle-

342 3993 469 4075 gacioni
500 3994 606 4075 rigore
638 3993 727 4077 regio
758 3993 925 4058 obviantes
956 4015 1013 4076 par
1043 3999 1208 4078 presentes
1232 3995 1401 4060 sanccimus
1421 3993 1448 4052 et

344 4099 543 4166 decernimus
574 4101 723 4166 frivolum
750 4107 783 4166 et
807 4103 902 4166 inane
929 4100 1084 4186 quicquid
1114 4122 1172 4184 per
1203 4101 1330 4166 eosdem
1359 4117 1450 4165 coram
1540 4127 1541 4160 1

343 4229 534 4292 quocunque
550 4208 656 4274 iudice
680 4210 713 4274 in
730 4209 849 4275 iudicio
874 4211 926 4274 vel
946 4215 1039 4274 extra
1064 4209 1218 4275 iudicium
1242 4209 1340 4275 fuerit
1362 4213 1449 4273 atten-

343 4319 465 4398 tatum,
481 4336 557 4380 sane
574 4317 651 4400 quia
666 4319 756 4400 parvi
772 4318 880 4382 meriti
897 4323 1069 4401 putaretur
1093 4315 1234 4384 fidelitas
1253 4319 1280 4382 si
1297 4315 1449 4383 infidelitas

343 4429 526 4488 remaneret
550 4425 711 4508 impunita
735 4431 768 4491 01
784 4432 861 4493 1110
877 4429 970 4511 quasi
986 4428 1154 4512 perspicue
1171 4427 1355 4492 elucescunt
1369 4425 1449 4489 virtu-
1539 4461 1540 4520 3

343 4535 392 4594 tes
417 4553 489 4595 cum
519 4533 654 4599 invicem
686 4541 893 4617 opponuntur
917 4542 950 4601 et
975 4538 1109 4601 virtutes
1133 4536 1222 4600 viciis
1247 4535 1448 4619 preferuntur,

345 4659 402 4703 nos
434 4640 638 4705 attendentes
668 4641 886 4708 inviolabilem
918 4643 993 4710 fidei
1024 4649 1057 4707 01
1082 4643 1264 4710 devocionis
1296 4641 1449 4727 puritatem
