<?xml version="1.0" encoding="UTF-8"?>
<!DOCTYPE html PUBLIC "-//W3C//DTD XHTML 1.0 Transitional//EN"
    "http://www.w3.org/TR/xhtml1/DTD/xhtml1-transitional.dtd">
<html xmlns="http://www.w3.org/1999/xhtml" xml:lang="en" lang="en">
 <head>
  <title>
</title>
<meta http-equiv="Content-Type" content="text/html;charset=utf-8" />
  <meta name='ocr-system' content='tesseract 3.04.00' />
  <meta name='ocr-capabilities' content='ocr_page ocr_carea ocr_par ocr_line ocrx_word'/>
</head>
<body>
  <div class='ocr_page' id='page_1' title='image "./codexdiplomatic01nagygoog_0579.png"; bbox 0 0 3154 5474; ppageno 0'>
   <div class='ocr_carea' id='block_1_1' title="bbox 355 450 1132 514">
    <p class='ocr_par' dir='ltr' id='par_1_1' title="bbox 355 450 1132 514">
     <span class='ocr_line' id='line_1_1' title="bbox 355 450 1132 514; baseline -0.003 -2"><span class='ocrx_word' id='word_1_1' title='bbox 355 450 418 514; x_wconf 79' lang='lat'><strong>562</strong></span> <span class='ocrx_word' id='word_1_2' title='bbox 711 450 1132 513; x_wconf 79' lang='lat' dir='ltr'><strong>susocuoarouulsrrln.</strong></span> 
     </span>
    </p>
   </div>
   <div class='ocr_carea' id='block_1_2' title="bbox 337 624 1472 4500">
    <p class='ocr_par' dir='ltr' id='par_1_2' title="bbox 337 624 1472 4500">
     <span class='ocr_line' id='line_1_2' title="bbox 355 624 1471 712; baseline -0.001 -19"><span class='ocrx_word' id='word_1_3' title='bbox 355 629 446 712; x_wconf 86' lang='lat' dir='ltr'><strong>gulto</strong></span> <span class='ocrx_word' id='word_1_4' title='bbox 460 628 651 694; x_wconf 68' lang='lat' dir='ltr'><strong>existentem</strong></span> <span class='ocrx_word' id='word_1_5' title='bbox 676 626 717 692; x_wconf 92' lang='lat' dir='ltr'><strong>de</strong></span> <span class='ocrx_word' id='word_1_6' title='bbox 742 628 814 712; x_wconf 91' lang='lat' dir='ltr'><strong>ipsa</strong></span> <span class='ocrx_word' id='word_1_7' title='bbox 839 627 892 693; x_wconf 81' lang='lat' dir='ltr'><strong>ria</strong></span> <span class='ocrx_word' id='word_1_8' title='bbox 917 624 1109 692; x_wconf 90' lang='lat' dir='ltr'><strong>declinando</strong></span> <span class='ocrx_word' id='word_1_9' title='bbox 1135 625 1177 691; x_wconf 89' lang='lat' dir='ltr'><strong>ad</strong></span> <span class='ocrx_word' id='word_1_10' title='bbox 1200 624 1366 692; x_wconf 73' lang='lat' dir='ltr'><strong>meridiem</strong></span> <span class='ocrx_word' id='word_1_11' title='bbox 1389 627 1471 692; x_wconf 82' lang='lat' dir='ltr'><strong>iuxta</strong></span> 
     </span>
     <span class='ocr_line' id='line_1_3' title="bbox 352 733 1472 820; baseline -0.004 -17"><span class='ocrx_word' id='word_1_12' title='bbox 352 737 553 803; x_wconf 82' lang='lat' dir='ltr'><strong>vicinitatem</strong></span> <span class='ocrx_word' id='word_1_13' title='bbox 578 735 719 802; x_wconf 91' lang='lat' dir='ltr'><strong>eiusdem</strong></span> <span class='ocrx_word' id='word_1_14' title='bbox 736 736 868 802; x_wconf 80' lang='lat' dir='ltr'><strong>ecclesie</strong></span> <span class='ocrx_word' id='word_1_15' title='bbox 884 733 1116 819; x_wconf 82' lang='lat' dir='ltr'><strong>Zagrabiensis</strong></span> <span class='ocrx_word' id='word_1_16' title='bbox 1131 735 1341 820; x_wconf 82' lang='lat' dir='ltr'><strong>possessionis</strong></span> <span class='ocrx_word' id='word_1_17' title='bbox 1367 733 1472 819; x_wconf 78' lang='lat' dir='ltr'><strong>Tykud</strong></span> 
     </span>
     <span class='ocr_line' id='line_1_4' title="bbox 352 842 1469 928; baseline -0.004 -17"><span class='ocrx_word' id='word_1_18' title='bbox 352 848 465 911; x_wconf 84' lang='lat' dir='ltr'><strong>vocate</strong></span> <span class='ocrx_word' id='word_1_19' title='bbox 481 863 500 909; x_wconf 89' lang='lat' dir='ltr'><strong>a</strong></span> <span class='ocrx_word' id='word_1_20' title='bbox 515 848 609 928; x_wconf 87' lang='lat' dir='ltr'><strong>parte</strong></span> <span class='ocrx_word' id='word_1_21' title='bbox 625 844 791 910; x_wconf 89' lang='lat' dir='ltr'><strong>orientalis</strong></span> <span class='ocrx_word' id='word_1_22' title='bbox 808 847 840 909; x_wconf 89' lang='lat' dir='ltr'><strong>et</strong></span> <span class='ocrx_word' id='word_1_23' title='bbox 850 843 1078 927; x_wconf 90' lang='lat' dir='ltr'><strong>meridionalis,</strong></span> <span class='ocrx_word' id='word_1_24' title='bbox 1095 842 1209 910; x_wconf 89' lang='lat' dir='ltr'><strong>deinde</strong></span> <span class='ocrx_word' id='word_1_25' title='bbox 1226 864 1336 908; x_wconf 79' lang='lat' dir='ltr'><strong>versus</strong></span> <span class='ocrx_word' id='word_1_26' title='bbox 1351 843 1469 927; x_wconf 86' lang='lat' dir='ltr'><strong>plagam</strong></span> 
     </span>
     <span class='ocr_line' id='line_1_5' title="bbox 353 947 1470 1018; baseline -0.004 0"><span class='ocrx_word' id='word_1_27' title='bbox 353 951 598 1018; x_wconf 84' lang='lat' dir='ltr'><strong>meridionalem</strong></span> <span class='ocrx_word' id='word_1_28' title='bbox 625 956 658 1017; x_wconf 91' lang='lat' dir='ltr'><strong>et</strong></span> <span class='ocrx_word' id='word_1_29' title='bbox 673 950 907 1018; x_wconf 88' lang='lat' dir='ltr'><strong>occidentalem</strong></span> <span class='ocrx_word' id='word_1_30' title='bbox 932 950 1139 1018; x_wconf 74' lang='lat' dir='ltr'><strong>mediocriter</strong></span> <span class='ocrx_word' id='word_1_31' title='bbox 1166 949 1386 1017; x_wconf 89' lang='lat' dir='ltr'><strong>descendendo</strong></span> <span class='ocrx_word' id='word_1_32' title='bbox 1404 947 1470 1014; x_wconf 90' lang='lat' dir='ltr'><strong>defi·</strong></span> 
     </span>
     <span class='ocr_line' id='line_1_6' title="bbox 353 1058 1470 1146; baseline -0.003 -20"><span class='ocrx_word' id='word_1_33' title='bbox 353 1062 459 1126; x_wconf 84' lang='lat' dir='ltr'><strong>ciente</strong></span> <span class='ocrx_word' id='word_1_34' title='bbox 488 1065 573 1126; x_wconf 90' lang='lat' dir='ltr'><strong>mete</strong></span> <span class='ocrx_word' id='word_1_35' title='bbox 604 1063 690 1126; x_wconf 89' lang='lat' dir='ltr'><strong>terre</strong></span> <span class='ocrx_word' id='word_1_36' title='bbox 716 1058 833 1146; x_wconf 72' lang='lat' dir='ltr'><strong>Tykud</strong></span> <span class='ocrx_word' id='word_1_37' title='bbox 855 1059 988 1145; x_wconf 87' lang='lat' dir='ltr'><strong>incipiet</strong></span> <span class='ocrx_word' id='word_1_38' title='bbox 1017 1065 1122 1125; x_wconf 88' lang='lat' dir='ltr'><strong>metas</strong></span> <span class='ocrx_word' id='word_1_39' title='bbox 1147 1064 1260 1126; x_wconf 90' lang='lat' dir='ltr'><strong>tenere</strong></span> <span class='ocrx_word' id='word_1_40' title='bbox 1292 1080 1364 1125; x_wconf 91' lang='lat' dir='ltr'><strong>cum</strong></span> <span class='ocrx_word' id='word_1_41' title='bbox 1393 1065 1470 1124; x_wconf 86' lang='lat' dir='ltr'><strong>terra</strong></span> 
     </span>
     <span class='ocr_line' id='line_1_7' title="bbox 349 1167 1468 1253; baseline -0.004 -17"><span class='ocrx_word' id='word_1_42' title='bbox 349 1169 601 1236; x_wconf 77' lang='lat' dir='ltr'><strong>uduornicorum</strong></span> <span class='ocrx_word' id='word_1_43' title='bbox 626 1168 665 1234; x_wconf 88' lang='lat' dir='ltr'><strong>de</strong></span> <span class='ocrx_word' id='word_1_44' title='bbox 692 1167 885 1253; x_wconf 85' lang='lat' dir='ltr'><strong>Ohempred,</strong></span> <span class='ocrx_word' id='word_1_45' title='bbox 915 1167 1021 1234; x_wconf 91' lang='lat' dir='ltr'><strong>eundo</strong></span> <span class='ocrx_word' id='word_1_46' title='bbox 1031 1189 1171 1252; x_wconf 88' lang='lat' dir='ltr'><strong>namque</strong></span> <span class='ocrx_word' id='word_1_47' title='bbox 1196 1189 1256 1253; x_wconf 88' lang='lat' dir='ltr'><strong>par</strong></span> <span class='ocrx_word' id='word_1_48' title='bbox 1280 1167 1419 1234; x_wconf 83' lang='lat' dir='ltr'><strong>senatum</strong></span> <span class='ocrx_word' id='word_1_49' title='bbox 1441 1173 1468 1232; x_wconf 87' lang='lat' dir='ltr'><strong>et</strong></span> 
     </span>
     <span class='ocr_line' id='line_1_8' title="bbox 350 1275 1467 1363; baseline -0.002 -20"><span class='ocrx_word' id='word_1_50' title='bbox 350 1299 409 1363; x_wconf 93' lang='lat' dir='ltr'><strong>per</strong></span> <span class='ocrx_word' id='word_1_51' title='bbox 423 1277 504 1343; x_wconf 84' lang='lat' dir='ltr'><strong>vitos</strong></span> <span class='ocrx_word' id='word_1_52' title='bbox 522 1277 669 1362; x_wconf 85' lang='lat' dir='ltr'><strong>persenit</strong></span> <span class='ocrx_word' id='word_1_53' title='bbox 686 1277 770 1343; x_wconf 88' lang='lat' dir='ltr'><strong>viam</strong></span> <span class='ocrx_word' id='word_1_54' title='bbox 785 1275 811 1342; x_wconf 91' lang='lat' dir='ltr'><strong>J</strong></span> <span class='ocrx_word' id='word_1_55' title='bbox 813 1277 949 1343; x_wconf 89' lang='lat' dir='ltr'><strong>ohannis</strong></span> <span class='ocrx_word' id='word_1_56' title='bbox 965 1275 1091 1342; x_wconf 85' lang='lat' dir='ltr'><strong>Sceuke</strong></span> <span class='ocrx_word' id='word_1_57' title='bbox 1107 1275 1188 1342; x_wconf 86' lang='lat' dir='ltr'><strong>dicti</strong></span> <span class='ocrx_word' id='word_1_58' title='bbox 1211 1296 1271 1362; x_wconf 89' lang='lat' dir='ltr'><strong>per</strong></span> <span class='ocrx_word' id='word_1_59' title='bbox 1296 1297 1391 1360; x_wconf 84' lang='lat' dir='ltr'><strong>quam</strong></span> <span class='ocrx_word' id='word_1_60' title='bbox 1408 1275 1467 1341; x_wconf 88' lang='lat' dir='ltr'><strong>itur</strong></span> 
     </span>
     <span class='ocr_line' id='line_1_9' title="bbox 349 1383 1469 1470; baseline -0.006 -15"><span class='ocrx_word' id='word_1_61' title='bbox 349 1385 390 1456; x_wconf 85' lang='lat' dir='ltr'><strong>da</strong></span> <span class='ocrx_word' id='word_1_62' title='bbox 406 1385 505 1452; x_wconf 87' lang='lat' dir='ltr'><strong>Dand</strong></span> <span class='ocrx_word' id='word_1_63' title='bbox 519 1385 562 1452; x_wconf 88' lang='lat' dir='ltr'><strong>ad</strong></span> <span class='ocrx_word' id='word_1_64' title='bbox 577 1384 691 1470; x_wconf 86' lang='lat' dir='ltr'><strong>Veyse,</strong></span> <span class='ocrx_word' id='word_1_65' title='bbox 712 1385 752 1452; x_wconf 91' lang='lat' dir='ltr'><strong>ab</strong></span> <span class='ocrx_word' id='word_1_66' title='bbox 768 1384 844 1450; x_wconf 90' lang='lat' dir='ltr'><strong>inde</strong></span> <span class='ocrx_word' id='word_1_67' title='bbox 861 1385 901 1450; x_wconf 90' lang='lat' dir='ltr'><strong>ad</strong></span> <span class='ocrx_word' id='word_1_68' title='bbox 917 1385 1117 1451; x_wconf 86' lang='lat' dir='ltr'><strong>occidentem</strong></span> <span class='ocrx_word' id='word_1_69' title='bbox 1133 1389 1165 1450; x_wconf 88' lang='lat' dir='ltr'><strong>ct</strong></span> <span class='ocrx_word' id='word_1_70' title='bbox 1189 1383 1387 1450; x_wconf 84' lang='lat' dir='ltr'><strong>vicinitatem</strong></span> <span class='ocrx_word' id='word_1_71' title='bbox 1405 1405 1469 1450; x_wconf 89' lang='lat' dir='ltr'><strong>oum</strong></span> 
     </span>
     <span class='ocr_line' id='line_1_10' title="bbox 350 1492 1469 1578; baseline -0.005 -17"><span class='ocrx_word' id='word_1_72' title='bbox 350 1499 439 1561; x_wconf 90' lang='lat' dir='ltr'><strong>terra</strong></span> <span class='ocrx_word' id='word_1_73' title='bbox 456 1493 604 1561; x_wconf 79' lang='lat' dir='ltr'><strong>Ohnlsma</strong></span> <span class='ocrx_word' id='word_1_74' title='bbox 630 1499 761 1578; x_wconf 85' lang='lat' dir='ltr'><strong>quaest</strong></span> <span class='ocrx_word' id='word_1_75' title='bbox 786 1493 936 1558; x_wconf 89' lang='lat' dir='ltr'><strong>similiter</strong></span> <span class='ocrx_word' id='word_1_76' title='bbox 960 1492 1083 1559; x_wconf 90' lang='lat' dir='ltr'><strong>domini</strong></span> <span class='ocrx_word' id='word_1_77' title='bbox 1118 1492 1272 1578; x_wconf 82' lang='lat' dir='ltr'><strong>woyuode</strong></span> <span class='ocrx_word' id='word_1_78' title='bbox 1298 1493 1387 1558; x_wconf 90' lang='lat' dir='ltr'><strong>cuius</strong></span> <span class='ocrx_word' id='word_1_79' title='bbox 1401 1513 1469 1577; x_wconf 88' lang='lat' dir='ltr'><strong>pars</strong></span> 
     </span>
     <span class='ocr_line' id='line_1_11' title="bbox 349 1597 1468 1688; baseline -0.005 -20"><span class='ocrx_word' id='word_1_80' title='bbox 349 1602 621 1688; x_wconf 87' lang='lat' dir='ltr'><strong>septemtrionalis</strong></span> <span class='ocrx_word' id='word_1_81' title='bbox 653 1605 687 1667; x_wconf 90' lang='lat' dir='ltr'><strong>et</strong></span> <span class='ocrx_word' id='word_1_82' title='bbox 717 1601 884 1668; x_wconf 86' lang='lat' dir='ltr'><strong>orientalis</strong></span> <span class='ocrx_word' id='word_1_83' title='bbox 914 1597 1094 1666; x_wconf 86' lang='lat' dir='ltr'><strong>includitur</strong></span> <span class='ocrx_word' id='word_1_84' title='bbox 1125 1603 1159 1664; x_wconf 89' lang='lat' dir='ltr'><strong>et</strong></span> <span class='ocrx_word' id='word_1_85' title='bbox 1188 1599 1406 1666; x_wconf 73' lang='lat' dir='ltr'><strong>cmoumdatur</strong></span> <span class='ocrx_word' id='word_1_86' title='bbox 1435 1619 1468 1663; x_wconf 86' lang='lat' dir='ltr'><strong>ac</strong></span> 
     </span>
     <span class='ocr_line' id='line_1_12' title="bbox 348 1705 1469 1794; baseline -0.006 -18"><span class='ocrx_word' id='word_1_87' title='bbox 348 1713 495 1776; x_wconf 82' lang='lat' dir='ltr'><strong>remanet</strong></span> <span class='ocrx_word' id='word_1_88' title='bbox 510 1711 594 1776; x_wconf 78' lang='lat' dir='ltr'><strong>villis</strong></span> <span class='ocrx_word' id='word_1_89' title='bbox 621 1709 787 1776; x_wconf 75' lang='lat' dir='ltr'><strong>Terebezd</strong></span> <span class='ocrx_word' id='word_1_90' title='bbox 812 1712 845 1774; x_wconf 89' lang='lat' dir='ltr'><strong>et</strong></span> <span class='ocrx_word' id='word_1_91' title='bbox 869 1707 993 1794; x_wconf 83' lang='lat' dir='ltr'><strong>Sythke</strong></span> <span class='ocrx_word' id='word_1_92' title='bbox 1020 1707 1225 1793; x_wconf 82' lang='lat' dir='ltr'><strong>supradictis,</strong></span> <span class='ocrx_word' id='word_1_93' title='bbox 1251 1714 1285 1773; x_wconf 88' lang='lat' dir='ltr'><strong>et</strong></span> <span class='ocrx_word' id='word_1_94' title='bbox 1309 1709 1358 1773; x_wconf 88' lang='lat' dir='ltr'><strong>ita</strong></span> <span class='ocrx_word' id='word_1_95' title='bbox 1381 1705 1469 1772; x_wconf 90' lang='lat' dir='ltr'><strong>decli-</strong></span> 
     </span>
     <span class='ocr_line' id='line_1_13' title="bbox 349 1813 1468 1903; baseline -0.004 -20"><span class='ocrx_word' id='word_1_96' title='bbox 349 1818 457 1885; x_wconf 89' lang='lat' dir='ltr'><strong>nando</strong></span> <span class='ocrx_word' id='word_1_97' title='bbox 492 1817 533 1884; x_wconf 91' lang='lat' dir='ltr'><strong>ad</strong></span> <span class='ocrx_word' id='word_1_98' title='bbox 558 1818 821 1903; x_wconf 85' lang='lat' dir='ltr'><strong>septemtrionem</strong></span> <span class='ocrx_word' id='word_1_99' title='bbox 855 1817 957 1882; x_wconf 90' lang='lat' dir='ltr'><strong>intrat</strong></span> <span class='ocrx_word' id='word_1_100' title='bbox 982 1814 1025 1881; x_wconf 88' lang='lat' dir='ltr'><strong>ad</strong></span> <span class='ocrx_word' id='word_1_101' title='bbox 1049 1816 1191 1900; x_wconf 89' lang='lat' dir='ltr'><strong>priorem</strong></span> <span class='ocrx_word' id='word_1_102' title='bbox 1219 1817 1360 1882; x_wconf 80' lang='lat' dir='ltr'><strong>rivulum</strong></span> <span class='ocrx_word' id='word_1_103' title='bbox 1383 1813 1468 1880; x_wconf 88' lang='lat' dir='ltr'><strong>Haas</strong></span> 
     </span>
     <span class='ocr_line' id='line_1_14' title="bbox 346 1921 1468 2008; baseline -0.005 -17"><span class='ocrx_word' id='word_1_104' title='bbox 346 1926 471 1992; x_wconf 91' lang='lat' dir='ltr'><strong>dictum</strong></span> <span class='ocrx_word' id='word_1_105' title='bbox 497 1929 529 1990; x_wconf 91' lang='lat' dir='ltr'><strong>et</strong></span> <span class='ocrx_word' id='word_1_106' title='bbox 546 1923 710 1990; x_wconf 87' lang='lat' dir='ltr'><strong>descendit</strong></span> <span class='ocrx_word' id='word_1_107' title='bbox 726 1945 785 2008; x_wconf 89' lang='lat' dir='ltr'><strong>per</strong></span> <span class='ocrx_word' id='word_1_108' title='bbox 808 1925 914 2008; x_wconf 89' lang='lat' dir='ltr'><strong>ipsum</strong></span> <span class='ocrx_word' id='word_1_109' title='bbox 940 1922 982 1990; x_wconf 87' lang='lat' dir='ltr'><strong>ad</strong></span> <span class='ocrx_word' id='word_1_110' title='bbox 998 1927 1118 1989; x_wconf 89' lang='lat' dir='ltr'><strong>metam</strong></span> <span class='ocrx_word' id='word_1_111' title='bbox 1134 1923 1354 2008; x_wconf 84' lang='lat' dir='ltr'><strong>principalem.</strong></span> <span class='ocrx_word' id='word_1_112' title='bbox 1387 1921 1468 1988; x_wconf 91' lang='lat' dir='ltr'><strong>Dici-</strong></span> 
     </span>
     <span class='ocr_line' id='line_1_15' title="bbox 346 2029 1469 2117; baseline -0.004 -19"><span class='ocrx_word' id='word_1_113' title='bbox 346 2055 417 2099; x_wconf 89' lang='lat' dir='ltr'><strong>mus</strong></span> <span class='ocrx_word' id='word_1_114' title='bbox 434 2033 543 2117; x_wconf 89' lang='lat' dir='ltr'><strong>eciam,</strong></span> <span class='ocrx_word' id='word_1_115' title='bbox 560 2031 648 2117; x_wconf 88' lang='lat' dir='ltr'><strong>quod</strong></span> <span class='ocrx_word' id='word_1_116' title='bbox 663 2033 748 2098; x_wconf 90' lang='lat' dir='ltr'><strong>inter</strong></span> <span class='ocrx_word' id='word_1_117' title='bbox 763 2033 850 2116; x_wconf 86' lang='lat' dir='ltr'><strong>ipsas</strong></span> <span class='ocrx_word' id='word_1_118' title='bbox 866 2030 947 2098; x_wconf 91' lang='lat' dir='ltr'><strong>duas</strong></span> <span class='ocrx_word' id='word_1_119' title='bbox 962 2032 1178 2116; x_wconf 90' lang='lat' dir='ltr'><strong>possessiones</strong></span> <span class='ocrx_word' id='word_1_120' title='bbox 1198 2030 1367 2097; x_wconf 79' lang='lat' dir='ltr'><strong>Terebezd</strong></span> <span class='ocrx_word' id='word_1_121' title='bbox 1389 2029 1469 2095; x_wconf 83' lang='lat' dir='ltr'><strong>ride-</strong></span> 
     </span>
     <span class='ocr_line' id='line_1_16' title="bbox 346 2140 1466 2226; baseline -0.001 -20"><span class='ocrx_word' id='word_1_122' title='bbox 346 2143 423 2207; x_wconf 89' lang='lat' dir='ltr'><strong>lioet</strong></span> <span class='ocrx_word' id='word_1_123' title='bbox 439 2145 472 2206; x_wconf 88' lang='lat' dir='ltr'><strong>et</strong></span> <span class='ocrx_word' id='word_1_124' title='bbox 489 2141 623 2226; x_wconf 79' lang='lat' dir='ltr'><strong>Topsuu</strong></span> <span class='ocrx_word' id='word_1_125' title='bbox 644 2141 772 2208; x_wconf 89' lang='lat' dir='ltr'><strong>adiacet</strong></span> <span class='ocrx_word' id='word_1_126' title='bbox 797 2140 935 2226; x_wconf 89' lang='lat' dir='ltr'><strong>quedam</strong></span> <span class='ocrx_word' id='word_1_127' title='bbox 952 2141 1114 2225; x_wconf 88' lang='lat' dir='ltr'><strong>particula</strong></span> <span class='ocrx_word' id='word_1_128' title='bbox 1137 2145 1224 2206; x_wconf 85' lang='lat' dir='ltr'><strong>terre</strong></span> <span class='ocrx_word' id='word_1_129' title='bbox 1249 2142 1375 2207; x_wconf 83' lang='lat' dir='ltr'><strong>mixtim</strong></span> <span class='ocrx_word' id='word_1_130' title='bbox 1401 2161 1466 2206; x_wconf 92' lang='lat' dir='ltr'><strong>cum</strong></span> 
     </span>
     <span class='ocr_line' id='line_1_17' title="bbox 346 2249 1469 2334; baseline -0.001 -20"><span class='ocrx_word' id='word_1_131' title='bbox 346 2251 424 2334; x_wconf 89' lang='lat' dir='ltr'><strong>ipsis</strong></span> <span class='ocrx_word' id='word_1_132' title='bbox 440 2251 535 2316; x_wconf 86' lang='lat' dir='ltr'><strong>terris</strong></span> <span class='ocrx_word' id='word_1_133' title='bbox 551 2251 584 2315; x_wconf 93' lang='lat' dir='ltr'><strong>in</strong></span> <span class='ocrx_word' id='word_1_134' title='bbox 599 2272 664 2316; x_wconf 90' lang='lat' dir='ltr'><strong>uno</strong></span> <span class='ocrx_word' id='word_1_135' title='bbox 679 2251 751 2316; x_wconf 93' lang='lat' dir='ltr'><strong>loco</strong></span> <span class='ocrx_word' id='word_1_136' title='bbox 768 2249 836 2314; x_wconf 90' lang='lat' dir='ltr'><strong>sine</strong></span> <span class='ocrx_word' id='word_1_137' title='bbox 852 2251 946 2315; x_wconf 89' lang='lat' dir='ltr'><strong>metis</strong></span> <span class='ocrx_word' id='word_1_138' title='bbox 963 2270 1027 2333; x_wconf 91' lang='lat' dir='ltr'><strong>qua</strong></span> <span class='ocrx_word' id='word_1_139' title='bbox 1043 2253 1092 2314; x_wconf 87' lang='lat' dir='ltr'><strong>est</strong></span> <span class='ocrx_word' id='word_1_140' title='bbox 1110 2252 1199 2314; x_wconf 89' lang='lat' dir='ltr'><strong>terra</strong></span> <span class='ocrx_word' id='word_1_141' title='bbox 1214 2249 1361 2334; x_wconf 88' lang='lat' dir='ltr'><strong>predicte</strong></span> <span class='ocrx_word' id='word_1_142' title='bbox 1377 2250 1469 2314; x_wconf 79' lang='lat' dir='ltr'><strong>eccle</strong></span> 
     </span>
     <span class='ocr_line' id='line_1_18' title="bbox 346 2355 1469 2442; baseline -0.002 -20"><span class='ocrx_word' id='word_1_143' title='bbox 346 2358 391 2422; x_wconf 90' lang='lat' dir='ltr'><strong>sie</strong></span> <span class='ocrx_word' id='word_1_144' title='bbox 403 2355 605 2441; x_wconf 73' lang='lat' dir='ltr'><strong>simigiensis</strong></span> <span class='ocrx_word' id='word_1_145' title='bbox 615 2357 658 2423; x_wconf 89' lang='lat' dir='ltr'><strong>ad</strong></span> <span class='ocrx_word' id='word_1_146' title='bbox 667 2357 848 2442; x_wconf 88' lang='lat' dir='ltr'><strong>predictam</strong></span> <span class='ocrx_word' id='word_1_147' title='bbox 858 2358 966 2424; x_wconf 84' lang='lat' dir='ltr'><strong>villam</strong></span> <span class='ocrx_word' id='word_1_148' title='bbox 976 2356 1124 2442; x_wconf 76' lang='lat' dir='ltr'><strong>Terpech</strong></span> <span class='ocrx_word' id='word_1_149' title='bbox 1135 2358 1301 2441; x_wconf 90' lang='lat' dir='ltr'><strong>pertinens</strong></span> <span class='ocrx_word' id='word_1_150' title='bbox 1312 2379 1407 2442; x_wconf 90' lang='lat' dir='ltr'><strong>quam</strong></span> <span class='ocrx_word' id='word_1_151' title='bbox 1417 2358 1469 2422; x_wconf 85' lang='lat' dir='ltr'><strong>soi-</strong></span> 
     </span>
     <span class='ocr_line' id='line_1_19' title="bbox 346 2463 1469 2550; baseline -0.002 -21"><span class='ocrx_word' id='word_1_152' title='bbox 346 2465 567 2548; x_wconf 87' lang='lat' dir='ltr'><strong>licetproptor</strong></span> <span class='ocrx_word' id='word_1_153' title='bbox 577 2463 761 2531; x_wconf 88' lang='lat' dir='ltr'><strong>absenciam</strong></span> <span class='ocrx_word' id='word_1_154' title='bbox 771 2465 990 2550; x_wconf 82' lang='lat' dir='ltr'><strong>procuratoris</strong></span> <span class='ocrx_word' id='word_1_155' title='bbox 1000 2463 1084 2528; x_wconf 88' lang='lat' dir='ltr'><strong>dicte</strong></span> <span class='ocrx_word' id='word_1_156' title='bbox 1101 2464 1231 2529; x_wconf 89' lang='lat' dir='ltr'><strong>ecclesie</strong></span> <span class='ocrx_word' id='word_1_157' title='bbox 1251 2466 1329 2549; x_wconf 90' lang='lat' dir='ltr'><strong>quia</strong></span> <span class='ocrx_word' id='word_1_158' title='bbox 1344 2469 1469 2531; x_wconf 84' lang='lat' dir='ltr'><strong>secatus</strong></span> 
     </span>
     <span class='ocr_line' id='line_1_20' title="bbox 345 2573 1468 2658; baseline -0.003 -19"><span class='ocrx_word' id='word_1_159' title='bbox 345 2594 410 2639; x_wconf 90' lang='lat' dir='ltr'><strong>uon</strong></span> <span class='ocrx_word' id='word_1_160' title='bbox 441 2575 581 2640; x_wconf 85' lang='lat' dir='ltr'><strong>venisset</strong></span> <span class='ocrx_word' id='word_1_161' title='bbox 611 2574 706 2640; x_wconf 89' lang='lat' dir='ltr'><strong>metis</strong></span> <span class='ocrx_word' id='word_1_162' title='bbox 731 2573 932 2640; x_wconf 88' lang='lat' dir='ltr'><strong>circumdare</strong></span> <span class='ocrx_word' id='word_1_163' title='bbox 951 2573 1186 2658; x_wconf 80' lang='lat' dir='ltr'><strong>nequivissent3</strong></span> <span class='ocrx_word' id='word_1_164' title='bbox 1218 2579 1367 2658; x_wconf 89' lang='lat' dir='ltr'><strong>preterea</strong></span> <span class='ocrx_word' id='word_1_165' title='bbox 1389 2581 1468 2640; x_wconf 86' lang='lat' dir='ltr'><strong>mete</strong></span> 
     </span>
     <span class='ocr_line' id='line_1_21' title="bbox 344 2678 1469 2767; baseline 0.002 -23"><span class='ocrx_word' id='word_1_166' title='bbox 344 2681 556 2764; x_wconf 86' lang='lat' dir='ltr'><strong>possessionis</strong></span> <span class='ocrx_word' id='word_1_167' title='bbox 566 2678 659 2747; x_wconf 88' lang='lat' dir='ltr'><strong>Zoob</strong></span> <span class='ocrx_word' id='word_1_168' title='bbox 674 2680 737 2746; x_wconf 91' lang='lat' dir='ltr'><strong>hoc</strong></span> <span class='ocrx_word' id='word_1_169' title='bbox 753 2679 866 2746; x_wconf 90' lang='lat' dir='ltr'><strong>ordine</strong></span> <span class='ocrx_word' id='word_1_170' title='bbox 883 2679 1114 2764; x_wconf 84' lang='lat' dir='ltr'><strong>distinguntur,</strong></span> <span class='ocrx_word' id='word_1_171' title='bbox 1130 2679 1218 2763; x_wconf 87' lang='lat' dir='ltr'><strong>quod</strong></span> <span class='ocrx_word' id='word_1_172' title='bbox 1228 2682 1334 2764; x_wconf 83' lang='lat' dir='ltr'><strong>prima</strong></span> <span class='ocrx_word' id='word_1_173' title='bbox 1344 2684 1469 2767; x_wconf 89' lang='lat' dir='ltr'><strong>etprin-</strong></span> 
     </span>
     <span class='ocr_line' id='line_1_22' title="bbox 346 2777 1468 2872; baseline 0.003 -21"><span class='ocrx_word' id='word_1_174' title='bbox 346 2787 457 2871; x_wconf 90' lang='lat' dir='ltr'><strong>cipalis</strong></span> <span class='ocrx_word' id='word_1_175' title='bbox 473 2793 560 2853; x_wconf 89' lang='lat' dir='ltr'><strong>meta</strong></span> <span class='ocrx_word' id='word_1_176' title='bbox 585 2777 742 2872; x_wconf 84' lang='lat' dir='ltr'><strong>incipite</strong></span> <span class='ocrx_word' id='word_1_177' title='bbox 766 2793 859 2872; x_wconf 92' lang='lat' dir='ltr'><strong>parte</strong></span> <span class='ocrx_word' id='word_1_178' title='bbox 884 2788 1140 2872; x_wconf 78' lang='lat' dir='ltr'><strong>septemtrionali</strong></span> <span class='ocrx_word' id='word_1_179' title='bbox 1165 2789 1251 2854; x_wconf 88' lang='lat' dir='ltr'><strong>circa</strong></span> <span class='ocrx_word' id='word_1_180' title='bbox 1275 2790 1468 2855; x_wconf 83' lang='lat' dir='ltr'><strong>vicinitatem</strong></span> 
     </span>
     <span class='ocr_line' id='line_1_23' title="bbox 345 2893 1468 2981; baseline -0.003 -19"><span class='ocrx_word' id='word_1_181' title='bbox 345 2902 432 2962; x_wconf 89' lang='lat' dir='ltr'><strong>terre</strong></span> <span class='ocrx_word' id='word_1_182' title='bbox 458 2893 682 2980; x_wconf 83' lang='lat' dir='ltr'><strong>Segusdiensis</strong></span> <span class='ocrx_word' id='word_1_183' title='bbox 706 2898 798 2962; x_wconf 86' lang='lat' dir='ltr'><strong>iuxta</strong></span> <span class='ocrx_word' id='word_1_184' title='bbox 816 2896 965 2962; x_wconf 84' lang='lat' dir='ltr'><strong>arborem</strong></span> <span class='ocrx_word' id='word_1_185' title='bbox 989 2895 1068 2962; x_wconf 85' lang='lat' dir='ltr'><strong>haas</strong></span> <span class='ocrx_word' id='word_1_186' title='bbox 1095 2897 1181 2962; x_wconf 90' lang='lat' dir='ltr'><strong>circa</strong></span> <span class='ocrx_word' id='word_1_187' title='bbox 1197 2896 1340 2962; x_wconf 80' lang='lat' dir='ltr'><strong>rivulum</strong></span> <span class='ocrx_word' id='word_1_188' title='bbox 1355 2895 1468 2981; x_wconf 87' lang='lat' dir='ltr'><strong>Lapod</strong></span> 
     </span>
     <span class='ocr_line' id='line_1_24' title="bbox 345 3003 1469 3090; baseline 0.003 -23"><span class='ocrx_word' id='word_1_189' title='bbox 345 3003 402 3068; x_wconf 92' lang='lat' dir='ltr'><strong>ubi</strong></span> <span class='ocrx_word' id='word_1_190' title='bbox 418 3007 467 3069; x_wconf 89' lang='lat' dir='ltr'><strong>est</strong></span> <span class='ocrx_word' id='word_1_191' title='bbox 482 3010 569 3070; x_wconf 90' lang='lat' dir='ltr'><strong>meta</strong></span> <span class='ocrx_word' id='word_1_192' title='bbox 582 3009 689 3072; x_wconf 87' lang='lat' dir='ltr'><strong>terrea</strong></span> <span class='ocrx_word' id='word_1_193' title='bbox 705 3025 723 3069; x_wconf 90' lang='lat' dir='ltr'><strong>a</strong></span> <span class='ocrx_word' id='word_1_194' title='bbox 738 3009 831 3090; x_wconf 89' lang='lat' dir='ltr'><strong>parte</strong></span> <span class='ocrx_word' id='word_1_195' title='bbox 847 3003 1039 3070; x_wconf 89' lang='lat' dir='ltr'><strong>occidentali</strong></span> <span class='ocrx_word' id='word_1_196' title='bbox 1056 3007 1091 3070; x_wconf 90' lang='lat' dir='ltr'><strong>et</strong></span> <span class='ocrx_word' id='word_1_197' title='bbox 1106 3004 1152 3070; x_wconf 93' lang='lat' dir='ltr'><strong>ibi</strong></span> <span class='ocrx_word' id='word_1_198' title='bbox 1167 3004 1271 3070; x_wconf 88' lang='lat' dir='ltr'><strong>intrat</strong></span> <span class='ocrx_word' id='word_1_199' title='bbox 1299 3005 1341 3070; x_wconf 85' lang='lat' dir='ltr'><strong>ad</strong></span> <span class='ocrx_word' id='word_1_200' title='bbox 1367 3006 1469 3090; x_wconf 90' lang='lat' dir='ltr'><strong>ipsum</strong></span> 
     </span>
     <span class='ocr_line' id='line_1_25' title="bbox 345 3111 1470 3198; baseline 0.002 -23"><span class='ocrx_word' id='word_1_201' title='bbox 345 3111 485 3178; x_wconf 68' lang='lat' dir='ltr'><strong>rivarium</strong></span> <span class='ocrx_word' id='word_1_202' title='bbox 511 3111 627 3198; x_wconf 89' lang='lat' dir='ltr'><strong>Lapod</strong></span> <span class='ocrx_word' id='word_1_203' title='bbox 643 3117 676 3178; x_wconf 91' lang='lat' dir='ltr'><strong>et</strong></span> <span class='ocrx_word' id='word_1_204' title='bbox 701 3135 759 3198; x_wconf 85' lang='lat' dir='ltr'><strong>per</strong></span> <span class='ocrx_word' id='word_1_205' title='bbox 788 3115 895 3198; x_wconf 90' lang='lat' dir='ltr'><strong>ipsum</strong></span> <span class='ocrx_word' id='word_1_206' title='bbox 911 3113 1049 3178; x_wconf 80' lang='lat' dir='ltr'><strong>riudum</strong></span> <span class='ocrx_word' id='word_1_207' title='bbox 1066 3111 1233 3179; x_wconf 89' lang='lat' dir='ltr'><strong>descendit</strong></span> <span class='ocrx_word' id='word_1_208' title='bbox 1249 3112 1291 3178; x_wconf 90' lang='lat' dir='ltr'><strong>ad</strong></span> <span class='ocrx_word' id='word_1_209' title='bbox 1306 3112 1470 3178; x_wconf 88' lang='lat' dir='ltr'><strong>meridiem</strong></span> 
     </span>
     <span class='ocr_line' id='line_1_26' title="bbox 344 3218 1470 3306; baseline 0.004 -22"><span class='ocrx_word' id='word_1_210' title='bbox 344 3218 466 3285; x_wconf 89' lang='lat' dir='ltr'><strong>directe</strong></span> <span class='ocrx_word' id='word_1_211' title='bbox 492 3222 584 3286; x_wconf 90' lang='lat' dir='ltr'><strong>ouius</strong></span> <span class='ocrx_word' id='word_1_212' title='bbox 608 3243 684 3306; x_wconf 89' lang='lat' dir='ltr'><strong>pars</strong></span> <span class='ocrx_word' id='word_1_213' title='bbox 711 3222 879 3288; x_wconf 87' lang='lat' dir='ltr'><strong>orientalis</strong></span> <span class='ocrx_word' id='word_1_214' title='bbox 905 3225 953 3286; x_wconf 90' lang='lat' dir='ltr'><strong>est</strong></span> <span class='ocrx_word' id='word_1_215' title='bbox 979 3227 1066 3286; x_wconf 89' lang='lat' dir='ltr'><strong>terre</strong></span> <span class='ocrx_word' id='word_1_216' title='bbox 1092 3219 1317 3305; x_wconf 82' lang='lat' dir='ltr'><strong>Segusdiensis</strong></span> <span class='ocrx_word' id='word_1_217' title='bbox 1349 3229 1384 3288; x_wconf 89' lang='lat' dir='ltr'><strong>et</strong></span> <span class='ocrx_word' id='word_1_218' title='bbox 1400 3243 1470 3306; x_wconf 89' lang='lat' dir='ltr'><strong>pars</strong></span> 
     </span>
     <span class='ocr_line' id='line_1_27' title="bbox 343 3326 1469 3415; baseline 0.004 -24"><span class='ocrx_word' id='word_1_219' title='bbox 343 3326 553 3394; x_wconf 88' lang='lat' dir='ltr'><strong>occidentalis</strong></span> <span class='ocrx_word' id='word_1_220' title='bbox 580 3333 723 3395; x_wconf 88' lang='lat' dir='ltr'><strong>remanet</strong></span> <span class='ocrx_word' id='word_1_221' title='bbox 748 3333 834 3394; x_wconf 89' lang='lat' dir='ltr'><strong>torre</strong></span> <span class='ocrx_word' id='word_1_222' title='bbox 865 3327 958 3396; x_wconf 86' lang='lat' dir='ltr'><strong>Zoob</strong></span> <span class='ocrx_word' id='word_1_223' title='bbox 990 3328 1221 3413; x_wconf 87' lang='lat' dir='ltr'><strong>descenditque</strong></span> <span class='ocrx_word' id='word_1_224' title='bbox 1254 3351 1357 3415; x_wconf 87' lang='lat' dir='ltr'><strong>nsque</strong></span> <span class='ocrx_word' id='word_1_225' title='bbox 1390 3333 1469 3396; x_wconf 79' lang='lat' dir='ltr'><strong>riam</strong></span> 
     </span>
     <span class='ocr_line' id='line_1_28' title="bbox 342 3435 1469 3520; baseline 0.005 -22"><span class='ocrx_word' id='word_1_226' title='bbox 342 3454 494 3518; x_wconf 84' lang='lat' dir='ltr'><strong>magnam</strong></span> <span class='ocrx_word' id='word_1_227' title='bbox 521 3439 554 3499; x_wconf 90' lang='lat' dir='ltr'><strong>et</strong></span> <span class='ocrx_word' id='word_1_228' title='bbox 569 3436 614 3501; x_wconf 90' lang='lat' dir='ltr'><strong>ibi</strong></span> <span class='ocrx_word' id='word_1_229' title='bbox 630 3436 790 3502; x_wconf 84' lang='lat' dir='ltr'><strong>vicinatur</strong></span> <span class='ocrx_word' id='word_1_230' title='bbox 810 3457 883 3501; x_wconf 90' lang='lat' dir='ltr'><strong>cum</strong></span> <span class='ocrx_word' id='word_1_231' title='bbox 903 3441 992 3502; x_wconf 89' lang='lat' dir='ltr'><strong>terra</strong></span> <span class='ocrx_word' id='word_1_232' title='bbox 1007 3435 1123 3520; x_wconf 89' lang='lat' dir='ltr'><strong>Lapod</strong></span> <span class='ocrx_word' id='word_1_233' title='bbox 1139 3443 1173 3502; x_wconf 90' lang='lat' dir='ltr'><strong>ct</strong></span> <span class='ocrx_word' id='word_1_234' title='bbox 1189 3438 1235 3502; x_wconf 90' lang='lat' dir='ltr'><strong>sic</strong></span> <span class='ocrx_word' id='word_1_235' title='bbox 1251 3437 1469 3504; x_wconf 89' lang='lat' dir='ltr'><strong>descendendo</strong></span> 
     </span>
     <span class='ocr_line' id='line_1_29' title="bbox 341 3540 1470 3628; baseline 0.007 -22"><span class='ocrx_word' id='word_1_236' title='bbox 341 3561 399 3626; x_wconf 90' lang='lat' dir='ltr'><strong>per</strong></span> <span class='ocrx_word' id='word_1_237' title='bbox 415 3540 557 3606; x_wconf 89' lang='lat' dir='ltr'><strong>medium</strong></span> <span class='ocrx_word' id='word_1_238' title='bbox 571 3543 673 3626; x_wconf 88' lang='lat' dir='ltr'><strong>ipsius</strong></span> <span class='ocrx_word' id='word_1_239' title='bbox 689 3544 785 3609; x_wconf 89' lang='lat' dir='ltr'><strong>rivuli</strong></span> <span class='ocrx_word' id='word_1_240' title='bbox 800 3545 946 3628; x_wconf 81' lang='lat' dir='ltr'><strong>persenit</strong></span> <span class='ocrx_word' id='word_1_241' title='bbox 960 3565 1061 3610; x_wconf 90' lang='lat' dir='ltr'><strong>unum</strong></span> <span class='ocrx_word' id='word_1_242' title='bbox 1077 3545 1184 3611; x_wconf 92' lang='lat' dir='ltr'><strong>locum</strong></span> <span class='ocrx_word' id='word_1_243' title='bbox 1199 3545 1377 3612; x_wconf 88' lang='lat' dir='ltr'><strong>molendini</strong></span> <span class='ocrx_word' id='word_1_244' title='bbox 1395 3547 1470 3616; x_wconf 83' lang='lat' dir='ltr'><strong>Sau-</strong></span> 
     </span>
     <span class='ocr_line' id='line_1_30' title="bbox 341 3647 1470 3732; baseline 0.007 -18"><span class='ocrx_word' id='word_1_245' title='bbox 341 3653 394 3714; x_wconf 88' lang='lat' dir='ltr'><strong>tus</strong></span> <span class='ocrx_word' id='word_1_246' title='bbox 411 3647 502 3732; x_wconf 85' lang='lat' dir='ltr'><strong>dicti,</strong></span> <span class='ocrx_word' id='word_1_247' title='bbox 518 3648 632 3714; x_wconf 89' lang='lat' dir='ltr'><strong>deinde</strong></span> <span class='ocrx_word' id='word_1_248' title='bbox 648 3648 817 3716; x_wconf 85' lang='lat' dir='ltr'><strong>descendit</strong></span> <span class='ocrx_word' id='word_1_249' title='bbox 832 3650 875 3717; x_wconf 87' lang='lat' dir='ltr'><strong>ad</strong></span> <span class='ocrx_word' id='word_1_250' title='bbox 891 3651 998 3717; x_wconf 91' lang='lat' dir='ltr'><strong>locum</strong></span> <span class='ocrx_word' id='word_1_251' title='bbox 1013 3652 1148 3718; x_wconf 88' lang='lat' dir='ltr'><strong>alterius</strong></span> <span class='ocrx_word' id='word_1_252' title='bbox 1163 3652 1341 3720; x_wconf 90' lang='lat' dir='ltr'><strong>molendini</strong></span> <span class='ocrx_word' id='word_1_253' title='bbox 1370 3657 1470 3722; x_wconf 88' lang='lat' dir='ltr'><strong>ouius-</strong></span> 
     </span>
     <span class='ocr_line' id='line_1_31' title="bbox 342 3757 1470 3851; baseline 0.006 -27"><span class='ocrx_word' id='word_1_254' title='bbox 342 3757 415 3824; x_wconf 87' lang='lat' dir='ltr'><strong>dam</strong></span> <span class='ocrx_word' id='word_1_255' title='bbox 440 3757 556 3824; x_wconf 83' lang='lat' dir='ltr'><strong>Oosme</strong></span> <span class='ocrx_word' id='word_1_256' title='bbox 572 3759 753 3845; x_wconf 86' lang='lat' dir='ltr'><strong>nuncupati</strong></span> <span class='ocrx_word' id='word_1_257' title='bbox 778 3759 818 3825; x_wconf 92' lang='lat' dir='ltr'><strong>de</strong></span> <span class='ocrx_word' id='word_1_258' title='bbox 845 3759 992 3844; x_wconf 86' lang='lat' dir='ltr'><strong>predicta</strong></span> <span class='ocrx_word' id='word_1_259' title='bbox 1016 3761 1092 3827; x_wconf 84' lang='lat' dir='ltr'><strong>villa</strong></span> <span class='ocrx_word' id='word_1_260' title='bbox 1117 3760 1218 3846; x_wconf 86' lang='lat' dir='ltr'><strong>Zoob,</strong></span> <span class='ocrx_word' id='word_1_261' title='bbox 1251 3763 1292 3830; x_wconf 91' lang='lat' dir='ltr'><strong>ab</strong></span> <span class='ocrx_word' id='word_1_262' title='bbox 1323 3765 1401 3830; x_wconf 91' lang='lat' dir='ltr'><strong>inde</strong></span> <span class='ocrx_word' id='word_1_263' title='bbox 1416 3788 1470 3851; x_wconf 87' lang='lat' dir='ltr'><strong>per</strong></span> 
     </span>
     <span class='ocr_line' id='line_1_32' title="bbox 340 3865 1469 3953; baseline 0.009 -24"><span class='ocrx_word' id='word_1_264' title='bbox 340 3865 448 3948; x_wconf 91' lang='lat' dir='ltr'><strong>ipsum</strong></span> <span class='ocrx_word' id='word_1_265' title='bbox 478 3867 617 3932; x_wconf 79' lang='lat' dir='ltr'><strong>rivulum</strong></span> <span class='ocrx_word' id='word_1_266' title='bbox 649 3869 924 3953; x_wconf 76' lang='lat' dir='ltr'><strong>perveniturque</strong></span> <span class='ocrx_word' id='word_1_267' title='bbox 954 3869 1066 3935; x_wconf 83' lang='lat' dir='ltr'><strong>villam</strong></span> <span class='ocrx_word' id='word_1_268' title='bbox 1105 3869 1219 3936; x_wconf 89' lang='lat' dir='ltr'><strong>Barad</strong></span> <span class='ocrx_word' id='word_1_269' title='bbox 1254 3871 1297 3937; x_wconf 88' lang='lat' dir='ltr'><strong>ad</strong></span> <span class='ocrx_word' id='word_1_270' title='bbox 1337 3874 1469 3939; x_wconf 86' lang='lat' dir='ltr'><strong>eandem</strong></span> 
     </span>
     <span class='ocr_line' id='line_1_33' title="bbox 340 3973 1469 4063; baseline 0.01 -26"><span class='ocrx_word' id='word_1_271' title='bbox 340 3977 466 4056; x_wconf 89' lang='lat' dir='ltr'><strong>partem</strong></span> <span class='ocrx_word' id='word_1_272' title='bbox 482 3973 733 4058; x_wconf 87' lang='lat' dir='ltr'><strong>meridionalem,</strong></span> <span class='ocrx_word' id='word_1_273' title='bbox 759 3976 957 4044; x_wconf 89' lang='lat' dir='ltr'><strong>transeundo</strong></span> <span class='ocrx_word' id='word_1_274' title='bbox 982 3979 1086 4063; x_wconf 89' lang='lat' dir='ltr'><strong>ipsam</strong></span> <span class='ocrx_word' id='word_1_275' title='bbox 1112 3979 1223 4044; x_wconf 85' lang='lat' dir='ltr'><strong>villam</strong></span> <span class='ocrx_word' id='word_1_276' title='bbox 1249 3979 1364 4048; x_wconf 88' lang='lat' dir='ltr'><strong>Borad</strong></span> <span class='ocrx_word' id='word_1_277' title='bbox 1389 3983 1469 4048; x_wconf 85' lang='lat' dir='ltr'><strong>idem</strong></span> 
     </span>
     <span class='ocr_line' id='line_1_34' title="bbox 343 4081 1470 4172; baseline 0.009 -28"><span class='ocrx_word' id='word_1_278' title='bbox 343 4081 466 4146; x_wconf 87' lang='lat' dir='ltr'><strong>rivulus</strong></span> <span class='ocrx_word' id='word_1_279' title='bbox 482 4082 579 4148; x_wconf 83' lang='lat' dir='ltr'><strong>vertit</strong></span> <span class='ocrx_word' id='word_1_280' title='bbox 607 4103 641 4148; x_wconf 88' lang='lat' dir='ltr'><strong>se</strong></span> <span class='ocrx_word' id='word_1_281' title='bbox 656 4082 699 4149; x_wconf 91' lang='lat' dir='ltr'><strong>ad</strong></span> <span class='ocrx_word' id='word_1_282' title='bbox 725 4083 925 4150; x_wconf 89' lang='lat' dir='ltr'><strong>occidentem</strong></span> <span class='ocrx_word' id='word_1_283' title='bbox 950 4090 982 4151; x_wconf 89' lang='lat' dir='ltr'><strong>et</strong></span> <span class='ocrx_word' id='word_1_284' title='bbox 1007 4106 1065 4170; x_wconf 92' lang='lat' dir='ltr'><strong>per</strong></span> <span class='ocrx_word' id='word_1_285' title='bbox 1090 4085 1234 4151; x_wconf 89' lang='lat' dir='ltr'><strong>medium</strong></span> <span class='ocrx_word' id='word_1_286' title='bbox 1259 4089 1362 4172; x_wconf 89' lang='lat' dir='ltr'><strong>ipsius</strong></span> <span class='ocrx_word' id='word_1_287' title='bbox 1378 4091 1470 4157; x_wconf 78' lang='lat' dir='ltr'><strong>rivuli</strong></span> 
     </span>
     <span class='ocr_line' id='line_1_35' title="bbox 339 4184 1470 4284; baseline 0.012 -33"><span class='ocrx_word' id='word_1_288' title='bbox 339 4184 457 4272; x_wconf 90' lang='lat' dir='ltr'><strong>Lapod</strong></span> <span class='ocrx_word' id='word_1_289' title='bbox 497 4187 717 4257; x_wconf 89' lang='lat' dir='ltr'><strong>descendendo</strong></span> <span class='ocrx_word' id='word_1_290' title='bbox 762 4194 908 4276; x_wconf 87' lang='lat' dir='ltr'><strong>pervenit</strong></span> <span class='ocrx_word' id='word_1_291' title='bbox 947 4192 989 4259; x_wconf 88' lang='lat' dir='ltr'><strong>ad</strong></span> <span class='ocrx_word' id='word_1_292' title='bbox 1029 4193 1187 4279; x_wconf 87' lang='lat' dir='ltr'><strong>angulum</strong></span> <span class='ocrx_word' id='word_1_293' title='bbox 1227 4195 1285 4261; x_wconf 90' lang='lat' dir='ltr'><strong>ubi</strong></span> <span class='ocrx_word' id='word_1_294' title='bbox 1326 4203 1470 4284; x_wconf 79' lang='lat' dir='ltr'><strong>tempore</strong></span> 
     </span>
     <span class='ocr_line' id='line_1_36' title="bbox 338 4293 1469 4388; baseline 0.011 -28"><span class='ocrx_word' id='word_1_295' title='bbox 338 4293 562 4362; x_wconf 88' lang='lat' dir='ltr'><strong>inundacionis</strong></span> <span class='ocrx_word' id='word_1_296' title='bbox 577 4317 660 4381; x_wconf 89' lang='lat' dir='ltr'><strong>aque</strong></span> <span class='ocrx_word' id='word_1_297' title='bbox 686 4297 726 4362; x_wconf 90' lang='lat' dir='ltr'><strong>de</strong></span> <span class='ocrx_word' id='word_1_298' title='bbox 751 4300 821 4384; x_wconf 91' lang='lat' dir='ltr'><strong>ipso</strong></span> <span class='ocrx_word' id='word_1_299' title='bbox 846 4301 951 4367; x_wconf 80' lang='lat' dir='ltr'><strong>rivulo</strong></span> <span class='ocrx_word' id='word_1_300' title='bbox 975 4300 1093 4386; x_wconf 86' lang='lat' dir='ltr'><strong>Lapod</strong></span> <span class='ocrx_word' id='word_1_301' title='bbox 1118 4302 1161 4368; x_wconf 86' lang='lat' dir='ltr'><strong>ad</strong></span> <span class='ocrx_word' id='word_1_302' title='bbox 1175 4300 1343 4388; x_wconf 84' lang='lat' dir='ltr'><strong>Nogthow</strong></span> <span class='ocrx_word' id='word_1_303' title='bbox 1370 4307 1469 4374; x_wconf 84' lang='lat' dir='ltr'><strong>intrat</strong></span> 
     </span>
     <span class='ocr_line' id='line_1_37' title="bbox 337 4403 1470 4500; baseline 0.011 -32"><span class='ocrx_word' id='word_1_304' title='bbox 337 4423 421 4468; x_wconf 90' lang='lat' dir='ltr'><strong>uuus</strong></span> <span class='ocrx_word' id='word_1_305' title='bbox 445 4403 567 4468; x_wconf 78' lang='lat' dir='ltr'><strong>rivsdus</strong></span> <span class='ocrx_word' id='word_1_306' title='bbox 583 4404 624 4470; x_wconf 91' lang='lat' dir='ltr'><strong>ad</strong></span> <span class='ocrx_word' id='word_1_307' title='bbox 640 4410 766 4490; x_wconf 86' lang='lat' dir='ltr'><strong>partem</strong></span> <span class='ocrx_word' id='word_1_308' title='bbox 791 4409 1086 4492; x_wconf 89' lang='lat' dir='ltr'><strong>septemtrionalem</strong></span> <span class='ocrx_word' id='word_1_309' title='bbox 1110 4407 1168 4475; x_wconf 90' lang='lat' dir='ltr'><strong>ubi</strong></span> <span class='ocrx_word' id='word_1_310' title='bbox 1191 4409 1226 4475; x_wconf 90' lang='lat' dir='ltr'><strong>in</strong></span> <span class='ocrx_word' id='word_1_311' title='bbox 1251 4413 1377 4496; x_wconf 87' lang='lat' dir='ltr'><strong>angulo</strong></span> <span class='ocrx_word' id='word_1_312' title='bbox 1402 4433 1470 4500; x_wconf 85' lang='lat' dir='ltr'><strong>pre·</strong></span> 
     </span>
    </p>
   </div>
   <div class='ocr_carea' id='block_1_3' title="bbox 339 4508 1471 4719">
    <p class='ocr_par' dir='ltr' id='par_1_3' title="bbox 339 4508 1471 4719">
     <span class='ocr_line' id='line_1_38' title="bbox 339 4508 1469 4604; baseline 0.017 -33"><span class='ocrx_word' id='word_1_313' title='bbox 339 4508 424 4574; x_wconf 88' lang='lat' dir='ltr'><strong>dicto</strong></span> <span class='ocrx_word' id='word_1_314' title='bbox 449 4516 498 4577; x_wconf 85' lang='lat' dir='ltr'><strong>est</strong></span> <span class='ocrx_word' id='word_1_315' title='bbox 522 4517 609 4578; x_wconf 88' lang='lat' dir='ltr'><strong>meta</strong></span> <span class='ocrx_word' id='word_1_316' title='bbox 634 4516 744 4580; x_wconf 86' lang='lat' dir='ltr'><strong>terrea</strong></span> <span class='ocrx_word' id='word_1_317' title='bbox 768 4535 806 4580; x_wconf 84' lang='lat' dir='ltr'><strong>ex</strong></span> <span class='ocrx_word' id='word_1_318' title='bbox 822 4538 904 4584; x_wconf 88' lang='lat' dir='ltr'><strong>novo</strong></span> <span class='ocrx_word' id='word_1_319' title='bbox 930 4521 1039 4586; x_wconf 89' lang='lat' dir='ltr'><strong>erecta</strong></span> <span class='ocrx_word' id='word_1_320' title='bbox 1064 4519 1150 4583; x_wconf 88' lang='lat' dir='ltr'><strong>circa</strong></span> <span class='ocrx_word' id='word_1_321' title='bbox 1173 4519 1344 4604; x_wconf 88' lang='lat' dir='ltr'><strong>antiquam</strong></span> <span class='ocrx_word' id='word_1_322' title='bbox 1370 4525 1469 4589; x_wconf 83' lang='lat' dir='ltr'><strong>etsie</strong></span> 
     </span>
     <span class='ocr_line' id='line_1_39' title="bbox 339 4613 1471 4719; baseline 0.013 -39"><span class='ocrx_word' id='word_1_323' title='bbox 339 4613 382 4680; x_wconf 88' lang='lat' dir='ltr'><strong>ad</strong></span> <span class='ocrx_word' id='word_1_324' title='bbox 405 4617 538 4684; x_wconf 88' lang='lat' dir='ltr'><strong>eandem</strong></span> <span class='ocrx_word' id='word_1_325' title='bbox 562 4628 688 4706; x_wconf 84' lang='lat' dir='ltr'><strong>partem</strong></span> <span class='ocrx_word' id='word_1_326' title='bbox 713 4627 1009 4709; x_wconf 88' lang='lat' dir='ltr'><strong>septemtrionalem</strong></span> <span class='ocrx_word' id='word_1_327' title='bbox 1033 4627 1139 4694; x_wconf 88' lang='lat' dir='ltr'><strong>eundo</strong></span> <span class='ocrx_word' id='word_1_328' title='bbox 1154 4647 1213 4710; x_wconf 86' lang='lat' dir='ltr'><strong>per</strong></span> <span class='ocrx_word' id='word_1_329' title='bbox 1228 4636 1376 4698; x_wconf 87' lang='lat' dir='ltr'><strong>meatum</strong></span> <span class='ocrx_word' id='word_1_330' title='bbox 1393 4654 1471 4719; x_wconf 86' lang='lat' dir='ltr'><strong>aque</strong></span> 
     </span>
    </p>
   </div>
   <div class='ocr_carea' id='block_1_4' title="bbox 0 0 1582 5474">
    <p class='ocr_par' dir='ltr' id='par_1_4' title="bbox 0 0 1582 5474">
     <span class='ocr_line' id='line_1_40' title="bbox 0 0 1582 5474; baseline 0 1"><span class='ocrx_word' id='word_1_331' title='bbox 0 0 1582 5474; x_wconf 95' lang='lat' dir='ltr'><strong> </strong></span> 
     </span>
    </p>
   </div>
  </div>
 </body>
</html>
