3112 5466
641 477 737 538 1325.
1190 478 1253 537 233

120 653 245 718 sionunr
277 653 494 734 redundaret;
530 660 683 738 preterea
720 655 884 720 universos
911 677 1018 720 servos
1051 661 1083 718 et
1116 657 1253 720 ancillas

120 783 230 826 eornm
247 812 255 824 .
272 811 279 826 .
296 762 407 826 taliter
425 763 560 827 intereo
577 763 721 828 divisisse
740 765 932 845 retulerunt,
949 764 1036 847 qnod
1052 769 1125 829 octo
1143 765 1251 848 capita

120 891 287 934 serrorum
318 869 468 935 videlicet
501 869 609 952 Mark,
640 869 818 953 Jolrannes,
851 869 978 936 Ohortlr
1009 877 1042 936 et
1074 868 1163 935 Beke
1194 869 1253 934 filii

120 977 243 1060 Mulon,
275 979 354 1042 item
385 977 510 1043 Paulus
541 985 574 1043 et
605 979 774 1044 Johsnnes
804 978 862 1044 filii
894 977 990 1042 Kusa
1015 1001 1053 1043 ac
1073 977 1162 1042 'rene
1181 1000 1255 1042 oum

120 1083 259 1152 Andre-s
275 1087 342 1152 filio
361 1109 418 1152 suo
451 1089 623 1152 cessissent
654 1079 810 1170 inagistro
842 1085 1003 1170 Gregorio
1035 1087 1256 1169 perennaliter

120 1194 317 1277 possidendi,
333 1196 411 1260 item
429 1195 539 1260 decem
555 1201 588 1260 ot
604 1201 727 1278 septem
748 1196 856 1280 capita
875 1216 1041 1261 servornm
1066 1201 1099 1260 et
1124 1193 1257 1260 ancilla-

120 1323 194 1364 rum
210 1301 360 1368 videlicet
376 1301 573 1368 Benedictus
589 1325 725 1387 magnus
742 1325 814 1368 cum
830 1303 934 1368 tribus
961 1303 1035 1368 filiis
1052 1303 1118 1368 suis
1135 1303 1259 1367 scilicet

124 1409 294 1494 Stephano
314 1409 478 1476 Michaele
506 1419 539 1476 et
550 1412 672 1494 Panlo,
699 1413 778 1476 item
803 1411 898 1477 Beda
923 1433 996 1476 cnm
1020 1433 1120 1476 uxore
1145 1433 1203 1475 sna
1230 1431 1247 1472 e

121 1517 277 1583 Johanne
302 1517 368 1584 filio
393 1541 451 1584 suo
476 1543 515 1584 ac
539 1519 666 1585 duabus
689 1517 817 1585 filiabus
848 1521 913 1584 suis
944 1521 997 1584 Ila
1027 1524 1060 1584 et
1089 1518 1255 1603 Margyth·

121 1627 256 1708 voeatis,
273 1627 351 1690 item
366 1625 444 1692 Elec
461 1649 533 1692 cnm
543 1626 568 1692 J
570 1628 697 1694 ohanne
713 1627 778 1693 filio
796 1649 852 1693 sno
863 1633 896 1692 et
907 1627 1032 1692 duabus
1048 1625 1178 1691 filiabus
1190 1627 1256 1690 suis

121 1731 245 1800 Annus
271 1741 304 1799 et
329 1735 439 1800 Katus
463 1737 645 1817 nominatis,
671 1737 750 1800 item
774 1735 932 1818 Margyth
959 1757 1031 1799 cum
1057 1733 1167 1801 Ohuts
1193 1733 1261 1796 filia

122 1869 193 1926 sna,
217 1849 251 1908 et
277 1843 339 1908 dno
363 1844 429 1908 filie
454 1845 598 1908 mulieris
624 1841 743 1910 Annus
768 1844 922 1910 videlicet
947 1843 1072 1926 Magon
1097 1850 1130 1907 et
1156 1840 1263 1908 Chalc

123 1953 292 2017 nominate
313 1953 486 2016 cessissent
512 1949 679 2034 Stephano
706 1957 739 2016 et
763 1950 951 2034 Kompoldo
977 1956 1135 2034 perpetuo
1160 1948 1261 2032 possi-

124 2058 244 2138 dendi,
269 2064 412 2123 cestrum
432 2080 512 2152 'vero
538 2059 682 2140 ipsorum
708 2055 849 2124 Orozlan
874 2061 1023 2123 vocatum
1050 2056 1262 2123 communiter

124 2166 346 2230 decrevissent
363 2165 605 2230 observandum.
622 2165 663 2230 In
681 2166 771 2230 cuius
788 2166 835 2230 rei
853 2166 1072 2230 testimonium
1089 2217 1095 2230 .
1112 2215 1119 2230 .
1135 2185 1263 2248 presen-

124 2281 173 2338 tes
190 2275 408 2338 concessimus
425 2273 524 2356 sigilli
539 2274 644 2339 nostri
660 2274 837 2338 munimine
856 2275 1037 2356 roboratas,
1055 2271 1259 2356 presentibus

123 2391 238 2448 tamen
269 2381 372 2447 Petro
403 2384 578 2467 preposito,
609 2381 748 2448 Nicolao
773 2383 903 2464 lectore,
938 2381 1086 2446 Martino
1117 2385 1263 2462 cantore,

123 2491 282 2556 Johanne
308 2491 449 2574 custode,
473 2491 646 2556 Dcnrinico
672 2491 711 2556 de
736 2489 874 2574 Wynar,
893 2488 1031 2557 Valtere
1058 2490 1097 2554 de
1122 2488 1259 2569 Borsna,

123 2599 312 2664 Laurencio
330 2598 369 2663 de
385 2598 520 2684 Kcmey,
546 2599 646 2664 Petro
663 2598 702 2664 de
718 2598 863 2682 Zemlen,
891 2598 956 2663 alio
972 2595 1074 2662 Petro
1100 2597 1139 2660 de
1167 2596 1264 2660 Zom-

124 2707 192 2772 bnn
210 2705 449 2772 archidiaconis
466 2712 499 2771 et
515 2707 587 2772 aliis
605 2707 727 2788 multis,
743 2727 829 2771 anno
845 2705 967 2770 domini
984 2702 1037 2768 M⁰
1055 2702 1155 2770 0000
1170 2701 1262 2766 XX⁰

123 2816 252 2898 quinto,
285 2821 441 2896 regnante
473 2815 601 2879 Karolo
632 2814 752 2879 illustri
783 2834 860 2896 rege
890 2811 1072 2894 Hnngarie,
1103 2810 1259 2876 Bolezlao

123 2923 354 3006 Strigoniensi,
384 2922 543 2987 Ladizlao
575 2919 744 2988 Golooensi
784 2919 1035 3004 archiepiscopis
1069 2925 1102 2983 et
1134 2917 1264 2982 domino

123 3037 241 3098 nostro
259 3031 439 3096 venerabili
455 3037 548 3115 patre
566 3029 757 3096 Chanadino
774 3030 826 3096 dei
850 3029 960 3113 gracia
985 3029 1137 3112 episcopo
1162 3024 1261 3110 Agri-

125 3141 196 3204 ensi
214 3137 439 3203 existentibus.

239 3320 407 3384 Ugyancsalr
420 3335 452 3369 az
471 3321 529 3384 egri
542 3321 732 3383 kdptelennak
754 3323 830 3370 1347.
845 3318 1000 3371 decit-ian
1022 3315 1168 3381 »magister
1182 3313 1264 3362 (lom-

125 3413 229 3475 poldus
243 3411 316 3460 filius
329 3409 406 3460 Petri
419 3410 471 3459 fllii
485 3409 630 3473 Compoldi
653 3411 685 3460 dc
699 3425 799 3476 genere
813 3410 891 3460 Aba«
906 3409 1012 3458 resztre
1025 3406 1135 3456 lriadott
1148 3403 1263 3454 dtiratet·

124 3503 182 3562 bol,
196 3501 331 3565 mclynek
345 3499 475 3564 eredetije
487 3513 606 3563 megvan
619 3516 651 3550 az
665 3517 734 3552 orez.
749 3499 804 3551 ltelr
827 3501 925 3550 kinost.
940 3504 1009 3549 oszt.
1023 3497 1055 3546 N.
1070 3497 1102 3546 R.
1117 3496 1149 3544 A.
1165 3498 1224 3544 639.
1242 3497 1264 3542 1.

125 3577 193 3656 dipl.
209 3591 286 3640 lter:
304 3595 382 3640 2334.
401 3590 501 3641 Kozli:
516 3590 596 3654 Nagy
610 3590 707 3656 Gyula.
