3132 5470
555 453 649 516 1327.
666 466 736 516 Jun.
758 453 786 515 6.
1165 461 1229 522 299

111 633 199 700 fluvio
225 633 284 700 illo
308 654 418 699 versus
442 634 570 715 partem
604 631 903 715 septemtrionalem
936 632 1047 718 ibique
1072 637 1234 720 vicinatur

111 764 176 808 cum
191 739 447 826 possessionibus
463 737 605 805 filiorum
620 737 769 823 Dyonisii
779 745 812 805 et
821 745 910 807 tenet
924 748 1028 809 metas
1044 765 1146 828 nsque
1156 745 1234 812 dum

111 849 200 915 vertit
219 869 254 914 se
270 850 313 916 ad
328 855 454 933 partem
471 849 661 914 orientalem
671 847 930 916 etihiricinatur
945 872 1018 916 cum
1033 854 1234 936 possessione

112 957 248 1024 eiusdem
264 957 388 1024 Thome
403 956 539 1024 voivode
554 955 728 1040 Lyhurche
744 963 859 1022 vocata
875 963 908 1022 et
923 960 1072 1026 metetim
1088 963 1234 1046 perveni·

111 1067 293 1132 turitereto
310 1066 353 1131 ad
366 1066 506 1150 primam
522 1069 642 1130 metam
665 1066 707 1130 sd
731 1065 862 1131 fluvium
889 1072 922 1132 et
945 1069 990 1134 ibi
1015 1069 1234 1136 terminantur

112 1197 218 1240 cursus
235 1181 269 1241 et
300 1174 526 1242 distincciones
542 1179 702 1241 metarum
717 1179 805 1240 terre
820 1173 982 1261 Harkyan
1007 1181 1040 1242 et
1054 1177 1234 1244 Bornznuk

110 1283 298 1368 supradicte.
313 1283 439 1350 Datum
455 1288 548 1350 sexta
562 1282 644 1348 seria
659 1283 806 1367 proxima
823 1287 899 1348 ante
916 1283 1035 1352 festum
1052 1285 1234 1372 Trinitatis,

114 1414 192 1458 enno
209 1379 353 1458 eiusdem
369 1389 452 1478 (igy)
463 1390 518 1460 Μ0
535 1388 636 1460 0000
651 1391 801 1456 vicesimo
819 1391 965 1476 septimo.

212 1557 235 1606 1.
248 1555 353 1620 Ktroly
366 1555 515 1621 kirtlynak
530 1557 606 1604 1327.
635 1559 702 1618 sept.
717 1555 784 1605 e-iki
796 1557 963 1620 megeroslto
979 1556 1136 1618 sitireta'bol,
1149 1559 1234 1623 mely-

108 1645 159 1695 nek
172 1645 304 1710 credetije
316 1660 434 1712 megven
447 1660 479 1696 cz
493 1659 562 1695 orsa.
576 1645 631 1695 lter
653 1645 752 1696 hincst
775 1650 843 1696 oszt.
865 1645 900 1696 N.
923 1645 955 1697 R.
978 1648 1012 1698 Δ.
1036 1650 1097 1697 ce1.
1114 1651 1153 1696 ll.
1168 1647 1234 1713 dipl.

109 1735 176 1786 ltrtr:
191 1738 271 1786 2420.
290 1735 387 1787 Khzli:
406 1736 510 1788 Vineae
523 1735 622 1798 thor.

631 2063 704 2124 268.

108 2208 200 2270 1327.
208 2209 288 2292 jun.
304 2209 334 2270 6.
350 2207 381 2270 A
397 2207 497 2272 hedai
512 2207 673 2291 kdptalan
700 2205 726 2269 I.
741 2195 881 2291 'Ko'roly
906 2205 1085 2290 kirrilynalc
1103 2203 1234 2292 jelenti,

106 2317 184 2402 hopy
201 2315 363 2378 Ztrahora
389 2313 532 2378 Koocicsc'
556 2317 588 2378 c's
621 2315 771 2400 Vorsdny
795 2323 876 2378 nevit
892 2311 1031 2398 Noprdcl
1046 2316 1232 2400 odrmepyei

275 2421 462 2486 birtokokha
483 2423 600 2488 Teneris
618 2421 742 2507 erde'lyi
757 2422 872 2508 oajdcit
887 2421 1049 2486 bethsetta.

206 2581 371 2650 ..Karolo
382 2633 389 2648 .
400 2633 406 2647 .
417 2583 487 2665 regi
502 2581 673 2666 Hungarie
691 2583 870 2666 capitulum
886 2582 1020 2649 ecclesie
1037 2581 1126 2646 beati
1137 2581 1232 2648 Petri

102 2691 140 2758 de
150 2691 268 2760 Veteri
278 2689 374 2756 Beda
385 2692 548 2757 ..litteras
566 2697 669 2758 vestre
686 2692 878 2757 excellencie
897 2691 1050 2757 noveritis
1072 2712 1130 2756 nos
1144 2712 1230 2756 rece*

103 2801 187 2884 pisse
204 2852 211 2866 .
231 2800 341 2865 .hunc
357 2805 501 2866 tenorem
518 2801 737 2866 continentes:
749 2797 955 2886 (k'o'vetkezik
970 2798 997 2864 L
1014 2797 1142 2884 Karoly
1158 2819 1231 2864 ren·
1279 2867 1280 2870 ,

102 2908 216 2992 delete,
233 2908 318 2994 hogy
334 2931 354 2974 a
369 2909 469 2974 hodsi
485 2908 643 2992 heptalan
656 2925 659 2930 ’
671 2909 863 2974 »Michaelis
879 2907 938 2972 filii
954 2907 1047 2973 Petri
1064 2906 1231 2973 Ztrahuro

102 3023 133 3082 et
148 3016 310 3101 Koachy«
329 3025 412 3082 nevil
429 3017 613 3084 birtohaiba
631 3019 742 3084 »iuxta
757 3017 889 3084 fluvium
914 3018 991 3102 Ipul
1006 3019 1085 3083 item
1101 3016 1230 3083 Nicolai

102 3124 180 3190 dicti
213 3123 340 3208 Oherep
364 3121 500 3190 Andree
514 3131 558 3192 et
573 3125 665 3191 Petri
681 3125 822 3192 filiorum
848 3124 997 3190 Mioaelis
1023 3129 1056 3190 et
1072 3123 1230 3208 Stephani

100 3232 184 3315 nigri
203 3229 472 3316 KeetVossyan«
486 3238 568 3298 nevit
584 3233 770 3299 hirtokaiha
781 3232 900 3324 Tamts
917 3232 1039 3316 erdelyi
1054 3231 1167 3317 rajdet
1184 3233 1231 3298 ik·

99 3347 186 3404 tassa
204 3339 262 3421 be;
287 3361 324 3404 az
349 3338 474 3405 oklevel
499 3339 591 3406 thhbi
617 3341 780 3423 tartelms,
806 3341 962 3406 valamint
977 3339 1064 3406 kelte
1081 3361 1229 3425 ugyanaz

97 3449 180 3514 mint
207 3447 342 3516 fontehb
368 3451 442 3512 262.
469 3471 510 3514 sz.
536 3470 564 3514 a.
589 3447 801 3535 ioglaltatik.)
834 3447 904 3514 Nos
935 3449 1047 3531 itaque
1079 3497 1086 3514 .
1118 3498 1125 3513 .
1157 3467 1229 3514 cum

97 3559 280 3641 prescripto
290 3554 431 3622 Nicolao
442 3555 481 3621 de
493 3553 596 3624 Golsa
607 3557 769 3623 hominem
780 3561 926 3622 nostmm
936 3557 1040 3621 virum
1056 3555 1230 3622 discretum

96 3666 263 3732 Jacobum
271 3664 488 3750 presbiterum
499 3667 621 3732 socium
633 3671 666 3731 et
677 3667 929 3732 concanonicum
938 3671 1086 3731 nostrum
1105 3687 1164 3748 pro
1183 3671 1229 3730 te·

97 3775 251 3841 stimonio
278 3775 522 3858 transmisimus,
539 3776 595 3858 qui
612 3775 741 3840 demum
758 3775 800 3840 ad
816 3797 874 3840 nos
899 3774 1019 3838 reversi
1044 3775 1229 3839 retulerunt

95 3883 184 3967 quod
200 3884 263 3968 ipsi
280 3881 422 3948 secunda
438 3883 519 3949 feria
534 3884 681 3968 proxima
698 3890 772 3966 post
787 3881 907 3948 festum
932 3880 1167 3947 Penthecostes
1185 3881 1229 3946 ad

93 3993 195 4058 facies
211 3989 412 4076 prolatarum
428 3992 666 4076 possessionum
682 3989 861 4056 infidelium
870 3994 1052 4055 vestrorum
1066 3987 1228 4073 Mycaelis

93 4099 153 4164 filii
168 4099 264 4165 Petri
282 4097 322 4163 de
342 4097 507 4164 Ztrahore
522 4097 652 4164 Nicolsi
669 4098 748 4164 dicti
774 4096 902 4181 (lherep
927 4091 1062 4161 Andree
1087 4101 1120 4160 et
1136 4095 1229 4160 Petri

92 4207 237 4274 filiorum
261 4206 420 4292 Mycaelis
445 4229 483 4273 ao
509 4205 669 4292 Stephani
692 4205 790 4291 Nigri
813 4205 961 4288 Kwachy
978 4210 1010 4270 et
1026 4203 1117 4270 Keet
1131 4203 1229 4270 Wos-

93 4337 173 4402 span
190 4321 380 4382 vocatarum
394 4315 429 4380 in
454 4315 541 4382 dioto
567 4317 724 4381 comitatu
749 4312 1228 4397 Neugradiensi'existencium

92 4426 306 4492 accessissent
323 4475 330 4490 .
347 4423 626 4490 .1·eamhulassent
658 4422 788 4489 easdem
813 4427 846 4487 et
877 4421 1069 4486 statuissent
1099 4419 1226 4504 prefato

92 4532 222 4599 Thome
238 4531 372 4598 voivode
397 4531 610 4600 Transilvano
637 4537 670 4597 et
695 4531 806 4596 comiti
830 4530 871 4594 de
896 4529 1015 4594 Zonuk
1040 4549 1229 4610 ..querum
1263 4617 1267 4625 Ι

92 4642 229 4728 quidem
244 4647 409 4708 terrarum
424 4662 482 4706 seu
506 4642 746 4725 possessionum
772 4638 918 4724 Kwaohy
944 4644 978 4704 et
1001 4636 1114 4704 Keeth
1129 4635 1228 4703 Woe-
