3130 5470
515 585 518 589 ,
577 530 671 591 1329.
688 543 762 590 noo.
782 531 831 592 13.
1200 533 1265 596 425

134 708 223 770 terre
249 707 465 772 iuramentum
492 705 633 772 eiusdem
657 704 776 772 Jacobi
799 704 859 772 filii
883 707 1007 774 Ponith
1035 710 1194 794 deponere
1211 732 1266 778 seu

132 813 243 878 iurare
259 837 325 879 non
355 815 505 899 permisit,
531 814 616 880 unde
640 836 698 880 nos
724 816 868 899 partibus
892 822 1083 902 perpetuum
1100 819 1266 888 silencium

133 923 212 1006 ipsis
229 927 261 988 et
271 945 329 1008 per
346 945 398 988 eos
414 925 558 1007 ipsorum
574 923 745 990 heredibus
762 924 980 1009 heredumque
996 949 1129 992 suorum
1145 951 1268 996 sncces-

134 1031 264 1096 soribus
282 1032 493 1114 comnisimus,
527 1032 715 1116 quiquidem
732 1041 840 1118 partes
865 1055 977 1100 cursus
993 1043 1152 1103 metarum
1168 1045 1266 1122 prout

136 1139 233 1206 nobis
248 1141 427 1204 recitarunt
436 1139 498 1205 hoc
515 1139 626 1205 ordine
637 1139 889 1224 distinguuntur,
900 1143 1004 1225 prima
1013 1150 1098 1210 meta
1107 1147 1223 1230 incipit
1233 1149 1267 1214 in

136 1247 284 1312 inferiori
296 1255 387 1331 parte
397 1247 471 1312 ville
483 1247 596 1332 Ecbeg
606 1248 661 1313 ubi
673 1250 737 1314 exit
747 1253 868 1315 meatus
880 1271 961 1333 aque
971 1252 1069 1334 ipsius
1082 1251 1144 1319 Sco
1160 1276 1268 1321 versus

134 1363 263 1440 partem
278 1355 353 1421 ville
369 1356 486 1422 Babun
502 1358 558 1422 ubi
574 1379 674 1442 prope
690 1365 738 1422 est
754 1363 838 1422 meta
864 1363 969 1424 terrea
986 1365 1017 1424 et
1034 1361 1119 1425 circa
1136 1364 1269 1432 eandem

133 1463 297 1530 amicabili
314 1464 547 1547 composicione
564 1485 679 1530 novem
695 1470 813 1529 metam
831 1471 1009 1548 erexerunt,
1026 1467 1140 1533 deinde
1159 1471 1264 1537 adhuc

134 1573 257 1637 directe
273 1593 382 1637 versus
406 1571 524 1637 Bobun
550 1594 650 1657 prope
676 1595 775 1638 uuum
802 1575 888 1656 quod
913 1574 1009 1658 vulgo
1042 1575 1119 1640 Tou
1135 1587 1268 1646 vocatur

135 1682 194 1746 ubi
210 1681 379 1764 antiquam
394 1681 586 1746 invenerunt
611 1685 728 1746 metam
745 1702 859 1747 novam
877 1689 1135 1768 construxerunt,
1160 1687 1266 1754 adhuc

135 1810 248 1854 versus
264 1787 383 1853 Babun
414 1810 515 1873 prope
532 1789 620 1872 quod
635 1791 733 1872 vulgo
750 1789 918 1874 fyzbukwr
941 1798 1074 1858 vocatur
1090 1789 1267 1878 'antiquam

133 1899 333 1962 invenerunt
351 1901 467 1961 metam
493 1918 609 1962 noram
620 1899 993 1982 composuerunt,adhuc
1007 1921 1117 1966 versus
1134 1903 1267 1967 eandem

136 2005 269 2090 plagam
286 2005 371 2071 circa
386 2026 483 2071 unam
500 2007 667 2090 antiquam
682 2011 800 2072 metam
825 2024 940 2073 novam
956 2007 1196 2092 edificaverunt,
1214 2012 1267 2076 ad-

134 2116 200 2179 huc
216 2135 324 2179 versus
341 2113 473 2179 eandem
490 2115 545 2180 ubi
560 2115 751 2181 invenerunt
768 2117 847 2182 duas
857 2119 1007 2200 antiquas
1017 2123 1118 2184 metas
1134 2121 1268 2186 terciam

135 2243 253 2288 novam
270 2226 447 2303 erexerunt,
473 2221 587 2288 deinde
604 2225 748 2307 pervenit
773 2225 814 2290 ad
843 2226 927 2290 viam
944 2247 1006 2309 que
1030 2227 1118 2291 vadit
1135 2227 1174 2292 de
1189 2227 1266 2294 villa

135 2331 304 2398 Kerestwr
319 2331 360 2395 ad
375 2330 485 2396 villam
510 2333 610 2398 sancti
635 2330 727 2398 Petri
742 2333 776 2397 in
792 2333 937 2400 inferiori
953 2338 1045 2418 parte
1061 2335 1202 2400 eiusdem
1218 2337 1267 2401 vie

136 2440 176 2504 de
192 2443 286 2524 parte
301 2439 375 2503 ville
391 2439 512 2524 Echeg,
538 2441 594 2506 ubi
610 2446 686 2506 sunt
701 2447 765 2507 tres
790 2447 873 2507 mete
898 2444 1030 2526 antique
1047 2448 1196 2526 quartam
1211 2465 1266 2509 no·

136 2569 209 2612 vam
226 2545 429 2612 elevaverunt
442 2554 474 2613 et
489 2548 534 2613 ibi
551 2552 752 2615 terminatur.
762 2549 886 2616 Datum
901 2551 936 2615 in
953 2550 1004 2616 die
1020 2551 1107 2616 beati
1122 2550 1267 2618 Lauren-

136 2657 178 2721 cii
194 2656 346 2736 martiris,
363 2677 447 2722 anno
464 2657 586 2723 domini
601 2664 640 2724 ut
655 2679 759 2743 supra.

245 2837 287 2886 Az
300 2839 359 2902 egri
372 2837 562 2902 kdptalannak
591 2845 668 2890 1447.
695 2841 854 2892 deczember
880 2841 979 2892 ‘sl-ken
1005 2843 1084 2908 kelt,
1103 2837 1268 2892 Keresztiui

136 2926 238 2976 Tamais
267 2924 392 2976 keresere
417 2923 556 2978 kialutott
579 2929 737 2994 attrectem,
771 2932 900 2994 melynek
926 2929 1056 2996 credetije
1092 2945 1211 2995 megvan
1234 2946 1268 2982 az

136 3031 204 3065 orsz.
227 3017 283 3065 ltar
304 3017 404 3065 kinost.
419 3021 487 3068 oszt.
502 3018 535 3066 N.
554 3019 587 3068 R.
607 3019 640 3068 A.
656 3024 716 3069 870.
731 3024 772 3069 24.
784 3021 850 3086 dipl.
864 3021 937 3072 lter:
953 3023 1031 3072 2555.
1045 3021 1142 3072 Kozli:
1163 3021 1266 3072 Vincze

136 3105 238 3157 Gabor.

621 3249 778 3261 -.—.-..

665 3509 738 3570 371.

135 3669 230 3731 1329.
256 3667 517 3754 Viseprcid,uop.
537 3670 587 3732 13.
620 3670 794 3756 LKu'roly
827 3671 939 3757 leircily
970 3674 1261 3758 onearyit·szipeti

134 3779 279 3862 apdczo‘lc
296 3778 329 3841 c's
344 3803 365 3842 a
381 3779 528 3860 Pozsooy
543 3781 727 3864 actrmeppei
748 3780 882 3868 percepi
902 3781 1042 3844 rzeoaesolc
1073 3782 1263 3868 lcdzbttfo‘o-

130 3885 255 3972 s’orpott
272 3887 392 3972 tippbea
419 3911 439 3950 a
455 3887 550 3971 padri
566 3887 739 3971 lcdptolaot
755 3911 794 3951 oz
811 3887 905 3952 olette
930 3889 1072 3954 torulirt
1099 3890 1262 3974 eljdrdsro

625 3996 766 4060 altrudi.

241 4170 386 4238 Karolus
403 4193 504 4238 ..rex
520 4222 527 4236 .
544 4225 550 4238 .
570 4173 711 4258 capitulo
728 4173 858 4240 ecclesie
868 4173 893 4239 J
895 4177 1050 4241 auriensis
1066 4225 1072 4240 .
1090 4227 1096 4241 .
1113 4175 1262 4243 fidelitati

133 4287 235 4347 vestre
252 4281 440 4346 mandantes
455 4283 650 4365 precipimus
664 4303 722 4365 per
737 4288 899 4366 presentes
925 4289 1081 4366 quatenus
1097 4286 1139 4351 ad
1154 4286 1262 4352 viden-

132 4391 208 4456 dum
224 4390 397 4455 arbitrium
413 4411 525 4473 pacem
542 4397 573 4455 et
589 4391 794 4456 concordiam
819 4394 903 4456 inter
929 4391 1094 4476 religiosas
1112 4393 1256 4459 dominas

133 4498 390 4564 sanctimoniales
407 4497 446 4562 de
462 4499 575 4564 Insula
590 4499 755 4583 Leporum
781 4500 821 4564 ab
837 4522 902 4566 una
917 4509 1010 4585 parte
1036 4509 1067 4566 et
1083 4501 1205 4568 nobiles
1222 4502 1261 4568 de

131 4607 258 4672 Pethen
274 4627 313 4670 ex
329 4605 431 4671 altera
446 4608 481 4672 in
497 4605 665 4692 superficie
682 4609 821 4674 eiusdem
847 4616 932 4674 terre
948 4609 1075 4675 Pethen
1090 4612 1125 4674 in
1141 4612 1261 4676 octavis

131 4713 285 4782 Omnium
304 4712 498 4782 Sanctorum
513 4717 658 4800 proxime
683 4715 827 4782 venturis
851 4714 989 4782 fiendam
1013 4721 1155 4783 restrum
1181 4718 1262 4785 detis
