3154 5474
703 508 892 564 rasennam
909 497 1126 565 onnlrrrln.

878 903 953 965 440.

350 1064 446 1127 1330.
464 1071 520 1128 oet.
537 1066 588 1128 20.
620 1063 687 1128 Pa'l
703 1064 890 1151 oreza‘pbird
905 1065 1070 1150 Jurpacte
1101 1073 1184 1129 aeoli
1200 1065 1280 1129 leuat
1305 1062 1458 1147 anymdr
1549 1111 1550 1152 4

430 1181 513 1236 aeor't
535 1170 637 1236 Talna
653 1173 839 1258 odrmepyai
853 1171 1025 1236 birtokban
1041 1173 1194 1256 ttttettteq
1210 1173 1394 1258 mapa-beiti.

458 1329 500 1396 In
530 1332 643 1396 littera
673 1332 868 1417 privilegiali
886 1333 1062 1412 ..comitis
1093 1332 1192 1398 Pauli
1228 1331 1356 1418 (iudicis
1385 1329 1459 1394 curie

348 1439 433 1523 regie
450 1441 603 1522 vigesimo
619 1441 759 1507 secundo
777 1442 829 1507 die
845 1440 921 1506 festi
937 1441 1026 1507 beati
1042 1440 1215 1507 Michaelis
1240 1439 1417 1521 archangeli
1433 1439 1460 1501 in

349 1569 434 1613 anno
467 1548 588 1614 domini
613 1547 788 1616 Millesimo
821 1546 923 1616 000ο
953 1551 1115 1615 tricesimo
1147 1545 1309 1632 emanata)
1334 1553 1460 1612 tenorem

349 1655 516 1721 cuiusdam
531 1655 642 1722 littere
658 1661 833 1723 conventus
849 1655 1076 1722 Waradiensis
1093 1677 1189 1739 snper
1215 1657 1360 1740 legitima
1375 1657 1461 1717 statu-

350 1764 440 1828 cione
455 1765 557 1849 ipsius
572 1766 780 1849 possessionis
796 1765 945 1849 Hagmas
961 1765 1048 1831 dicto
1074 1763 1100 1829 J
1101 1764 1245 1848 urguehe
1270 1763 1356 1828 facta
1371 1767 1459 1825 trans-

349 1875 501 1958 scriptive
512 1882 544 1942 et
554 1875 773 1942 confirmative
783 1878 817 1941 in
832 1899 865 1942 se
882 1876 1015 1942 habenti
1032 1877 1118 1941 inter
1128 1876 1193 1941 alia
1203 1873 1459 1946 adinveniebatur,

349 1983 438 2067 quod
453 1981 546 2050 Luca
562 1983 649 2050 filius
665 1983 793 2051 Mathai
809 1984 850 2049 de
865 1984 978 2050 Kaaar
995 1984 1037 2050 ad
1052 1985 1153 2069 ipsius
1170 1983 1296 2050 comitia
1310 1977 1404 2047 Pauli
1418 1999 1459 2043 ac·

350 2089 492 2157 cedendo
508 2093 708 2176 presenciam
733 2093 899 2158 retulisset
924 2093 1103 2159 ministerio
1127 2093 1198 2157 vive
1223 2093 1310 2158 vocis
1326 2111 1362 2156 eo
1378 2085 1457 2154 modo

350 2199 437 2282 quod
453 2200 520 2284 ipse
536 2222 595 2284 pro
611 2199 721 2266 debito
738 2202 852 2284 viginti
868 2203 1010 2286 quinque
1026 2223 1210 2266 marcarum
1228 2221 1292 2284 quo
1303 2197 1327 2264 J
1329 2195 1458 2282 urgncha

351 2328 486 2374 comano
517 2309 649 2374 racione
665 2308 831 2375 homicidii
846 2309 1013 2376 Leonardi
1029 2307 1089 2374 filii
1115 2309 1258 2374 eiusdem
1284 2307 1402 2374 comani
1417 2304 1459 2368 de·
1549 2291 1550 2294 ¹

348 2413 436 2480 bitor
468 2416 629 2481 extitisset
664 2416 828 2501 quandam
858 2417 1092 2502 possessionem
1123 2439 1215 2482 suam
1246 2413 1458 2481 hereditariam

347 2519 498 2604 Hagmas
513 2529 662 2588 vocatam
672 2524 711 2587 'in
727 2525 884 2590 comitatu
901 2523 1055 2589 Tolnensi
1071 2526 1264 2590 existentem
1281 2523 1381 2588 eidem
1391 2519 1457 2585 Jur-

348 2629 453 2712 guche
479 2651 613 2697 comario
630 2632 801 2697 statuisset
816 2639 973 2716 perpetuo
999 2632 1228 2716 possidendam
1244 2635 1313 2697 sine
1337 2627 1460 2716 preiudi-

349 2741 399 2806 cio
415 2740 495 2805 iuris
512 2739 621 2822 alieni,
640 2746 673 2804 et
689 2739 809 2805 ibidem
825 2741 860 2805 in
876 2741 991 2808 horum
1007 2743 1227 2807 testimonium
1253 2739 1404 2825 quasdam
1417 2737 1460 2800 lit-

348 2855 435 2914 teras
451 2849 593 2932 religiosi
609 2853 784 2914 oonrentns
800 2847 1024 2914 Waradiensie
1041 2850 1074 2914 in
1101 2848 1197 2914 dictis
1213 2849 1332 2914 litteris
1350 2843 1460 2930 privile-

350 2956 489 3040 gialibus
507 2955 546 3020 de
562 2955 660 3022 verbo
676 2955 868 3022 adverbum
884 2962 1053 3022 contentas
1070 2956 1131 3040 ipsi
1147 2957 1258 3022 comiti
1283 2955 1386 3021 Paulo
1401 2971 1460 3036 pre·

351 3070 509 3131 sentasset
523 3071 637 3148 petens
653 3066 759 3150 ipsum
776 3066 925 3132 comitem
949 3063 1093 3130 Paulum
1118 3065 1232 3130 humili
1257 3083 1385 3148 precum
1401 3081 1460 3124 cunr

350 3175 511 3239 instancia
526 3179 563 3237 ut
579 3174 666 3256 ipsas
682 3173 810 3238 litteras
826 3173 946 3238 litteris
962 3175 1029 3239 suis
1046 3174 1144 3238 inseri
1169 3172 1276 3238 facere
1293 3179 1325 3236 et
1340 3171 1459 3236 eundern

351 3284 481 3348 racione
496 3284 650 3366 premisse
666 3281 839 3348 solucionis
856 3289 889 3348 et
904 3283 1069 3348 homicidii
1086 3283 1272 3365 expeditum
1287 3280 1415 3346 reddere
1424 3278 1461 3342 di-

352 3396 517 3476 gnaretur,
532 3392 666 3475 ipseque
698 3412 803 3456 comes
834 3389 960 3455 Paulus
991 3393 1079 3476 ipsas
1111 3391 1237 3456 litteras
1269 3389 1308 3454 de
1323 3387 1413 3453 verbo
1427 3383 1460 3450 ad

351 3499 484 3565 verbum
517 3498 613 3562 dictis
629 3499 749 3562 litteris
766 3499 831 3562 suis
862 3499 1119 3582 privilegialibus
1147 3495 1307 3565 conscribi
1331 3493 1460 3561 faciendo

352 3607 478 3672 easdem
512 3605 682 3672 simulcum
698 3607 878 3673 etatuoione
904 3606 1046 3671 eiusdem
1072 3608 1283 3691 possessionis
1307 3608 1341 3670 in
1358 3603 1459 3668 eisdem

352 3736 503 3799 expressa
518 3712 713 3778 ratifioasset
745 3720 778 3779 et
797 3714 1020 3780 confirmasset
1035 3721 1068 3779 et
1100 3715 1220 3780 dictam
1247 3715 1460 3798 possessionen

350 3825 499 3908 Hafflnas
515 3825 574 3907 ipsi
592 3821 762 3906 Jurgnohe
771 3829 928 3908 perpetuo
944 3822 1163 3888 adiudicasset
1173 3831 1206 3889 et
1217 3823 1425 3888 commisisset.

460 3986 568 4050 Szepesi
581 3987 672 4036 sakan
685 3985 903 4050 orazagblrbnak
930 3991 1007 4036 1317.
1028 3987 1129 4050 januar·
1148 3987 1234 4037 as-iki
1256 3983 1460 4037 lteletleveltoel.

351 4078 481 4141 melynek
494 4075 624 4140 eredetije
638 4090 755 4140 megvan
768 4091 800 4125 aa
826 4090 895 4126 orez.
918 4077 972 4126 ltar
994 4078 1094 4128 kinost.
1116 4081 1182 4126 orat.
1205 4078 1238 4126 N.
1262 4077 1295 4126 B.
1313 4078 1345 4126 Δ.
1362 4078 1415 4124 688.
1427 4075 1460 4120 69-

352 4167 419 4231 dipl.
432 4170 504 4218 lter:
520 4171 597 4216 2630.
613 4167 710 4217 szli:
725 4167 827 4217 Vineae
840 4166 939 4216 (tabor.
