3130 5470
507 465 602 530 1330.
619 485 720 531 usar.
739 469 790 530 30.

618 864 693 928 414.

92 1028 187 1091 1330.
214 1027 385 1112 Viseprdd,
401 1037 496 1093 murt.
513 1028 566 1091 30.
585 1027 650 1091 Pal
667 1025 855 1111 orazdpdiro'
870 1026 944 1090 elau
973 1024 1083 1092 Gurai
1108 1025 1224 1090 [storin
1277 1089 1278 1094 ,

89 1135 230 1219 briafiai
256 1133 406 1222 Somopy,
428 1135 542 1214 Temos,
569 1135 664 1200 Arad
681 1135 715 1199 ia
740 1133 842 1198 Vaiko'
856 1135 1041 1221 orirrncppei
1066 1134 1220 1198 birtoicai-

91 1245 152 1308 Iron
171 1248 422 1330 rnepoaztozvda,
438 1269 476 1308 rra
493 1245 615 1328 osztdlp
631 1245 944 1331 fopoaotositdac'ro
970 1267 1008 1308 oz
1034 1243 1223 1328 orszdpbr'ro'

222 1377 261 1416 az
280 1353 365 1416 ittera
381 1353 509 1438 biralpi
525 1355 557 1418 e'a
574 1352 750 1437 irriptalcuu'
766 1351 934 1416 embcrcket
950 1349 1090 1415 kikrddt.

204 1510 276 1577 Nos
293 1533 399 1579 comes
424 1511 549 1578 Paulus
573 1511 672 1578 iudex
699 1513 786 1577 curie
803 1563 809 1577 .
827 1561 833 1576 .
850 1509 1070 1595 significamus
1087 1560 1093 1574 .
1109 1560 1117 1575 .
1134 1509 1221 1594 quod

94 1641 168 1684 cum
184 1619 388 1686 Laurencius
420 1620 527 1686 dictus
542 1619 658 1686 Kokos
674 1622 708 1685 in
725 1641 863 1704 persona
887 1620 1036 1704 magistri
1061 1615 1225 1685 Johaunis

95 1729 175 1794 dicti
194 1727 299 1794 Botus
324 1729 447 1796 domini
464 1731 513 1796 sui
529 1730 658 1796 nomine
668 1731 893 1813 procuratorio
905 1750 978 1794 cum
993 1728 1226 1812 procuratoriis

97 1837 219 1902 litteris
236 1838 371 1922 capituli
388 1837 523 1904 ecclesie
534 1835 649 1904 Sancti
665 1838 776 1922 Irynei
786 1839 819 1902 in
836 1837 958 1903 octavis
973 1835 1159 1920 Epiphanio
1174 1835 1228 1900 do-

97 1945 179 2010 mini
195 1967 282 2011 anno
298 1947 333 2011 in
362 1947 507 2030 presenti
523 1947 689 2031 preteritis
705 1947 797 2011 iuxta
823 1945 1059 2011 continenciam
1085 1944 1231 2027 priorum

96 2053 286 2118 litterarum
302 2061 486 2120 nostrarum
519 2056 755 2120 memorialium
787 2055 829 2119 ad
853 2060 1001 2120 nostrum
1025 2052 1231 2118 iudiciariam

100 2161 261 2228 accedens
278 2169 487 2248 conspectum
512 2163 654 2230 aPaulo
671 2164 836 2247 quondam
862 2164 947 2228 bano
974 2162 1014 2227 de
1029 2160 1181 2227 Machor
1198 2169 1231 2227 et

98 2267 239 2334 Andrea
262 2269 340 2336 filiis
366 2269 525 2355 Stephani
550 2271 626 2337 bani
653 2272 692 2337 de
719 2270 812 2338 Gara
828 2271 984 2336 fratribus
1001 2270 1144 2335 eiusdem
1161 2291 1235 2353 pro·

101 2379 184 2461 priis
216 2379 250 2444 in
283 2382 429 2463 personis
454 2381 638 2447 astantibus
663 2381 794 2447 racione
818 2381 939 2446 iurium
964 2384 1176 2464 paternorum
1194 2379 1235 2443 de

100 2488 361 2570 possessionibus
378 2487 473 2556 Okch
499 2487 595 2574 Gyog
612 2497 645 2554 st
660 2489 798 2573 Wsytih
814 2490 937 2555 vocatis
952 2489 985 2553 in
1003 2487 1159 2552 comitatu
1176 2484 1235 2570 Sy-

101 2597 255 2678 migiensi
281 2598 493 2664 existentibus
517 2619 577 2682 por
601 2596 740 2663 formam
766 2597 931 2662 divisionis
964 2595 1232 2680 possessionarias

101 2705 277 2788 porciones
293 2707 397 2790 ipsum
415 2708 607 2791 magistrum
622 2705 809 2772 Johannern
820 2705 943 2771 dictum
952 2703 1057 2769 Botus
1068 2702 1234 2768 dourinum

102 2833 199 2878 snum
215 2815 432 2896 aquisitnrum
451 2813 655 2900 affirmasset,
666 2814 837 2880 memorati
855 2812 979 2878 Paulus
994 2811 1100 2877 banus
1116 2817 1149 2876 et
1165 2809 1235 2875 An-

102 2919 200 2986 dreas
216 2919 321 2986 frater
336 2944 414 2988 suus
430 2945 489 3007 per
505 2922 644 2988 eundem
659 2915 880 2988 Laureu'cium
896 2921 1019 2986 dictum
1035 2917 1235 3002 Kokospro·

104 3035 294 3094 curatorem
310 3031 411 3114 ipsius
427 3032 577 3115 magistri
593 3031 619 3096 J
620 3031 756 3096 ohannis
772 3030 851 3095 dicti
867 3028 973 3094 Botns
989 3027 1029 3093 de
1054 3049 1093 3094 eo
1124 3033 1236 3092 utlum

104 3137 139 3200 iu
157 3137 234 3202 aliis
250 3139 504 3220 possessionibus
521 3140 643 3205 dictum
660 3138 826 3204 dominum
857 3157 951 3202 suum
978 3135 1167 3200 divisionem
1183 3133 1239 3199 ha-

105 3245 219 3310 buisse
237 3251 271 3310 et
286 3252 416 3312 tautum
431 3247 527 3314 modo
545 3247 585 3313 de
612 3247 708 3314 dictis
739 3244 998 3332 possessionibus
1023 3241 1118 3311 Okch
1143 3241 1241 3327 Gyog

106 3360 142 3419 et
157 3353 285 3436 chtih
301 3358 423 3422 vocatis
439 3357 679 3441 porciouariam
710 3356 900 3420 divisionem
915 3352 1037 3418 habere
1052 3351 1137 3416 velle
1152 3350 1242 3416 dicat

105 3467 166 3526 aut
183 3481 235 3544 ne,
245 3464 347 3528 nostri
363 3463 396 3528 in
414 3465 581 3548 presencia
591 3487 625 3530 se
641 3463 850 3547 postularant
860 3461 1037 3543 informari,
1054 3479 1118 3543 quo
1129 3458 1241 3524 audito

106 3569 198 3634 idem
214 3569 416 3638 Laurencius
433 3572 539 3638 dictus
556 3571 672 3638 Kokos
688 3577 882 3655 procurator
897 3571 998 3655 ipsius
1014 3567 1163 3651 magistri
1181 3566 1206 3631 J
1208 3587 1239 3630 o·

108 3677 232 3742 hanuis
249 3678 328 3744 dicti
344 3679 450 3747 Boius
466 3703 553 3746 nunc
569 3680 612 3746 ad
627 3701 759 3766 pressus
775 3679 959 3765 porcionem
975 3679 1009 3741 in
1026 3675 1121 3740 dictis
1136 3673 1242 3739 tribns

111 3789 376 3872 possessionibus
392 3791 497 3875 ipsum
514 3790 679 3856 dominum
696 3811 789 3855 suum
806 3789 974 3871 acquirere
991 3791 1025 3850 ot
1039 3783 1244 3866 procuracio-

108 3919 190 3962 nem
207 3900 436 3982 acquisicionis
451 3901 642 3984 porcionum
659 3921 790 3964 suarum
805 3900 840 3962 in
856 3895 978 3962 eisdem
993 3893 1055 3960 sibi
1072 3891 1241 3974 provenire

110 4005 308 4072 debencium
320 4007 381 4073 sibi
393 4009 587 4074 commisisse
604 4007 775 4091 allegarat,
786 4005 905 4087 dicens,
915 4009 1026 4068 utrum
1036 4001 1069 4064 iu
1085 3999 1159 4063 aliis
1174 4018 1246 4081 pos-

109 4115 311 4182 sessionibus
327 4117 472 4202 ipsorum
488 4117 676 4182 divisionem
692 4117 777 4180 inter
792 4135 826 4179 sc
852 4111 1027 4177 habuerint
1052 4107 1103 4173 vel
1128 4127 1169 4170 ne
1186 4126 1246 4190 per

108 4226 228 4290 omnia
243 4227 418 4309 ignoraret,
444 4247 507 4309 quo
524 4223 636 4290 audito
654 4223 750 4287 iidem
766 4222 891 4287 Paulus
916 4220 1020 4284 banus
1046 4221 1079 4282 et
1093 4212 1247 4280 Andreas

109 4335 222 4401 frater
237 4351 316 4398 suus
332 4339 570 4418 prememorato
586 4334 745 4417 magistro
761 4329 785 4396 J
788 4329 908 4396 obanni
926 4329 1015 4394 dicto
1031 4325 1139 4391 Botus
1149 4322 1249 4387 fratri

109 4445 266 4529 ipsorum
297 4446 472 4510 terminum
502 4442 712 4528 postularant
736 4439 926 4506 ulteriorem
951 4434 1108 4518 assignari
1135 4433 1249 4514 inquo

109 4551 287 4638 predictus
303 4553 459 4636 magister
474 4549 499 4615 J
502 4551 646 4615 ohannes
662 4548 768 4614 dictus
783 4547 891 4614 Botus
907 4549 966 4609 aut
981 4542 1115 4628 propria
1130 4541 1164 4604 in
1180 4559 1251 4622 por-

110 4682 196 4728 sona
215 4683 404 4747 comparere
421 4668 479 4726 aut
495 4667 562 4725 tarn
580 4658 758 4740 legitimum
790 4659 1035 4738 procuratorem
1054 4648 1108 4732 qui
1125 4667 1252 4712 omnem
