<?xml version="1.0" encoding="UTF-8"?>
<!DOCTYPE html PUBLIC "-//W3C//DTD XHTML 1.0 Transitional//EN"
    "http://www.w3.org/TR/xhtml1/DTD/xhtml1-transitional.dtd">
<html xmlns="http://www.w3.org/1999/xhtml" xml:lang="en" lang="en">
 <head>
  <title>
</title>
<meta http-equiv="Content-Type" content="text/html;charset=utf-8" />
  <meta name='ocr-system' content='tesseract 3.04.00' />
  <meta name='ocr-capabilities' content='ocr_page ocr_carea ocr_par ocr_line ocrx_word'/>
</head>
<body>
  <div class='ocr_page' id='page_1' title='image "./codexdiplomatic01nagygoog_0491.png"; bbox 0 0 3130 5470; ppageno 0'>
   <div class='ocr_carea' id='block_1_1' title="bbox 343 466 1114 532">
    <p class='ocr_par' dir='ltr' id='par_1_1' title="bbox 343 466 1114 532">
     <span class='ocr_line' id='line_1_1' title="bbox 343 466 1114 532; baseline 0.001 -4"><span class='ocrx_word' id='word_1_1' title='bbox 343 466 409 528; x_wconf 82' lang='lat'><strong>474</strong></span> <span class='ocrx_word' id='word_1_2' title='bbox 692 482 880 532; x_wconf 75' lang='lat' dir='ltr'><strong>asroononr</strong></span> <span class='ocrx_word' id='word_1_3' title='bbox 896 473 1114 532; x_wconf 74' lang='lat' dir='ltr'><strong>onniurrin.</strong></span> 
     </span>
    </p>
   </div>
   <div class='ocr_carea' id='block_1_2' title="bbox 345 643 1447 949">
    <p class='ocr_par' dir='ltr' id='par_1_2' title="bbox 345 643 1447 949">
     <span class='ocr_line' id='line_1_2' title="bbox 345 643 1446 734; baseline 0.005 -24"><span class='ocrx_word' id='word_1_4' title='bbox 345 643 486 710; x_wconf 81' lang='lat' dir='ltr'>Suklous</span> <span class='ocrx_word' id='word_1_5' title='bbox 502 650 534 712; x_wconf 89' lang='lat' dir='ltr'><strong>et</strong></span> <span class='ocrx_word' id='word_1_6' title='bbox 551 647 617 712; x_wconf 85' lang='lat' dir='ltr'><strong>suis</strong></span> <span class='ocrx_word' id='word_1_7' title='bbox 633 645 804 712; x_wconf 81' lang='lat' dir='ltr'>heredibus</span> <span class='ocrx_word' id='word_1_8' title='bbox 821 669 858 712; x_wconf 96' lang='lat' dir='ltr'><strong>eo</strong></span> <span class='ocrx_word' id='word_1_9' title='bbox 875 648 945 712; x_wconf 91' lang='lat' dir='ltr'><strong>iure</strong></span> <span class='ocrx_word' id='word_1_10' title='bbox 972 668 1035 730; x_wconf 93' lang='lat' dir='ltr'><strong>quo</strong></span> <span class='ocrx_word' id='word_1_11' title='bbox 1052 647 1113 713; x_wconf 89' lang='lat' dir='ltr'><strong>sibi</strong></span> <span class='ocrx_word' id='word_1_12' title='bbox 1131 654 1276 734; x_wconf 85' lang='lat' dir='ltr'><strong>spectare</strong></span> <span class='ocrx_word' id='word_1_13' title='bbox 1292 651 1446 718; x_wconf 86' lang='lat' dir='ltr'><strong>dinoscun-</strong></span> 
     </span>
     <span class='ocr_line' id='line_1_3' title="bbox 345 754 1447 824; baseline 0.005 -6"><span class='ocrx_word' id='word_1_14' title='bbox 345 757 399 818; x_wconf 90' lang='lat' dir='ltr'><strong>tur</strong></span> <span class='ocrx_word' id='word_1_15' title='bbox 415 754 510 820; x_wconf 87' lang='lat' dir='ltr'><strong>salvis</strong></span> <span class='ocrx_word' id='word_1_16' title='bbox 526 754 651 821; x_wconf 88' lang='lat' dir='ltr'><strong>iuribus</strong></span> <span class='ocrx_word' id='word_1_17' title='bbox 667 755 782 822; x_wconf 88' lang='lat' dir='ltr'><strong>alienis</strong></span> <span class='ocrx_word' id='word_1_18' title='bbox 796 755 968 822; x_wconf 87' lang='lat' dir='ltr'><strong>iudiciaria</strong></span> <span class='ocrx_word' id='word_1_19' title='bbox 992 759 1192 823; x_wconf 81' lang='lat' dir='ltr'><strong>auctoritate</strong></span> <span class='ocrx_word' id='word_1_20' title='bbox 1216 758 1447 824; x_wconf 83' lang='lat' dir='ltr'><strong>adiudicarimns</strong></span> 
     </span>
     <span class='ocr_line' id='line_1_4' title="bbox 345 863 1447 949; baseline 0.004 -21"><span class='ocrx_word' id='word_1_21' title='bbox 345 869 503 948; x_wconf 87' lang='lat' dir='ltr'><strong>perpetuo</strong></span> <span class='ocrx_word' id='word_1_22' title='bbox 534 863 753 948; x_wconf 87' lang='lat' dir='ltr'><strong>possidendos.</strong></span> <span class='ocrx_word' id='word_1_23' title='bbox 778 863 902 930; x_wconf 90' lang='lat' dir='ltr'><strong>Datum</strong></span> <span class='ocrx_word' id='word_1_24' title='bbox 927 863 960 930; x_wconf 93' lang='lat' dir='ltr'><strong>in</strong></span> <span class='ocrx_word' id='word_1_25' title='bbox 977 863 1187 949; x_wconf 78' lang='lat' dir='ltr'><strong>Wyssegrad,</strong></span> <span class='ocrx_word' id='word_1_26' title='bbox 1213 865 1388 933; x_wconf 89' lang='lat' dir='ltr'><strong>duodecimo</strong></span> <span class='ocrx_word' id='word_1_27' title='bbox 1403 867 1447 932; x_wconf 89' lang='lat' dir='ltr'><strong>die</strong></span> 
     </span>
    </p>
   </div>
   <div class='ocr_carea' id='block_1_3' title="bbox 346 971 1448 1145">
    <p class='ocr_par' dir='ltr' id='par_1_3' title="bbox 346 971 1448 1145">
     <span class='ocr_line' id='line_1_5' title="bbox 347 971 1448 1058; baseline 0.004 -22"><span class='ocrx_word' id='word_1_28' title='bbox 347 971 585 1056; x_wconf 88' lang='lat' dir='ltr'><strong>reportaoionis</strong></span> <span class='ocrx_word' id='word_1_29' title='bbox 601 972 694 1038; x_wconf 85' lang='lat' dir='ltr'><strong>seriei</strong></span> <span class='ocrx_word' id='word_1_30' title='bbox 710 977 890 1058; x_wconf 80' lang='lat' dir='ltr'><strong>prenotate,</strong></span> <span class='ocrx_word' id='word_1_31' title='bbox 915 993 1000 1038; x_wconf 88' lang='lat' dir='ltr'><strong>anno</strong></span> <span class='ocrx_word' id='word_1_32' title='bbox 1017 971 1139 1040; x_wconf 91' lang='lat' dir='ltr'><strong>domini</strong></span> <span class='ocrx_word' id='word_1_33' title='bbox 1155 973 1327 1040; x_wconf 88' lang='lat' dir='ltr'><strong>Millesimo</strong></span> <span class='ocrx_word' id='word_1_34' title='bbox 1341 979 1448 1040; x_wconf 86' lang='lat' dir='ltr'><strong>trecen·</strong></span> 
     </span>
     <span class='ocr_line' id='line_1_6' title="bbox 346 1078 651 1145; baseline 0.003 -2"><span class='ocrx_word' id='word_1_35' title='bbox 346 1079 460 1145; x_wconf 89' lang='lat' dir='ltr'><strong>tesimo</strong></span> <span class='ocrx_word' id='word_1_36' title='bbox 479 1078 651 1144; x_wconf 90' lang='lat' dir='ltr'><strong>tricesimo.</strong></span> 
     </span>
    </p>
   </div>
   <div class='ocr_carea' id='block_1_4' title="bbox 346 1238 1452 1398">
    <p class='ocr_par' dir='ltr' id='par_1_4' title="bbox 346 1238 1452 1398">
     <span class='ocr_line' id='line_1_7' title="bbox 452 1238 1452 1308; baseline 0.007 -18"><span class='ocrx_word' id='word_1_37' title='bbox 452 1241 549 1308; x_wconf 78' lang='lat' dir='ltr'><strong>Ftiggd</strong></span> <span class='ocrx_word' id='word_1_38' title='bbox 564 1241 693 1305; x_wconf 76' lang='lat' dir='ltr'><strong>pecstttel</strong></span> <span class='ocrx_word' id='word_1_39' title='bbox 704 1238 854 1308; x_wconf 74' lang='lat' dir='ltr'><strong>;&#39;er·edetije</strong></span> <span class='ocrx_word' id='word_1_40' title='bbox 864 1259 897 1294; x_wconf 84' lang='lat' dir='ltr'><strong>az</strong></span> <span class='ocrx_word' id='word_1_41' title='bbox 911 1259 981 1296; x_wconf 85' lang='lat' dir='ltr'><strong>crsz.</strong></span> <span class='ocrx_word' id='word_1_42' title='bbox 996 1245 1049 1296; x_wconf 70' lang='lat' dir='ltr'><strong>loir</strong></span> <span class='ocrx_word' id='word_1_43' title='bbox 1064 1246 1161 1296; x_wconf 84' lang='lat' dir='ltr'><strong>kincst.</strong></span> <span class='ocrx_word' id='word_1_44' title='bbox 1175 1250 1242 1296; x_wconf 82' lang='lat' dir='ltr'><strong>cszt.</strong></span> <span class='ocrx_word' id='word_1_45' title='bbox 1254 1245 1287 1295; x_wconf 81' lang='lat' dir='ltr'><strong>N.</strong></span> <span class='ocrx_word' id='word_1_46' title='bbox 1300 1247 1330 1298; x_wconf 86' lang='lat' dir='ltr'><strong>R.</strong></span> <span class='ocrx_word' id='word_1_47' title='bbox 1344 1246 1452 1297; x_wconf 77' lang='lat' dir='ltr'><strong>d.1507.</strong></span> 
     </span>
     <span class='ocr_line' id='line_1_8' title="bbox 346 1331 952 1398; baseline 0.013 -18"><span class='ocrx_word' id='word_1_48' title='bbox 346 1335 388 1380; x_wconf 80' lang='lat'><strong>25.</strong></span> <span class='ocrx_word' id='word_1_49' title='bbox 399 1331 467 1398; x_wconf 82' lang='lat' dir='ltr'><strong>dipl.</strong></span> <span class='ocrx_word' id='word_1_50' title='bbox 482 1332 514 1382; x_wconf 87' lang='lat' dir='ltr'><strong>lt.</strong></span> <span class='ocrx_word' id='word_1_51' title='bbox 529 1336 608 1384; x_wconf 78' lang='lat'>26³1.</span> <span class='ocrx_word' id='word_1_52' title='bbox 623 1334 715 1386; x_wconf 76' lang='lat' dir='ltr'><strong>Kozli:</strong></span> <span class='ocrx_word' id='word_1_53' title='bbox 733 1335 837 1388; x_wconf 78' lang='lat' dir='ltr'><strong>Vincas</strong></span> <span class='ocrx_word' id='word_1_54' title='bbox 852 1335 952 1388; x_wconf 73' lang='lat' dir='ltr'>thor.</span> 
     </span>
    </p>
   </div>
   <div class='ocr_carea' id='block_1_5' title="bbox 830 1496 987 1508">
    <p class='ocr_par' dir='ltr' id='par_1_5' title="bbox 830 1496 987 1508">
     <span class='ocr_line' id='line_1_9' title="bbox 830 1496 987 1508; baseline 0 0"><span class='ocrx_word' id='word_1_55' title='bbox 830 1496 987 1508; x_wconf 52' lang='lat' dir='ltr'><strong>”nn-</strong></span> 
     </span>
    </p>
   </div>
   <div class='ocr_carea' id='block_1_6' title="bbox 345 1897 1452 2312">
    <p class='ocr_par' dir='ltr' id='par_1_6' title="bbox 351 1897 1451 1984">
     <span class='ocr_line' id='line_1_10' title="bbox 351 1897 1451 1984; baseline 0.002 -26"><span class='ocrx_word' id='word_1_56' title='bbox 351 1897 446 1960; x_wconf 82' lang='lat'><strong><em>1330.</em></strong></span> <span class='ocrx_word' id='word_1_57' title='bbox 463 1897 646 1980; x_wconf 77' lang='lat' dir='ltr'><strong>I’ost,fobr.</strong></span> <span class='ocrx_word' id='word_1_58' title='bbox 665 1899 716 1962; x_wconf 80' lang='lat'><strong>27.</strong></span> <span class='ocrx_word' id='word_1_59' title='bbox 742 1899 887 1984; x_wconf 63' lang='lat' dir='ltr'><strong>Droqotd</strong></span> <span class='ocrx_word' id='word_1_60' title='bbox 905 1903 1012 1969; x_wconf 74' lang='lat' dir='ltr'><strong>Jooos</strong></span> <span class='ocrx_word' id='word_1_61' title='bbox 1028 1903 1135 1965; x_wconf 83' lang='lat' dir='ltr'><strong>no&#39;dor</strong></span> <span class='ocrx_word' id='word_1_62' title='bbox 1159 1925 1180 1964; x_wconf 85' lang='lat' dir='ltr'><em>a</em></span> <span class='ocrx_word' id='word_1_63' title='bbox 1208 1901 1280 1964; x_wconf 84' lang='lat' dir='ltr'><strong>Pest</strong></span> <span class='ocrx_word' id='word_1_64' title='bbox 1306 1904 1451 1982; x_wconf 69' lang='lat' dir='ltr'><strong>vdrnoegyyo</strong></span> 
     </span>
    </p>

    <p class='ocr_par' dir='ltr' id='par_1_7' title="bbox 345 2005 1451 2092">
     <span class='ocr_line' id='line_1_11' title="bbox 345 2005 1451 2092; baseline 0.001 -24"><span class='ocrx_word' id='word_1_65' title='bbox 345 2005 484 2069; x_wconf 70' lang='lat' dir='ltr'><strong>rdoze&#39;rdl</strong></span> <span class='ocrx_word' id='word_1_66' title='bbox 499 2016 609 2070; x_wconf 82' lang='lat' dir='ltr'><strong>tortott</strong></span> <span class='ocrx_word' id='word_1_67' title='bbox 625 2007 836 2092; x_wconf 35' lang='lat' dir='ltr'><strong>kdz‘qyttto‘sen</strong></span> <span class='ocrx_word' id='word_1_68' title='bbox 846 2034 867 2073; x_wconf 85' lang='lat' dir='ltr'><strong>a</strong></span> <span class='ocrx_word' id='word_1_69' title='bbox 880 2008 1027 2076; x_wconf 74' lang='lat' dir='ltr'><strong>Caetrreki</strong></span> <span class='ocrx_word' id='word_1_70' title='bbox 1039 2009 1158 2074; x_wconf 78' lang='lat' dir='ltr'><strong>Mikio&#39;a</strong></span> <span class='ocrx_word' id='word_1_71' title='bbox 1170 2013 1201 2073; x_wconf 82' lang='lat' dir='ltr'><strong>e&#39;s</strong></span> <span class='ocrx_word' id='word_1_72' title='bbox 1219 2007 1451 2089; x_wconf 78' lang='lat' dir='ltr'><strong>Batizjiodiik·</strong></span> 
     </span>
    </p>

    <p class='ocr_par' dir='ltr' id='par_1_8' title="bbox 345 2107 1452 2312">
     <span class='ocr_line' id='line_1_12' title="bbox 345 2107 1452 2204; baseline 0 -26"><span class='ocrx_word' id='word_1_73' title='bbox 345 2113 392 2178; x_wconf 80' lang='lat' dir='ltr'><strong>lo&#39;e</strong></span> <span class='ocrx_word' id='word_1_74' title='bbox 410 2107 432 2194; x_wconf 88' lang='lat'><em>(</em></span> <span class='ocrx_word' id='word_1_75' title='bbox 428 2138 448 2178; x_wconf 86' lang='grc' dir='ltr'><strong>(ι</strong></span> <span class='ocrx_word' id='word_1_76' title='bbox 466 2114 633 2198; x_wconf 71' lang='lat' dir='ltr'><strong>Metriricay</strong></span> <span class='ocrx_word' id='word_1_77' title='bbox 659 2117 773 2180; x_wconf 83' lang='lat' dir='ltr'><strong>csalcid</strong></span> <span class='ocrx_word' id='word_1_78' title='bbox 789 2119 882 2204; x_wconf 67' lang='lat' dir='ltr'><strong>eyyik</strong></span> <span class='ocrx_word' id='word_1_79' title='bbox 898 2116 966 2202; x_wconf 82' lang='lat' dir='ltr'><strong>dee)</strong></span> <span class='ocrx_word' id='word_1_80' title='bbox 984 2117 1088 2182; x_wconf 78' lang='lat' dir='ltr'>kozorr</span> <span class='ocrx_word' id='word_1_81' title='bbox 1114 2117 1242 2181; x_wconf 83' lang='lat' dir='ltr'><strong>Berzo‘te</strong></span> <span class='ocrx_word' id='word_1_82' title='bbox 1259 2120 1291 2180; x_wconf 79' lang='lat' dir='ltr'><strong>e&#39;a</strong></span> <span class='ocrx_word' id='word_1_83' title='bbox 1308 2115 1452 2178; x_wconf 81' lang='lat' dir='ltr'>Krorzuo·</span> 
     </span>
     <span class='ocr_line' id='line_1_13' title="bbox 485 2221 1338 2312; baseline 0.002 -28"><span class='ocrx_word' id='word_1_84' title='bbox 485 2221 587 2286; x_wconf 74' lang='lat' dir='ltr'><strong>horta</strong></span> <span class='ocrx_word' id='word_1_85' title='bbox 603 2223 707 2287; x_wconf 72' lang='lat' dir='ltr'><strong>vorat</strong></span> <span class='ocrx_word' id='word_1_86' title='bbox 724 2226 819 2288; x_wconf 84' lang='lat' dir='ltr'><strong>miott</strong></span> <span class='ocrx_word' id='word_1_87' title='bbox 833 2225 1016 2312; x_wconf 72' lang='lat' dir='ltr'><strong>fo&#39;nforqott</strong></span> <span class='ocrx_word' id='word_1_88' title='bbox 1034 2235 1126 2312; x_wconf 67' lang='lat' dir='ltr'><strong>ityyot</strong></span> <span class='ocrx_word' id='word_1_89' title='bbox 1142 2225 1338 2308; x_wconf 80' lang='lat' dir='ltr'><strong>elhalasztju.</strong></span> 
     </span>
    </p>
   </div>
   <div class='ocr_carea' id='block_1_7' title="bbox 298 2381 1543 4308">
    <p class='ocr_par' dir='ltr' id='par_1_9' title="bbox 298 2381 1543 4308">
     <span class='ocr_line' id='line_1_14' title="bbox 452 2381 1453 2470; baseline -0.003 -22"><span class='ocrx_word' id='word_1_90' title='bbox 452 2382 522 2449; x_wconf 87' lang='lat' dir='ltr'><strong>Nos</strong></span> <span class='ocrx_word' id='word_1_91' title='bbox 538 2384 563 2450; x_wconf 85' lang='lat' dir='ltr'><strong>J</strong></span> <span class='ocrx_word' id='word_1_92' title='bbox 565 2383 708 2449; x_wconf 84' lang='lat' dir='ltr'><strong>ohannes</strong></span> <span class='ocrx_word' id='word_1_93' title='bbox 724 2381 907 2468; x_wconf 88' lang='lat' dir='ltr'><strong>Drugetter</strong></span> <span class='ocrx_word' id='word_1_94' title='bbox 922 2385 1086 2470; x_wconf 87' lang='lat' dir='ltr'><strong>palatinus</strong></span> <span class='ocrx_word' id='word_1_95' title='bbox 1102 2391 1135 2452; x_wconf 90' lang='lat' dir='ltr'><strong>et</strong></span> <span class='ocrx_word' id='word_1_96' title='bbox 1150 2385 1247 2450; x_wconf 87' lang='lat' dir='ltr'><strong>iudex</strong></span> <span class='ocrx_word' id='word_1_97' title='bbox 1264 2405 1453 2450; x_wconf 75' lang='lat' dir='ltr'>comanorum</span> 
     </span>
     <span class='ocr_line' id='line_1_15' title="bbox 345 2479 1543 2576; baseline -0.002 -23"><span class='ocrx_word' id='word_1_98' title='bbox 345 2489 459 2556; x_wconf 84' lang='lat' dir='ltr'><strong>damus</strong></span> <span class='ocrx_word' id='word_1_99' title='bbox 474 2513 534 2575; x_wconf 90' lang='lat' dir='ltr'><strong>pro</strong></span> <span class='ocrx_word' id='word_1_100' title='bbox 551 2492 714 2574; x_wconf 87' lang='lat' dir='ltr'><strong>memoria,</strong></span> <span class='ocrx_word' id='word_1_101' title='bbox 730 2491 818 2576; x_wconf 94' lang='lat' dir='ltr'><strong>quod</strong></span> <span class='ocrx_word' id='word_1_102' title='bbox 833 2492 926 2558; x_wconf 82' lang='lat' dir='ltr'><strong>iuxta</strong></span> <span class='ocrx_word' id='word_1_103' title='bbox 943 2493 1178 2558; x_wconf 75' lang='lat' dir='ltr'><strong>continenciam</strong></span> <span class='ocrx_word' id='word_1_104' title='bbox 1189 2493 1330 2576; x_wconf 86' lang='lat' dir='ltr'>priorum</span> <span class='ocrx_word' id='word_1_105' title='bbox 1345 2491 1452 2555; x_wconf 80' lang='lat' dir='ltr'><strong>littero·</strong></span> <span class='ocrx_word' id='word_1_106' title='bbox 1542 2479 1543 2482; x_wconf 28' lang='lat'>¹</span> 
     </span>
     <span class='ocr_line' id='line_1_16' title="bbox 345 2596 1453 2684; baseline -0.004 -21"><span class='ocrx_word' id='word_1_107' title='bbox 345 2619 417 2664; x_wconf 89' lang='lat' dir='ltr'><strong>rum</strong></span> <span class='ocrx_word' id='word_1_108' title='bbox 435 2605 617 2666; x_wconf 88' lang='lat' dir='ltr'><strong>nostrarum</strong></span> <span class='ocrx_word' id='word_1_109' title='bbox 634 2599 869 2666; x_wconf 87' lang='lat' dir='ltr'><strong>memorialium</strong></span> <span class='ocrx_word' id='word_1_110' title='bbox 885 2601 919 2664; x_wconf 93' lang='lat' dir='ltr'><strong>in</strong></span> <span class='ocrx_word' id='word_1_111' title='bbox 936 2603 1189 2684; x_wconf 80' lang='lat' dir='ltr'><strong>congregacione</strong></span> <span class='ocrx_word' id='word_1_112' title='bbox 1201 2607 1310 2666; x_wconf 85' lang='lat' dir='ltr'><strong>nostra</strong></span> <span class='ocrx_word' id='word_1_113' title='bbox 1326 2596 1453 2683; x_wconf 82' lang='lat' dir='ltr'><strong>generali</strong></span> 
     </span>
     <span class='ocr_line' id='line_1_17' title="bbox 345 2706 1542 2794; baseline -0.002 -23"><span class='ocrx_word' id='word_1_114' title='bbox 345 2706 426 2773; x_wconf 84' lang='lat' dir='ltr'><strong>seria</strong></span> <span class='ocrx_word' id='word_1_115' title='bbox 442 2708 583 2774; x_wconf 87' lang='lat' dir='ltr'><strong>secunda</strong></span> <span class='ocrx_word' id='word_1_116' title='bbox 599 2709 748 2792; x_wconf 88' lang='lat' dir='ltr'><strong>proxima</strong></span> <span class='ocrx_word' id='word_1_117' title='bbox 764 2713 837 2791; x_wconf 86' lang='lat' dir='ltr'><strong>post</strong></span> <span class='ocrx_word' id='word_1_118' title='bbox 851 2708 971 2774; x_wconf 77' lang='lat' dir='ltr'><strong>festum</strong></span> <span class='ocrx_word' id='word_1_119' title='bbox 987 2707 1076 2775; x_wconf 89' lang='lat' dir='ltr'><strong>beati</strong></span> <span class='ocrx_word' id='word_1_120' title='bbox 1093 2707 1231 2794; x_wconf 80' lang='lat' dir='ltr'><strong>Mathye</strong></span> <span class='ocrx_word' id='word_1_121' title='bbox 1247 2707 1381 2792; x_wconf 86' lang='lat' dir='ltr'><strong>apostoli</strong></span> <span class='ocrx_word' id='word_1_122' title='bbox 1391 2727 1453 2771; x_wconf 88' lang='lat' dir='ltr'><strong>cum</strong></span> <span class='ocrx_word' id='word_1_123' title='bbox 1541 2739 1542 2786; x_wconf 64' lang='lat'>3</span> 
     </span>
     <span class='ocr_line' id='line_1_18' title="bbox 347 2814 1453 2901; baseline -0.005 -21"><span class='ocrx_word' id='word_1_124' title='bbox 347 2816 504 2882; x_wconf 87' lang='lat' dir='ltr'><strong>universis</strong></span> <span class='ocrx_word' id='word_1_125' title='bbox 530 2816 694 2883; x_wconf 87' lang='lat' dir='ltr'><strong>nobilibus</strong></span> <span class='ocrx_word' id='word_1_126' title='bbox 711 2819 884 2882; x_wconf 89' lang='lat' dir='ltr'><strong>comitatus</strong></span> <span class='ocrx_word' id='word_1_127' title='bbox 902 2816 1079 2884; x_wconf 85' lang='lat' dir='ltr'><strong>Pestisnsis</strong></span> <span class='ocrx_word' id='word_1_128' title='bbox 1095 2817 1182 2901; x_wconf 92' lang='lat' dir='ltr'><strong>apud</strong></span> <span class='ocrx_word' id='word_1_129' title='bbox 1208 2817 1366 2882; x_wconf 80' lang='lat' dir='ltr'><strong>civitatem</strong></span> <span class='ocrx_word' id='word_1_130' title='bbox 1386 2814 1453 2878; x_wconf 82' lang='lat' dir='ltr'>Post</span> 
     </span>
     <span class='ocr_line' id='line_1_19' title="bbox 346 2923 1452 3009; baseline -0.005 -19"><span class='ocrx_word' id='word_1_131' title='bbox 346 2923 520 3008; x_wconf 87' lang='lat' dir='ltr'><strong>celebrata,</strong></span> <span class='ocrx_word' id='word_1_132' title='bbox 537 2923 690 2992; x_wconf 88' lang='lat' dir='ltr'><strong>Andreas</strong></span> <span class='ocrx_word' id='word_1_133' title='bbox 706 2925 761 3007; x_wconf 91' lang='lat' dir='ltr'><strong>qui</strong></span> <span class='ocrx_word' id='word_1_134' title='bbox 778 2923 881 2990; x_wconf 88' lang='lat' dir='ltr'><strong>filium</strong></span> <span class='ocrx_word' id='word_1_135' title='bbox 897 2925 1033 2992; x_wconf 87' lang='lat' dir='ltr'><strong>Barkun</strong></span> <span class='ocrx_word' id='word_1_136' title='bbox 1049 2947 1082 2991; x_wconf 89' lang='lat' dir='ltr'><strong>se</strong></span> <span class='ocrx_word' id='word_1_137' title='bbox 1099 2946 1168 2991; x_wconf 86' lang='lat' dir='ltr'><strong>esse</strong></span> <span class='ocrx_word' id='word_1_138' title='bbox 1184 2925 1314 2991; x_wconf 89' lang='lat' dir='ltr'><strong>dicebat</strong></span> <span class='ocrx_word' id='word_1_139' title='bbox 1327 2945 1383 3009; x_wconf 89' lang='lat' dir='ltr'><strong>pro</strong></span> <span class='ocrx_word' id='word_1_140' title='bbox 1398 2941 1452 2986; x_wconf 87' lang='lat' dir='ltr'><strong>mn-</strong></span> 
     </span>
     <span class='ocr_line' id='line_1_20' title="bbox 344 3031 1541 3118; baseline -0.003 -21"><span class='ocrx_word' id='word_1_141' title='bbox 344 3033 444 3115; x_wconf 79' lang='lat' dir='ltr'><strong>gistro</strong></span> <span class='ocrx_word' id='word_1_142' title='bbox 469 3031 606 3099; x_wconf 87' lang='lat' dir='ltr'><strong>Nicolao</strong></span> <span class='ocrx_word' id='word_1_143' title='bbox 631 3031 698 3098; x_wconf 90' lang='lat' dir='ltr'><strong>filio</strong></span> <span class='ocrx_word' id='word_1_144' title='bbox 723 3033 894 3100; x_wconf 75' lang='lat' dir='ltr'><strong>Benedicti</strong></span> <span class='ocrx_word' id='word_1_145' title='bbox 910 3033 950 3099; x_wconf 93' lang='lat' dir='ltr'><strong>de</strong></span> <span class='ocrx_word' id='word_1_146' title='bbox 966 3033 1145 3118; x_wconf 80' lang='lat' dir='ltr'><strong>Chythnulr</strong></span> <span class='ocrx_word' id='word_1_147' title='bbox 1171 3035 1388 3101; x_wconf 86' lang='lat' dir='ltr'><strong>execuoionem</strong></span> <span class='ocrx_word' id='word_1_148' title='bbox 1404 3051 1451 3095; x_wconf 89' lang='lat' dir='ltr'><strong>sue</strong></span> <span class='ocrx_word' id='word_1_149' title='bbox 1540 3065 1541 3076; x_wconf 29' lang='grc' dir='ltr'><strong>κ</strong></span> 
     </span>
     <span class='ocr_line' id='line_1_21' title="bbox 347 3141 1455 3225; baseline -0.003 -21"><span class='ocrx_word' id='word_1_150' title='bbox 347 3161 442 3205; x_wconf 74' lang='lat' dir='ltr'><strong>conse</strong></span> <span class='ocrx_word' id='word_1_151' title='bbox 458 3141 491 3204; x_wconf 95' lang='lat' dir='ltr'><strong>in</strong></span> <span class='ocrx_word' id='word_1_152' title='bbox 507 3146 692 3206; x_wconf 89' lang='lat' dir='ltr'><strong>nostrarum</strong></span> <span class='ocrx_word' id='word_1_153' title='bbox 707 3143 945 3225; x_wconf 79' lang='lat' dir='ltr'><strong>presenciarum</strong></span> <span class='ocrx_word' id='word_1_154' title='bbox 960 3142 1023 3208; x_wconf 88' lang='lat' dir='ltr'><strong>sibi</strong></span> <span class='ocrx_word' id='word_1_155' title='bbox 1039 3143 1262 3208; x_wconf 77' lang='lat' dir='ltr'><strong>committente</strong></span> <span class='ocrx_word' id='word_1_156' title='bbox 1278 3141 1320 3208; x_wconf 84' lang='lat' dir='ltr'><strong>ad</strong></span> <span class='ocrx_word' id='word_1_157' title='bbox 1330 3143 1455 3208; x_wconf 86' lang='lat' dir='ltr'><strong>nostram</strong></span> 
     </span>
     <span class='ocr_line' id='line_1_22' title="bbox 343 3247 1456 3333; baseline -0.004 -20"><span class='ocrx_word' id='word_1_158' title='bbox 343 3247 500 3314; x_wconf 84' lang='lat' dir='ltr'><strong>accedens</strong></span> <span class='ocrx_word' id='word_1_159' title='bbox 515 3249 716 3333; x_wconf 88' lang='lat' dir='ltr'><strong>presenciam</strong></span> <span class='ocrx_word' id='word_1_160' title='bbox 732 3255 848 3315; x_wconf 89' lang='lat' dir='ltr'><strong>contra</strong></span> <span class='ocrx_word' id='word_1_161' title='bbox 863 3249 1004 3316; x_wconf 86' lang='lat' dir='ltr'><strong>nobilem</strong></span> <span class='ocrx_word' id='word_1_162' title='bbox 1021 3250 1184 3316; x_wconf 80' lang='lat' dir='ltr'><strong>dominam</strong></span> <span class='ocrx_word' id='word_1_163' title='bbox 1208 3251 1356 3316; x_wconf 86' lang='lat' dir='ltr'><strong>relictam</strong></span> <span class='ocrx_word' id='word_1_164' title='bbox 1371 3247 1456 3313; x_wconf 86' lang='lat' dir='ltr'><strong>Nico·</strong></span> 
     </span>
     <span class='ocr_line' id='line_1_23' title="bbox 342 3353 1456 3441; baseline -0.001 -23"><span class='ocrx_word' id='word_1_165' title='bbox 342 3354 386 3419; x_wconf 85' lang='lat' dir='ltr'><strong>lai</strong></span> <span class='ocrx_word' id='word_1_166' title='bbox 424 3356 568 3438; x_wconf 80' lang='lat' dir='ltr'><strong>germani</strong></span> <span class='ocrx_word' id='word_1_167' title='bbox 606 3356 732 3439; x_wconf 87' lang='lat' dir='ltr'><strong>Bathyz</strong></span> <span class='ocrx_word' id='word_1_168' title='bbox 771 3362 803 3422; x_wconf 92' lang='lat' dir='ltr'><strong>et</strong></span> <span class='ocrx_word' id='word_1_169' title='bbox 842 3355 1018 3422; x_wconf 90' lang='lat' dir='ltr'><strong>Nicolaum</strong></span> <span class='ocrx_word' id='word_1_170' title='bbox 1055 3355 1158 3423; x_wconf 92' lang='lat' dir='ltr'><strong>filium</strong></span> <span class='ocrx_word' id='word_1_171' title='bbox 1191 3355 1297 3440; x_wconf 86' lang='lat' dir='ltr'><strong>Batyz</strong></span> <span class='ocrx_word' id='word_1_172' title='bbox 1322 3378 1377 3441; x_wconf 89' lang='lat' dir='ltr'><strong>per</strong></span> <span class='ocrx_word' id='word_1_173' title='bbox 1404 3353 1456 3419; x_wconf 86' lang='lat' dir='ltr'><strong>ior·</strong></span> 
     </span>
     <span class='ocr_line' id='line_1_24' title="bbox 344 3463 1456 3549; baseline -0.005 -19"><span class='ocrx_word' id='word_1_174' title='bbox 344 3485 430 3530; x_wconf 82' lang='lat' dir='ltr'><strong>inam</strong></span> <span class='ocrx_word' id='word_1_175' title='bbox 469 3465 571 3530; x_wconf 82' lang='lat' dir='ltr'><strong>nostri</strong></span> <span class='ocrx_word' id='word_1_176' title='bbox 619 3463 731 3530; x_wconf 89' lang='lat' dir='ltr'><strong>iudicii</strong></span> <span class='ocrx_word' id='word_1_177' title='bbox 779 3465 846 3548; x_wconf 83' lang='lat' dir='ltr'><strong>egit</strong></span> <span class='ocrx_word' id='word_1_178' title='bbox 892 3465 1103 3549; x_wconf 87' lang='lat' dir='ltr'><strong>proponendo</strong></span> <span class='ocrx_word' id='word_1_179' title='bbox 1142 3466 1176 3530; x_wconf 93' lang='lat' dir='ltr'><strong>in</strong></span> <span class='ocrx_word' id='word_1_180' title='bbox 1214 3466 1302 3530; x_wconf 88' lang='lat' dir='ltr'><strong>hunc</strong></span> <span class='ocrx_word' id='word_1_181' title='bbox 1332 3463 1456 3542; x_wconf 77' lang='lat' dir='ltr'><strong>modum,</strong></span> 
     </span>
     <span class='ocr_line' id='line_1_25' title="bbox 344 3571 1539 3656; baseline -0.003 -19"><span class='ocrx_word' id='word_1_182' title='bbox 344 3571 432 3656; x_wconf 88' lang='lat' dir='ltr'><strong>quod</strong></span> <span class='ocrx_word' id='word_1_183' title='bbox 471 3571 535 3637; x_wconf 92' lang='lat' dir='ltr'><strong>duo</strong></span> <span class='ocrx_word' id='word_1_184' title='bbox 574 3577 682 3638; x_wconf 85' lang='lat' dir='ltr'><strong>castra</strong></span> <span class='ocrx_word' id='word_1_185' title='bbox 720 3571 856 3638; x_wconf 83' lang='lat' dir='ltr'><strong>Bernete</strong></span> <span class='ocrx_word' id='word_1_186' title='bbox 895 3579 928 3638; x_wconf 91' lang='lat' dir='ltr'><strong>et</strong></span> <span class='ocrx_word' id='word_1_187' title='bbox 969 3571 1201 3640; x_wconf 85' lang='lat' dir='ltr'><strong>Orannahorka</strong></span> <span class='ocrx_word' id='word_1_188' title='bbox 1223 3579 1339 3639; x_wconf 79' lang='lat' dir='ltr'><strong>vocata</strong></span> <span class='ocrx_word' id='word_1_189' title='bbox 1363 3574 1394 3637; x_wconf 92' lang='lat' dir='ltr'><strong>in</strong></span> <span class='ocrx_word' id='word_1_190' title='bbox 1416 3591 1457 3636; x_wconf 87' lang='lat' dir='ltr'><strong>oo·</strong></span> <span class='ocrx_word' id='word_1_191' title='bbox 1538 3617 1539 3634; x_wconf 40' lang='lat' dir='ltr'><strong>i</strong></span> 
     </span>
     <span class='ocr_line' id='line_1_26' title="bbox 343 3678 1456 3766; baseline -0.003 -22"><span class='ocrx_word' id='word_1_192' title='bbox 343 3681 462 3746; x_wconf 85' lang='lat' dir='ltr'><strong>rnitatu</strong></span> <span class='ocrx_word' id='word_1_193' title='bbox 500 3679 540 3744; x_wconf 93' lang='lat' dir='ltr'><strong>de</strong></span> <span class='ocrx_word' id='word_1_194' title='bbox 580 3678 708 3747; x_wconf 86' lang='lat' dir='ltr'>Gumur</span> <span class='ocrx_word' id='word_1_195' title='bbox 747 3681 923 3748; x_wconf 87' lang='lat' dir='ltr'><strong>existencia</strong></span> <span class='ocrx_word' id='word_1_196' title='bbox 964 3703 1037 3746; x_wconf 91' lang='lat' dir='ltr'><strong>oum</strong></span> <span class='ocrx_word' id='word_1_197' title='bbox 1070 3679 1264 3766; x_wconf 87' lang='lat' dir='ltr'><strong>quibusdam</strong></span> <span class='ocrx_word' id='word_1_198' title='bbox 1304 3678 1456 3765; x_wconf 83' lang='lat' dir='ltr'><strong>possessio</strong></span> 
     </span>
     <span class='ocr_line' id='line_1_27' title="bbox 343 3775 1456 3873; baseline -0.006 -19"><span class='ocrx_word' id='word_1_199' title='bbox 343 3789 439 3854; x_wconf 89' lang='lat' dir='ltr'><strong>nibus</strong></span> <span class='ocrx_word' id='word_1_200' title='bbox 470 3789 594 3854; x_wconf 86' lang='lat' dir='ltr'><strong>scilicet</strong></span> <span class='ocrx_word' id='word_1_201' title='bbox 625 3775 873 3871; x_wconf 84' lang='lat' dir='ltr'><strong>Zalouchliaza‚</strong></span> <span class='ocrx_word' id='word_1_202' title='bbox 905 3787 1057 3873; x_wconf 80' lang='lat' dir='ltr'><strong>Remus,</strong></span> <span class='ocrx_word' id='word_1_203' title='bbox 1095 3789 1224 3871; x_wconf 87' lang='lat' dir='ltr'><strong>Rudna,</strong></span> <span class='ocrx_word' id='word_1_204' title='bbox 1263 3787 1456 3870; x_wconf 81' lang='lat' dir='ltr'><strong>Scensgetes·,</strong></span> 
     </span>
     <span class='ocr_line' id='line_1_28' title="bbox 316 3892 1453 3964; baseline -0.008 -1"><span class='ocrx_word' id='word_1_205' title='bbox 316 3941 321 3951; x_wconf 51' lang='grc' dir='ltr'>ι</span> <span class='ocrx_word' id='word_1_206' title='bbox 343 3897 481 3964; x_wconf 84' lang='lat' dir='ltr'><strong>Bernete</strong></span> <span class='ocrx_word' id='word_1_207' title='bbox 498 3903 530 3962; x_wconf 91' lang='lat' dir='ltr'><strong>et</strong></span> <span class='ocrx_word' id='word_1_208' title='bbox 546 3896 702 3962; x_wconf 84' lang='lat' dir='ltr'><strong>Karazna</strong></span> <span class='ocrx_word' id='word_1_209' title='bbox 718 3897 839 3964; x_wconf 83' lang='lat' dir='ltr'><strong>vocatis</strong></span> <span class='ocrx_word' id='word_1_210' title='bbox 856 3902 963 3964; x_wconf 85' lang='lat' dir='ltr'><strong>essent</strong></span> <span class='ocrx_word' id='word_1_211' title='bbox 987 3897 1067 3962; x_wconf 89' lang='lat' dir='ltr'><strong>iuris</strong></span> <span class='ocrx_word' id='word_1_212' title='bbox 1093 3896 1225 3962; x_wconf 86' lang='lat' dir='ltr'><strong>Nicolai</strong></span> <span class='ocrx_word' id='word_1_213' title='bbox 1249 3895 1402 3962; x_wconf 87' lang='lat' dir='ltr'><strong>antedicti</strong></span> <span class='ocrx_word' id='word_1_214' title='bbox 1422 3892 1453 3956; x_wconf 89' lang='lat' dir='ltr'><strong>de</strong></span> 
     </span>
     <span class='ocr_line' id='line_1_29' title="bbox 346 4001 1459 4090; baseline -0.008 -16"><span class='ocrx_word' id='word_1_215' title='bbox 346 4004 523 4090; x_wconf 84' lang='lat' dir='ltr'><strong>Ohythnuk</strong></span> <span class='ocrx_word' id='word_1_216' title='bbox 539 4010 571 4069; x_wconf 91' lang='lat' dir='ltr'><strong>et</strong></span> <span class='ocrx_word' id='word_1_217' title='bbox 588 4005 649 4071; x_wconf 89' lang='lat' dir='ltr'><strong>sibi</strong></span> <span class='ocrx_word' id='word_1_218' title='bbox 675 4005 745 4070; x_wconf 91' lang='lat' dir='ltr'><strong>iure</strong></span> <span class='ocrx_word' id='word_1_219' title='bbox 763 4005 973 4070; x_wconf 85' lang='lat' dir='ltr'><strong>successionis</strong></span> <span class='ocrx_word' id='word_1_220' title='bbox 1000 4027 1020 4072; x_wconf 84' lang='lat' dir='ltr'><strong>a</strong></span> <span class='ocrx_word' id='word_1_221' title='bbox 1044 4004 1182 4071; x_wconf 89' lang='lat' dir='ltr'><strong>Detrico</strong></span> <span class='ocrx_word' id='word_1_222' title='bbox 1208 4003 1372 4088; x_wconf 84' lang='lat' dir='ltr'><strong>quondam</strong></span> <span class='ocrx_word' id='word_1_223' title='bbox 1387 4001 1459 4066; x_wconf 85' lang='lat' dir='ltr'><strong>Zaar</strong></span> 
     </span>
     <span class='ocr_line' id='line_1_30' title="bbox 298 4113 1459 4199; baseline -0.006 -19"><span class='ocrx_word' id='word_1_224' title='bbox 298 4187 301 4194; x_wconf 54' lang='grc'>,</span> <span class='ocrx_word' id='word_1_225' title='bbox 345 4113 432 4182; x_wconf 92' lang='lat' dir='ltr'><strong>dioto</strong></span> <span class='ocrx_word' id='word_1_226' title='bbox 449 4137 508 4182; x_wconf 86' lang='lat' dir='ltr'><strong>avo</strong></span> <span class='ocrx_word' id='word_1_227' title='bbox 525 4115 666 4180; x_wconf 88' lang='lat' dir='ltr'><strong>eiusdem</strong></span> <span class='ocrx_word' id='word_1_228' title='bbox 675 4114 906 4182; x_wconf 84' lang='lat' dir='ltr'><strong>remansissent</strong></span> <span class='ocrx_word' id='word_1_229' title='bbox 922 4114 1125 4199; x_wconf 82' lang='lat' dir='ltr'><strong>possidendo,</strong></span> <span class='ocrx_word' id='word_1_230' title='bbox 1135 4115 1246 4181; x_wconf 85' lang='lat' dir='ltr'><strong>volens</strong></span> <span class='ocrx_word' id='word_1_231' title='bbox 1256 4113 1393 4199; x_wconf 87' lang='lat' dir='ltr'><strong>experiri</strong></span> <span class='ocrx_word' id='word_1_232' title='bbox 1408 4129 1459 4194; x_wconf 83' lang='lat' dir='ltr'><strong>qno</strong></span> 
     </span>
     <span class='ocr_line' id='line_1_31' title="bbox 345 4221 1458 4308; baseline -0.007 -20"><span class='ocrx_word' id='word_1_233' title='bbox 345 4223 476 4290; x_wconf 88' lang='lat' dir='ltr'><strong>racione</strong></span> <span class='ocrx_word' id='word_1_234' title='bbox 502 4224 554 4288; x_wconf 87' lang='lat' dir='ltr'><strong>vel</strong></span> <span class='ocrx_word' id='word_1_235' title='bbox 570 4245 634 4308; x_wconf 88' lang='lat' dir='ltr'><strong>quo</strong></span> <span class='ocrx_word' id='word_1_236' title='bbox 651 4224 748 4290; x_wconf 85' lang='lat' dir='ltr'><strong>titulo</strong></span> <span class='ocrx_word' id='word_1_237' title='bbox 765 4222 876 4290; x_wconf 90' lang='lat' dir='ltr'><strong>eadem</strong></span> <span class='ocrx_word' id='word_1_238' title='bbox 893 4222 981 4290; x_wconf 87' lang='lat' dir='ltr'><strong>dicta</strong></span> <span class='ocrx_word' id='word_1_239' title='bbox 1007 4222 1141 4289; x_wconf 88' lang='lat' dir='ltr'><strong>domina</strong></span> <span class='ocrx_word' id='word_1_240' title='bbox 1166 4229 1199 4288; x_wconf 89' lang='lat' dir='ltr'><strong>et</strong></span> <span class='ocrx_word' id='word_1_241' title='bbox 1225 4225 1294 4308; x_wconf 85' lang='lat' dir='ltr'><strong>ipse</strong></span> <span class='ocrx_word' id='word_1_242' title='bbox 1318 4221 1458 4288; x_wconf 83' lang='lat' dir='ltr'><strong>Nicolans</strong></span> 
     </span>
    </p>
   </div>
   <div class='ocr_carea' id='block_1_8' title="bbox 345 4329 1459 4752">
    <p class='ocr_par' dir='ltr' id='par_1_10' title="bbox 345 4329 1459 4752">
     <span class='ocr_line' id='line_1_32' title="bbox 345 4329 1458 4417; baseline -0.008 -20"><span class='ocrx_word' id='word_1_243' title='bbox 345 4331 568 4417; x_wconf 78' lang='lat' dir='ltr'><strong>tiliusBathyz</strong></span> <span class='ocrx_word' id='word_1_244' title='bbox 585 4331 768 4398; x_wconf 88' lang='lat' dir='ltr'><strong>detinerent</strong></span> <span class='ocrx_word' id='word_1_245' title='bbox 783 4336 949 4416; x_wconf 70' lang='lat' dir='ltr'><strong>occupata,</strong></span> <span class='ocrx_word' id='word_1_246' title='bbox 960 4331 1313 4414; x_wconf 84' lang='lat' dir='ltr'><strong>qnosiraoionabiliter</strong></span> <span class='ocrx_word' id='word_1_247' title='bbox 1329 4329 1458 4396; x_wconf 86' lang='lat' dir='ltr'><strong>tenerent</strong></span> 
     </span>
     <span class='ocr_line' id='line_1_33' title="bbox 347 4423 1457 4526; baseline -0.006 -22"><span class='ocrx_word' id='word_1_248' title='bbox 347 4446 381 4505; x_wconf 89' lang='lat' dir='ltr'><strong>et</strong></span> <span class='ocrx_word' id='word_1_249' title='bbox 396 4423 597 4524; x_wconf 81' lang='lat' dir='ltr'><strong>possiderent</strong></span> <span class='ocrx_word' id='word_1_250' title='bbox 612 4445 710 4524; x_wconf 91' lang='lat' dir='ltr'><strong>prout</strong></span> <span class='ocrx_word' id='word_1_251' title='bbox 725 4440 804 4506; x_wconf 87' lang='lat' dir='ltr'><strong>iuris</strong></span> <span class='ocrx_word' id='word_1_252' title='bbox 821 4445 905 4506; x_wconf 88' lang='lat' dir='ltr'><strong>essct</strong></span> <span class='ocrx_word' id='word_1_253' title='bbox 922 4438 1042 4506; x_wconf 84' lang='lat' dir='ltr'><strong>eisdem</strong></span> <span class='ocrx_word' id='word_1_254' title='bbox 1067 4438 1280 4526; x_wconf 85' lang='lat' dir='ltr'><strong>approbando</strong></span> <span class='ocrx_word' id='word_1_255' title='bbox 1296 4437 1457 4505; x_wconf 84' lang='lat' dir='ltr'><strong>ratificaret</strong></span> 
     </span>
     <span class='ocr_line' id='line_1_34' title="bbox 348 4542 1457 4635; baseline -0.006 -23"><span class='ocrx_word' id='word_1_256' title='bbox 348 4546 515 4634; x_wconf 88' lang='lat' dir='ltr'><strong>alioquin(</strong></span> <span class='ocrx_word' id='word_1_257' title='bbox 516 4599 617 4614; x_wconf 92' lang='grc'><strong>.....</strong></span> <span class='ocrx_word' id='word_1_258' title='bbox 618 4546 632 4635; x_wconf 89' lang='grc'>)</span> <span class='ocrx_word' id='word_1_259' title='bbox 643 4548 827 4614; x_wconf 89' lang='lat' dir='ltr'><strong>intenderet</strong></span> <span class='ocrx_word' id='word_1_260' title='bbox 841 4548 883 4615; x_wconf 88' lang='lat' dir='ltr'><strong>ab</strong></span> <span class='ocrx_word' id='word_1_261' title='bbox 894 4549 1014 4614; x_wconf 89' lang='lat' dir='ltr'><strong>eisdem</strong></span> <span class='ocrx_word' id='word_1_262' title='bbox 1030 4547 1189 4615; x_wconf 87' lang='lat' dir='ltr'><strong>Nicolaus</strong></span> <span class='ocrx_word' id='word_1_263' title='bbox 1199 4545 1288 4614; x_wconf 85' lang='lat' dir='ltr'><strong>filius</strong></span> <span class='ocrx_word' id='word_1_264' title='bbox 1304 4542 1457 4614; x_wconf 88' lang='lat' dir='ltr'><strong>Benedicti</strong></span> 
     </span>
     <span class='ocr_line' id='line_1_35' title="bbox 348 4649 1459 4752; baseline -0.008 -31"><span class='ocrx_word' id='word_1_265' title='bbox 348 4663 534 4739; x_wconf 82' lang='lat' dir='ltr'><strong>annotatus,</strong></span> <span class='ocrx_word' id='word_1_266' title='bbox 546 4678 610 4752; x_wconf 83' lang='lat' dir='ltr'><strong>qno</strong></span> <span class='ocrx_word' id='word_1_267' title='bbox 626 4655 738 4725; x_wconf 85' lang='lat' dir='ltr'><strong>audito</strong></span> <span class='ocrx_word' id='word_1_268' title='bbox 755 4654 913 4732; x_wconf 84' lang='lat' dir='ltr'><strong>Nicotaus</strong></span> <span class='ocrx_word' id='word_1_269' title='bbox 940 4657 991 4722; x_wconf 91' lang='lat' dir='ltr'><strong>oui</strong></span> <span class='ocrx_word' id='word_1_270' title='bbox 1008 4656 1098 4724; x_wconf 86' lang='lat' dir='ltr'><strong>diota</strong></span> <span class='ocrx_word' id='word_1_271' title='bbox 1113 4655 1232 4734; x_wconf 85' lang='lat' dir='ltr'><strong>nobilis</strong></span> <span class='ocrx_word' id='word_1_272' title='bbox 1243 4649 1459 4722; x_wconf 85' lang='lat' dir='ltr'><strong>dominanobis</strong></span> 
     </span>
    </p>
   </div>
   <div class='ocr_carea' id='block_1_9' title="bbox 0 0 1574 5470">
    <p class='ocr_par' dir='ltr' id='par_1_11' title="bbox 0 0 1574 5470">
     <span class='ocr_line' id='line_1_36' title="bbox 0 0 1574 5470; baseline 0 0"><span class='ocrx_word' id='word_1_273' title='bbox 0 0 1574 5470; x_wconf 95' lang='lat' dir='ltr'><strong> </strong></span> 
     </span>
    </p>
   </div>
  </div>
 </body>
</html>
