<?xml version="1.0" encoding="UTF-8"?>
<!DOCTYPE html PUBLIC "-//W3C//DTD XHTML 1.0 Transitional//EN"
    "http://www.w3.org/TR/xhtml1/DTD/xhtml1-transitional.dtd">
<html xmlns="http://www.w3.org/1999/xhtml" xml:lang="en" lang="en">
 <head>
  <title>
</title>
<meta http-equiv="Content-Type" content="text/html;charset=utf-8" />
  <meta name='ocr-system' content='tesseract 3.04.00' />
  <meta name='ocr-capabilities' content='ocr_page ocr_carea ocr_par ocr_line ocrx_word'/>
</head>
<body>
  <div class='ocr_page' id='page_1' title='image "./codexdiplomatic01nagygoog_0346.png"; bbox 0 0 3132 5470; ppageno 0'>
   <div class='ocr_carea' id='block_1_1' title="bbox 521 546 767 608">
    <p class='ocr_par' dir='ltr' id='par_1_1' title="bbox 521 546 767 608">
     <span class='ocr_line' id='line_1_1' title="bbox 521 546 767 608; baseline 0 -2"><span class='ocrx_word' id='word_1_1' title='bbox 521 546 616 606; x_wconf 75' lang='lat'>1327.</span> <span class='ocrx_word' id='word_1_2' title='bbox 633 563 702 608; x_wconf 86' lang='lat' dir='ltr'><em>oor.</em></span> <span class='ocrx_word' id='word_1_3' title='bbox 716 548 767 607; x_wconf 81' lang='lat'><em>21.</em></span> 
     </span>
    </p>
   </div>
   <div class='ocr_carea' id='block_1_2' title="bbox 606 947 680 1010">
    <p class='ocr_par' dir='ltr' id='par_1_2' title="bbox 606 947 680 1010">
     <span class='ocr_line' id='line_1_2' title="bbox 606 947 680 1010; baseline 0.014 -1"><span class='ocrx_word' id='word_1_4' title='bbox 606 947 680 1010; x_wconf 80' lang='lat'><strong>291.</strong></span> 
     </span>
    </p>
   </div>
   <div class='ocr_carea' id='block_1_3' title="bbox 91 1111 1213 1520">
    <p class='ocr_par' dir='ltr' id='par_1_3' title="bbox 96 1111 1213 1199">
     <span class='ocr_line' id='line_1_3' title="bbox 96 1111 1213 1199; baseline 0.004 -26"><span class='ocrx_word' id='word_1_5' title='bbox 96 1111 181 1175; x_wconf 76' lang='lat'><em>1327.</em></span> <span class='ocrx_word' id='word_1_6' title='bbox 197 1111 361 1192; x_wconf 65' lang='lat' dir='ltr'><em>Sestertio,</em></span> <span class='ocrx_word' id='word_1_7' title='bbox 378 1121 441 1175; x_wconf 91' lang='lat' dir='ltr'><em>oct.</em></span> <span class='ocrx_word' id='word_1_8' title='bbox 461 1113 511 1174; x_wconf 83' lang='lat'><em>13.</em></span> <span class='ocrx_word' id='word_1_9' title='bbox 538 1113 687 1176; x_wconf 76' lang='lat' dir='ltr'><em>Demeter</em></span> <span class='ocrx_word' id='word_1_10' title='bbox 718 1114 779 1178; x_wconf 71' lang='lat' dir='ltr'><em>lein.</em></span> <span class='ocrx_word' id='word_1_11' title='bbox 806 1113 1039 1178; x_wconf 65' lang='lat' dir='ltr'><em>terracmam·</em></span> <span class='ocrx_word' id='word_1_12' title='bbox 1064 1139 1085 1178; x_wconf 86' lang='lat' dir='ltr'><em>a</em></span> <span class='ocrx_word' id='word_1_13' title='bbox 1102 1114 1213 1199; x_wconf 75' lang='lat' dir='ltr'><em>leirdly</em></span> 
     </span>
    </p>

    <p class='ocr_par' dir='ltr' id='par_1_4' title="bbox 91 1219 1207 1306">
     <span class='ocr_line' id='line_1_4' title="bbox 91 1219 1207 1306; baseline 0.002 -24"><span class='ocrx_word' id='word_1_14' title='bbox 91 1219 341 1304; x_wconf 76' lang='lat' dir='ltr'><em>helyetteseke&#39;peu</em></span> <span class='ocrx_word' id='word_1_15' title='bbox 366 1221 480 1282; x_wconf 80' lang='lat' dir='ltr'><em>hdr-om</em></span> <span class='ocrx_word' id='word_1_16' title='bbox 504 1223 673 1306; x_wconf 74' lang='lat' dir='ltr'><em>odrmepye</em></span> <span class='ocrx_word' id='word_1_17' title='bbox 698 1221 836 1285; x_wconf 74' lang='lat' dir='ltr'><em>rdsze&#39;rdl</em></span> <span class='ocrx_word' id='word_1_18' title='bbox 861 1221 1044 1306; x_wconf 73' lang='lat' dir='ltr'><em>hdzgpr&#39;tlest</em></span> <span class='ocrx_word' id='word_1_19' title='bbox 1074 1227 1207 1285; x_wconf 82' lang='lat' dir='ltr'><em>tartvo&#39;a</em></span> 
     </span>
    </p>

    <p class='ocr_par' dir='ltr' id='par_1_5' title="bbox 92 1324 1211 1520">
     <span class='ocr_line' id='line_1_5' title="bbox 92 1324 1211 1416; baseline 0.004 -26"><span class='ocrx_word' id='word_1_20' title='bbox 92 1324 220 1412; x_wconf 67' lang='lat' dir='ltr'><em>Angelus</em></span> <span class='ocrx_word' id='word_1_21' title='bbox 235 1328 390 1391; x_wconf 72' lang='lat' dir='ltr'><em>humaret</em></span> <span class='ocrx_word' id='word_1_22' title='bbox 401 1325 482 1413; x_wconf 72' lang='lat' dir='ltr'><em>gro&#39;f</em></span> <span class='ocrx_word' id='word_1_23' title='bbox 494 1349 574 1390; x_wconf 72' lang='lat' dir='ltr'><em>asoa</em></span> <span class='ocrx_word' id='word_1_24' title='bbox 586 1350 735 1412; x_wconf 78' lang='lat' dir='ltr'><em>pana-sao</em></span> <span class='ocrx_word' id='word_1_25' title='bbox 742 1328 857 1416; x_wconf 76' lang='lat' dir='ltr'><em>fo&#39;ldtt,</em></span> <span class='ocrx_word' id='word_1_26' title='bbox 868 1331 950 1413; x_wconf 74' lang='lat' dir='ltr'><em>kopp</em></span> <span class='ocrx_word' id='word_1_27' title='bbox 966 1329 1102 1414; x_wconf 79' lang='lat' dir='ltr'><em>azolpdit</em></span> <span class='ocrx_word' id='word_1_28' title='bbox 1119 1331 1211 1394; x_wconf 80' lang='lat' dir='ltr'><em>leire-</em></span> 
     </span>
     <span class='ocr_line' id='line_1_6' title="bbox 351 1434 954 1520; baseline 0.002 -22"><span class='ocrx_word' id='word_1_29' title='bbox 351 1435 467 1517; x_wconf 62' lang='lat' dir='ltr'><em>boltrst,</em></span> <span class='ocrx_word' id='word_1_30' title='bbox 493 1459 514 1498; x_wconf 87' lang='lat' dir='ltr'><em>a</em></span> <span class='ocrx_word' id='word_1_31' title='bbox 530 1434 734 1500; x_wconf 78' lang='lat' dir='ltr'><em>oddlottcleat</em></span> <span class='ocrx_word' id='word_1_32' title='bbox 748 1437 954 1520; x_wconf 74' lang='lat' dir='ltr'><em>lra&#39;hallgatja.</em></span> 
     </span>
    </p>
   </div>
   <div class='ocr_carea' id='block_1_4' title="bbox 92 1595 1219 3420">
    <p class='ocr_par' dir='ltr' id='par_1_6' title="bbox 92 1595 1219 3420">
     <span class='ocr_line' id='line_1_7' title="bbox 190 1595 1213 1680; baseline 0 -19"><span class='ocrx_word' id='word_1_33' title='bbox 190 1596 258 1664; x_wconf 88' lang='lat' dir='ltr'><em>Nos</em></span> <span class='ocrx_word' id='word_1_34' title='bbox 294 1597 484 1662; x_wconf 87' lang='lat' dir='ltr'><em>Demetrius</em></span> <span class='ocrx_word' id='word_1_35' title='bbox 514 1596 669 1679; x_wconf 88' lang='lat' dir='ltr'><em>magister</em></span> <span class='ocrx_word' id='word_1_36' title='bbox 694 1595 955 1661; x_wconf 86' lang='lat' dir='ltr'><em>thavernicorum</em></span> <span class='ocrx_word' id='word_1_37' title='bbox 981 1597 1102 1661; x_wconf 87' lang='lat' dir='ltr'><em>domini</em></span> <span class='ocrx_word' id='word_1_38' title='bbox 1127 1598 1213 1680; x_wconf 89' lang='lat' dir='ltr'><em>regis</em></span> 
     </span>
     <span class='ocr_line' id='line_1_8' title="bbox 92 1701 1207 1790; baseline -0.001 -20"><span class='ocrx_word' id='word_1_39' title='bbox 92 1729 126 1770; x_wconf 90' lang='lat' dir='ltr'><em>ao</em></span> <span class='ocrx_word' id='word_1_40' title='bbox 137 1707 168 1770; x_wconf 91' lang='lat' dir='ltr'><em>in</em></span> <span class='ocrx_word' id='word_1_41' title='bbox 184 1704 286 1770; x_wconf 87' lang='lat' dir='ltr'><em>tribus</em></span> <span class='ocrx_word' id='word_1_42' title='bbox 302 1704 510 1770; x_wconf 85' lang='lat' dir='ltr'><em>comitatibus</em></span> <span class='ocrx_word' id='word_1_43' title='bbox 525 1704 649 1769; x_wconf 89' lang='lat' dir='ltr'><em>seilicet</em></span> <span class='ocrx_word' id='word_1_44' title='bbox 665 1701 826 1770; x_wconf 88' lang='lat' dir='ltr'><em>Zathmar</em></span> <span class='ocrx_word' id='word_1_45' title='bbox 850 1703 962 1790; x_wconf 86' lang='lat' dir='ltr'><em>Byhor</em></span> <span class='ocrx_word' id='word_1_46' title='bbox 988 1711 1021 1770; x_wconf 89' lang='lat' dir='ltr'><em>et</em></span> <span class='ocrx_word' id='word_1_47' title='bbox 1039 1703 1207 1770; x_wconf 88' lang='lat' dir='ltr'><em>Zoboulch</em></span> 
     </span>
     <span class='ocr_line' id='line_1_9' title="bbox 93 1812 1212 1898; baseline 0.003 -22"><span class='ocrx_word' id='word_1_48' title='bbox 93 1816 154 1879; x_wconf 84' lang='lat' dir='ltr'><em>ricc</em></span> <span class='ocrx_word' id='word_1_49' title='bbox 168 1815 253 1897; x_wconf 87' lang='lat' dir='ltr'><em>regie</em></span> <span class='ocrx_word' id='word_1_50' title='bbox 268 1833 406 1897; x_wconf 89' lang='lat' dir='ltr'><em>persone</em></span> <span class='ocrx_word' id='word_1_51' title='bbox 431 1812 529 1878; x_wconf 83' lang='lat' dir='ltr'><em>iudex</em></span> <span class='ocrx_word' id='word_1_52' title='bbox 553 1834 612 1896; x_wconf 89' lang='lat' dir='ltr'><em>pro</em></span> <span class='ocrx_word' id='word_1_53' title='bbox 638 1819 782 1897; x_wconf 91' lang='lat' dir='ltr'><em>tempore</em></span> <span class='ocrx_word' id='word_1_54' title='bbox 809 1814 1005 1878; x_wconf 88' lang='lat' dir='ltr'><em>constitutus</em></span> <span class='ocrx_word' id='word_1_55' title='bbox 1021 1814 1135 1879; x_wconf 88' lang='lat' dir='ltr'><em>damus</em></span> <span class='ocrx_word' id='word_1_56' title='bbox 1151 1835 1212 1898; x_wconf 91' lang='lat' dir='ltr'><em>pro</em></span> 
     </span>
     <span class='ocr_line' id='line_1_10' title="bbox 93 1921 1212 2006; baseline 0.001 -19"><span class='ocrx_word' id='word_1_57' title='bbox 93 1923 234 1988; x_wconf 86' lang='lat' dir='ltr'><em>memoria</em></span> <span class='ocrx_word' id='word_1_58' title='bbox 255 1921 344 2006; x_wconf 91' lang='lat' dir='ltr'><em>quod</em></span> <span class='ocrx_word' id='word_1_59' title='bbox 375 1943 448 1987; x_wconf 89' lang='lat' dir='ltr'><em>cum</em></span> <span class='ocrx_word' id='word_1_60' title='bbox 479 1943 538 1987; x_wconf 87' lang='lat' dir='ltr'><em>nos</em></span> <span class='ocrx_word' id='word_1_61' title='bbox 564 1923 850 2006; x_wconf 82' lang='lat' dir='ltr'><em>congregacionem</em></span> <span class='ocrx_word' id='word_1_62' title='bbox 876 1921 1061 2004; x_wconf 80' lang='lat' dir='ltr'><em>generalem</em></span> <span class='ocrx_word' id='word_1_63' title='bbox 1085 1921 1212 1988; x_wconf 87' lang='lat' dir='ltr'><em>fecisse-</em></span> 
     </span>
     <span class='ocr_line' id='line_1_11' title="bbox 94 2027 1211 2116; baseline -0.001 -19"><span class='ocrx_word' id='word_1_64' title='bbox 94 2054 157 2097; x_wconf 85' lang='lat' dir='ltr'><em>mus</em></span> <span class='ocrx_word' id='word_1_65' title='bbox 173 2053 341 2115; x_wconf 79' lang='lat' dir='ltr'><em>assurgens</em></span> <span class='ocrx_word' id='word_1_66' title='bbox 357 2031 482 2096; x_wconf 90' lang='lat' dir='ltr'><em>Paulus</em></span> <span class='ocrx_word' id='word_1_67' title='bbox 499 2032 664 2096; x_wconf 88' lang='lat' dir='ltr'><em>litteratus</em></span> <span class='ocrx_word' id='word_1_68' title='bbox 680 2054 740 2116; x_wconf 88' lang='lat' dir='ltr'><em>pro</em></span> <span class='ocrx_word' id='word_1_69' title='bbox 765 2032 921 2115; x_wconf 88' lang='lat' dir='ltr'><em>magistro</em></span> <span class='ocrx_word' id='word_1_70' title='bbox 946 2027 1077 2115; x_wconf 83' lang='lat' dir='ltr'><em>Angelo</em></span> <span class='ocrx_word' id='word_1_71' title='bbox 1095 2033 1211 2096; x_wconf 81' lang='lat' dir='ltr'><em>comite</em></span> 
     </span>
     <span class='ocr_line' id='line_1_12' title="bbox 95 2139 1212 2226; baseline 0 -20"><span class='ocrx_word' id='word_1_72' title='bbox 95 2163 284 2208; x_wconf 83' lang='lat' dir='ltr'><em>camerarum</em></span> <span class='ocrx_word' id='word_1_73' title='bbox 309 2142 391 2206; x_wconf 82' lang='lat' dir='ltr'><em>dixit</em></span> <span class='ocrx_word' id='word_1_74' title='bbox 409 2141 495 2224; x_wconf 90' lang='lat' dir='ltr'><em>quod</em></span> <span class='ocrx_word' id='word_1_75' title='bbox 511 2142 596 2206; x_wconf 89' lang='lat' dir='ltr'><em>inter</em></span> <span class='ocrx_word' id='word_1_76' title='bbox 621 2142 716 2206; x_wconf 85' lang='lat' dir='ltr'><em>villas</em></span> <span class='ocrx_word' id='word_1_77' title='bbox 733 2139 829 2207; x_wconf 83' lang='lat' dir='ltr'><em>Oallo</em></span> <span class='ocrx_word' id='word_1_78' title='bbox 856 2148 889 2207; x_wconf 91' lang='lat' dir='ltr'><em>et</em></span> <span class='ocrx_word' id='word_1_79' title='bbox 915 2139 1056 2226; x_wconf 80' lang='lat' dir='ltr'><em>Symyan</em></span> <span class='ocrx_word' id='word_1_80' title='bbox 1072 2141 1212 2207; x_wconf 88' lang='lat' dir='ltr'><em>famulos</em></span> 
     </span>
     <span class='ocr_line' id='line_1_13' title="bbox 95 2235 1213 2334; baseline 0.003 -21"><span class='ocrx_word' id='word_1_81' title='bbox 95 2250 224 2314; x_wconf 89' lang='lat' dir='ltr'><em>eiusdem</em></span> <span class='ocrx_word' id='word_1_82' title='bbox 243 2251 368 2314; x_wconf 87' lang='lat' dir='ltr'><em>comitis</em></span> <span class='ocrx_word' id='word_1_83' title='bbox 395 2271 523 2315; x_wconf 88' lang='lat' dir='ltr'><em>camere</em></span> <span class='ocrx_word' id='word_1_84' title='bbox 549 2251 741 2333; x_wconf 83' lang='lat' dir='ltr'><em>spoliassent</em></span> <span class='ocrx_word' id='word_1_85' title='bbox 766 2248 805 2314; x_wconf 91' lang='lat' dir='ltr'><em>de</em></span> <span class='ocrx_word' id='word_1_86' title='bbox 831 2249 949 2332; x_wconf 91' lang='lat' dir='ltr'><em>quibus</em></span> <span class='ocrx_word' id='word_1_87' title='bbox 975 2235 1213 2334; x_wconf 80' lang='lat' dir='ltr'><em>quinquaginta</em></span> 
     </span>
     <span class='ocr_line' id='line_1_14' title="bbox 95 2357 1214 2442; baseline 0.001 -21"><span class='ocrx_word' id='word_1_88' title='bbox 95 2379 208 2422; x_wconf 87' lang='lat' dir='ltr'><em>marcas</em></span> <span class='ocrx_word' id='word_1_89' title='bbox 224 2358 430 2423; x_wconf 89' lang='lat' dir='ltr'><em>denariorum</em></span> <span class='ocrx_word' id='word_1_90' title='bbox 446 2363 521 2442; x_wconf 90' lang='lat' dir='ltr'><em>post</em></span> <span class='ocrx_word' id='word_1_91' title='bbox 546 2365 676 2424; x_wconf 85' lang='lat' dir='ltr'><em>octavas</em></span> <span class='ocrx_word' id='word_1_92' title='bbox 692 2358 780 2423; x_wconf 88' lang='lat' dir='ltr'><em>beati</em></span> <span class='ocrx_word' id='word_1_93' title='bbox 797 2358 970 2424; x_wconf 83' lang='lat' dir='ltr'><em>Michaelis</em></span> <span class='ocrx_word' id='word_1_94' title='bbox 996 2357 1214 2441; x_wconf 84' lang='lat' dir='ltr'><em>abstulissent,</em></span> 
     </span>
     <span class='ocr_line' id='line_1_15' title="bbox 96 2464 1216 2549; baseline 0 -19"><span class='ocrx_word' id='word_1_95' title='bbox 96 2472 308 2549; x_wconf 83' lang='lat' dir='ltr'><em>contraquam</em></span> <span class='ocrx_word' id='word_1_96' title='bbox 325 2467 457 2531; x_wconf 78' lang='lat' dir='ltr'><em>comites</em></span> <span class='ocrx_word' id='word_1_97' title='bbox 473 2464 650 2530; x_wconf 86' lang='lat' dir='ltr'><em>Ladislaus</em></span> <span class='ocrx_word' id='word_1_98' title='bbox 677 2473 709 2532; x_wconf 90' lang='lat' dir='ltr'><em>et</em></span> <span class='ocrx_word' id='word_1_99' title='bbox 734 2466 879 2531; x_wconf 90' lang='lat' dir='ltr'><em>Michael</em></span> <span class='ocrx_word' id='word_1_100' title='bbox 903 2465 962 2531; x_wconf 92' lang='lat' dir='ltr'><em>filii</em></span> <span class='ocrx_word' id='word_1_101' title='bbox 986 2465 1159 2530; x_wconf 86' lang='lat' dir='ltr'><em>Michaelis</em></span> <span class='ocrx_word' id='word_1_102' title='bbox 1183 2473 1216 2530; x_wconf 87' lang='lat' dir='ltr'><em>et</em></span> 
     </span>
     <span class='ocr_line' id='line_1_16' title="bbox 94 2574 1212 2659; baseline -0.002 -19"><span class='ocrx_word' id='word_1_103' title='bbox 94 2575 250 2640; x_wconf 89' lang='lat' dir='ltr'><em>Johannes</em></span> <span class='ocrx_word' id='word_1_104' title='bbox 282 2575 388 2640; x_wconf 90' lang='lat' dir='ltr'><em>dictus</em></span> <span class='ocrx_word' id='word_1_105' title='bbox 404 2574 532 2658; x_wconf 84' lang='lat' dir='ltr'><em>Longel</em></span> <span class='ocrx_word' id='word_1_106' title='bbox 548 2574 673 2640; x_wconf 87' lang='lat' dir='ltr'><em>nobiles</em></span> <span class='ocrx_word' id='word_1_107' title='bbox 690 2575 730 2640; x_wconf 89' lang='lat' dir='ltr'><em>de</em></span> <span class='ocrx_word' id='word_1_108' title='bbox 747 2574 880 2659; x_wconf 83' lang='lat' dir='ltr'><em>Symian</em></span> <span class='ocrx_word' id='word_1_109' title='bbox 901 2574 1026 2658; x_wconf 88' lang='lat' dir='ltr'><em>Magna</em></span> <span class='ocrx_word' id='word_1_110' title='bbox 1051 2574 1212 2658; x_wconf 89' lang='lat' dir='ltr'><em>surgendo</em></span> 
     </span>
     <span class='ocr_line' id='line_1_17' title="bbox 94 2683 1212 2768; baseline -0.001 -20"><span class='ocrx_word' id='word_1_111' title='bbox 94 2684 235 2750; x_wconf 81' lang='lat' dir='ltr'><em>dixerunt</em></span> <span class='ocrx_word' id='word_1_112' title='bbox 252 2683 338 2768; x_wconf 91' lang='lat' dir='ltr'><em>quod</em></span> <span class='ocrx_word' id='word_1_113' title='bbox 354 2685 418 2768; x_wconf 92' lang='lat' dir='ltr'><em>ipsi</em></span> <span class='ocrx_word' id='word_1_114' title='bbox 433 2705 470 2748; x_wconf 91' lang='lat' dir='ltr'><em>eo</em></span> <span class='ocrx_word' id='word_1_115' title='bbox 487 2690 632 2768; x_wconf 88' lang='lat' dir='ltr'><em>tempore</em></span> <span class='ocrx_word' id='word_1_116' title='bbox 648 2685 682 2749; x_wconf 92' lang='lat' dir='ltr'><em>in</em></span> <span class='ocrx_word' id='word_1_117' title='bbox 708 2685 961 2768; x_wconf 84' lang='lat' dir='ltr'><em>congregacione</em></span> <span class='ocrx_word' id='word_1_118' title='bbox 987 2689 1100 2750; x_wconf 87' lang='lat' dir='ltr'><em>nostra</em></span> <span class='ocrx_word' id='word_1_119' title='bbox 1116 2684 1212 2768; x_wconf 90' lang='lat' dir='ltr'><em>quili-</em></span> 
     </span>
     <span class='ocr_line' id='line_1_18' title="bbox 94 2791 1214 2878; baseline 0 -21"><span class='ocrx_word' id='word_1_120' title='bbox 94 2793 144 2858; x_wconf 90' lang='lat' dir='ltr'><em>bet</em></span> <span class='ocrx_word' id='word_1_121' title='bbox 167 2815 275 2858; x_wconf 90' lang='lat' dir='ltr'><em>eorum</em></span> <span class='ocrx_word' id='word_1_122' title='bbox 300 2793 515 2878; x_wconf 84' lang='lat' dir='ltr'><em>personaliter</em></span> <span class='ocrx_word' id='word_1_123' title='bbox 530 2791 666 2858; x_wconf 84' lang='lat' dir='ltr'><em>luissent</em></span> <span class='ocrx_word' id='word_1_124' title='bbox 682 2792 769 2876; x_wconf 90' lang='lat' dir='ltr'><em>quod</em></span> <span class='ocrx_word' id='word_1_125' title='bbox 793 2814 852 2858; x_wconf 91' lang='lat' dir='ltr'><em>nos</em></span> <span class='ocrx_word' id='word_1_126' title='bbox 880 2794 980 2859; x_wconf 86' lang='lat' dir='ltr'><em>eciam</em></span> <span class='ocrx_word' id='word_1_127' title='bbox 998 2791 1214 2857; x_wconf 88' lang='lat' dir='ltr'><em>certificamus</em></span> 
     </span>
     <span class='ocr_line' id='line_1_19' title="bbox 92 2899 1216 2984; baseline 0.002 -20"><span class='ocrx_word' id='word_1_128' title='bbox 92 2901 130 2964; x_wconf 85' lang='lat' dir='ltr'><em>ad</em></span> <span class='ocrx_word' id='word_1_129' title='bbox 145 2901 460 2984; x_wconf 88' lang='lat' dir='ltr'><em>quodcomesPeteu</em></span> <span class='ocrx_word' id='word_1_130' title='bbox 473 2901 513 2965; x_wconf 92' lang='lat' dir='ltr'><em>de</em></span> <span class='ocrx_word' id='word_1_131' title='bbox 525 2899 683 2966; x_wconf 88' lang='lat' dir='ltr'><em>Zathmar</em></span> <span class='ocrx_word' id='word_1_132' title='bbox 699 2900 797 2965; x_wconf 89' lang='lat' dir='ltr'><em>iurati</em></span> <span class='ocrx_word' id='word_1_133' title='bbox 808 2907 840 2966; x_wconf 91' lang='lat' dir='ltr'><em>et</em></span> <span class='ocrx_word' id='word_1_134' title='bbox 856 2901 994 2965; x_wconf 84' lang='lat' dir='ltr'><em>universi</em></span> <span class='ocrx_word' id='word_1_135' title='bbox 1006 2901 1132 2966; x_wconf 90' lang='lat' dir='ltr'><em>nobiles</em></span> <span class='ocrx_word' id='word_1_136' title='bbox 1143 2922 1216 2966; x_wconf 90' lang='lat' dir='ltr'><em>cum</em></span> 
     </span>
     <span class='ocr_line' id='line_1_20' title="bbox 93 3009 1215 3094; baseline 0 -20"><span class='ocrx_word' id='word_1_137' title='bbox 93 3017 224 3093; x_wconf 89' lang='lat' dir='ltr'><em>quatuor</em></span> <span class='ocrx_word' id='word_1_138' title='bbox 238 3010 398 3076; x_wconf 89' lang='lat' dir='ltr'><em>iudicibus</em></span> <span class='ocrx_word' id='word_1_139' title='bbox 415 3009 630 3076; x_wconf 89' lang='lat' dir='ltr'><em>assessoribus</em></span> <span class='ocrx_word' id='word_1_140' title='bbox 647 3011 774 3075; x_wconf 87' lang='lat' dir='ltr'><em>iusticie</em></span> <span class='ocrx_word' id='word_1_141' title='bbox 800 3009 970 3074; x_wconf 88' lang='lat' dir='ltr'><em>nobiseum</em></span> <span class='ocrx_word' id='word_1_142' title='bbox 987 3015 1066 3074; x_wconf 90' lang='lat' dir='ltr'><em>tune</em></span> <span class='ocrx_word' id='word_1_143' title='bbox 1081 3033 1140 3094; x_wconf 89' lang='lat' dir='ltr'><em>pro</em></span> <span class='ocrx_word' id='word_1_144' title='bbox 1158 3011 1215 3074; x_wconf 86' lang='lat' dir='ltr'><em>tri-</em></span> 
     </span>
     <span class='ocr_line' id='line_1_21' title="bbox 92 3116 1219 3203; baseline 0.002 -22"><span class='ocrx_word' id='word_1_145' title='bbox 92 3117 197 3183; x_wconf 88' lang='lat' dir='ltr'><em>bunali</em></span> <span class='ocrx_word' id='word_1_146' title='bbox 214 3119 361 3184; x_wconf 88' lang='lat' dir='ltr'><em>sedentes</em></span> <span class='ocrx_word' id='word_1_147' title='bbox 376 3119 410 3183; x_wconf 91' lang='lat' dir='ltr'><em>in</em></span> <span class='ocrx_word' id='word_1_148' title='bbox 427 3120 682 3203; x_wconf 77' lang='lat' dir='ltr'><em>congregacione</em></span> <span class='ocrx_word' id='word_1_149' title='bbox 707 3117 804 3182; x_wconf 88' lang='lat' dir='ltr'><em>fuisse</em></span> <span class='ocrx_word' id='word_1_150' title='bbox 825 3116 1031 3183; x_wconf 85' lang='lat' dir='ltr'><em>affirmarunt</em></span> <span class='ocrx_word' id='word_1_151' title='bbox 1057 3125 1089 3183; x_wconf 89' lang='lat' dir='ltr'><em>et</em></span> <span class='ocrx_word' id='word_1_152' title='bbox 1115 3119 1219 3184; x_wconf 91' lang='lat' dir='ltr'><em>nichil</em></span> 
     </span>
     <span class='ocr_line' id='line_1_22' title="bbox 93 3225 1217 3310; baseline 0.001 -22"><span class='ocrx_word' id='word_1_153' title='bbox 93 3226 165 3289; x_wconf 90' lang='lat' dir='ltr'><em>mali</em></span> <span class='ocrx_word' id='word_1_154' title='bbox 180 3226 221 3290; x_wconf 93' lang='lat' dir='ltr'><em>ad</em></span> <span class='ocrx_word' id='word_1_155' title='bbox 237 3247 291 3290; x_wconf 90' lang='lat' dir='ltr'><em>eos</em></span> <span class='ocrx_word' id='word_1_156' title='bbox 307 3225 512 3291; x_wconf 85' lang='lat' dir='ltr'><em>audivissent.</em></span> <span class='ocrx_word' id='word_1_157' title='bbox 530 3225 653 3291; x_wconf 78' lang='lat' dir='ltr'><em>Datum</em></span> <span class='ocrx_word' id='word_1_158' title='bbox 663 3229 697 3291; x_wconf 90' lang='lat' dir='ltr'><em>in</em></span> <span class='ocrx_word' id='word_1_159' title='bbox 714 3225 883 3310; x_wconf 86' lang='lat' dir='ltr'><em>Zathmar,</em></span> <span class='ocrx_word' id='word_1_160' title='bbox 893 3227 927 3290; x_wconf 91' lang='lat' dir='ltr'><em>in</em></span> <span class='ocrx_word' id='word_1_161' title='bbox 947 3225 1119 3308; x_wconf 88' lang='lat' dir='ltr'><em>quindenis</em></span> <span class='ocrx_word' id='word_1_162' title='bbox 1128 3225 1217 3291; x_wconf 88' lang='lat' dir='ltr'><em>beati</em></span> 
     </span>
     <span class='ocr_line' id='line_1_23' title="bbox 92 3330 1024 3420; baseline 0.004 -24"><span class='ocrx_word' id='word_1_163' title='bbox 92 3330 265 3418; x_wconf 87' lang='lat' dir='ltr'><em>Michaelis,</em></span> <span class='ocrx_word' id='word_1_164' title='bbox 283 3355 367 3403; x_wconf 89' lang='lat' dir='ltr'><em>anno</em></span> <span class='ocrx_word' id='word_1_165' title='bbox 384 3336 506 3402; x_wconf 91' lang='lat' dir='ltr'><em>domini</em></span> <span class='ocrx_word' id='word_1_166' title='bbox 523 3335 576 3400; x_wconf 82' lang='grc' dir='ltr'><em>Μ0</em></span> <span class='ocrx_word' id='word_1_167' title='bbox 593 3333 694 3403; x_wconf 80' lang='grc' dir='ltr'><em>000ο</em></span> <span class='ocrx_word' id='word_1_168' title='bbox 709 3336 863 3420; x_wconf 84' lang='lat' dir='ltr'><em>vigesimo</em></span> <span class='ocrx_word' id='word_1_169' title='bbox 880 3335 1024 3419; x_wconf 88' lang='lat' dir='ltr'><em>septimo.</em></span> 
     </span>
    </p>
   </div>
   <div class='ocr_carea' id='block_1_5' title="bbox 92 3498 1213 3654">
    <p class='ocr_par' dir='ltr' id='par_1_7' title="bbox 92 3498 1213 3654">
     <span class='ocr_line' id='line_1_24' title="bbox 193 3498 1213 3566; baseline -0.001 -19"><span class='ocrx_word' id='word_1_170' title='bbox 193 3499 319 3564; x_wconf 74' lang='lat' dir='ltr'><em>Paphon,</em></span> <span class='ocrx_word' id='word_1_171' title='bbox 342 3500 486 3564; x_wconf 74' lang='lat' dir='ltr'><em>lratlapjrtu</em></span> <span class='ocrx_word' id='word_1_172' title='bbox 499 3500 597 3549; x_wconf 78' lang='lat' dir='ltr'><em>harum</em></span> <span class='ocrx_word' id='word_1_173' title='bbox 609 3501 696 3550; x_wconf 85' lang='lat' dir='ltr'><em>barna</em></span> <span class='ocrx_word' id='word_1_174' title='bbox 710 3499 738 3549; x_wconf 74' lang='lat' dir='ltr'><em>ts</em></span> <span class='ocrx_word' id='word_1_175' title='bbox 751 3515 803 3566; x_wconf 82' lang='lat' dir='ltr'><em>egy</em></span> <span class='ocrx_word' id='word_1_176' title='bbox 818 3501 897 3549; x_wconf 77' lang='lat' dir='ltr'><em>vor-os</em></span> <span class='ocrx_word' id='word_1_177' title='bbox 912 3498 1135 3562; x_wconf 75' lang='lat' dir='ltr'><em>viaszpecsette13</em></span> <span class='ocrx_word' id='word_1_178' title='bbox 1156 3511 1213 3546; x_wconf 88' lang='lat' dir='ltr'><em>ere·</em></span> 
     </span>
     <span class='ocr_line' id='line_1_25' title="bbox 92 3587 1055 3654; baseline 0.002 -20"><span class='ocrx_word' id='word_1_179' title='bbox 92 3587 172 3652; x_wconf 82' lang='lat' dir='ltr'><em>‹letlje</em></span> <span class='ocrx_word' id='word_1_180' title='bbox 193 3590 254 3639; x_wconf 82' lang='lat' dir='ltr'><em>aN.</em></span> <span class='ocrx_word' id='word_1_181' title='bbox 268 3591 461 3652; x_wconf 83' lang='lat' dir='ltr'><em>Muzeumban‚</em></span> <span class='ocrx_word' id='word_1_182' title='bbox 475 3605 491 3640; x_wconf 87' lang='lat' dir='ltr'><em>a</em></span> <span class='ocrx_word' id='word_1_183' title='bbox 504 3589 605 3654; x_wconf 74' lang='lat' dir='ltr'><em>Kallay</em></span> <span class='ocrx_word' id='word_1_184' title='bbox 627 3605 663 3640; x_wconf 90' lang='lat' dir='ltr'><em>cs.</em></span> <span class='ocrx_word' id='word_1_185' title='bbox 678 3590 751 3640; x_wconf 88' lang='lat' dir='ltr'><em>lban.</em></span> <span class='ocrx_word' id='word_1_186' title='bbox 765 3589 863 3639; x_wconf 78' lang='lat' dir='ltr'><em>Kozri:</em></span> <span class='ocrx_word' id='word_1_187' title='bbox 884 3588 1009 3653; x_wconf 72' lang='lat' dir='ltr'><em>Taganyi</em></span> <span class='ocrx_word' id='word_1_188' title='bbox 1022 3589 1055 3637; x_wconf 90' lang='lat' dir='ltr'><em>K.</em></span> 
     </span>
    </p>
   </div>
   <div class='ocr_carea' id='block_1_6' title="bbox 89 4117 1219 4346">
    <p class='ocr_par' dir='ltr' id='par_1_8' title="bbox 89 4117 1219 4346">
     <span class='ocr_line' id='line_1_26' title="bbox 92 4117 1219 4236; baseline 0.001 -26"><span class='ocrx_word' id='word_1_189' title='bbox 92 4149 183 4214; x_wconf 80' lang='lat'><em>1327.</em></span> <span class='ocrx_word' id='word_1_190' title='bbox 207 4151 372 4236; x_wconf 73' lang='lat' dir='ltr'><em>Visepra&#39;d,</em></span> <span class='ocrx_word' id='word_1_191' title='bbox 388 4160 445 4214; x_wconf 90' lang='lat' dir='ltr'><em>oct.</em></span> <span class='ocrx_word' id='word_1_192' title='bbox 456 4152 508 4214; x_wconf 84' lang='lat'><em>21.</em></span> <span class='ocrx_word' id='word_1_193' title='bbox 522 4149 653 4216; x_wconf 73' lang='lat' dir='ltr'><em>Stator</em></span> <span class='ocrx_word' id='word_1_194' title='bbox 663 4151 850 4235; x_wconf 70' lang='lat' dir='ltr'><em>orszdpde&#39;rd</em></span> <span class='ocrx_word' id='word_1_195' title='bbox 868 4175 889 4214; x_wconf 90' lang='grc' dir='ltr'><em>α</em></span> <span class='ocrx_word' id='word_1_196' title='bbox 905 4147 1072 4232; x_wconf 75' lang='lat' dir='ltr'><em>Beruaolelfl</em></span> <span class='ocrx_word' id='word_1_197' title='bbox 1083 4117 1219 4212; x_wconf 67' lang='lat' dir='ltr'><em>Laetare</em></span> 
     </span>
     <span class='ocr_line' id='line_1_27' title="bbox 89 4257 1218 4346; baseline -0.002 -25"><span class='ocrx_word' id='word_1_198' title='bbox 89 4259 119 4321; x_wconf 88' lang='lat' dir='ltr'><em>e&#39;s</em></span> <span class='ocrx_word' id='word_1_199' title='bbox 130 4257 366 4346; x_wconf 76' lang='lat' dir='ltr'><em>Szeatrne&#39;ho&#39;lyi</em></span> <span class='ocrx_word' id='word_1_200' title='bbox 378 4260 505 4344; x_wconf 78' lang='lat' dir='ltr'><em>Miho&#39;lp</em></span> <span class='ocrx_word' id='word_1_201' title='bbox 515 4260 585 4325; x_wconf 78' lang='lat' dir='ltr'><em>toa</em></span> <span class='ocrx_word' id='word_1_202' title='bbox 592 4259 824 4346; x_wconf 79' lang='lat' dir='ltr'><em>folyamatdan</em></span> <span class='ocrx_word' id='word_1_203' title='bbox 837 4257 904 4322; x_wconf 80' lang='lat' dir='ltr'><em>levb&#39;</em></span> <span class='ocrx_word' id='word_1_204' title='bbox 914 4265 1009 4343; x_wconf 73' lang='lat' dir='ltr'><em>ltpyet</em></span> <span class='ocrx_word' id='word_1_205' title='bbox 1020 4257 1218 4339; x_wconf 77' lang='lat' dir='ltr'><em>ettalusztja.</em></span> 
     </span>
    </p>
   </div>
   <div class='ocr_carea' id='block_1_7' title="bbox 88 4417 1220 4832">
    <p class='ocr_par' dir='ltr' id='par_1_9' title="bbox 88 4417 1220 4832">
     <span class='ocr_line' id='line_1_28' title="bbox 193 4417 1219 4501; baseline -0.004 -15"><span class='ocrx_word' id='word_1_206' title='bbox 193 4420 263 4486; x_wconf 89' lang='lat' dir='ltr'><em>Nos</em></span> <span class='ocrx_word' id='word_1_207' title='bbox 279 4441 386 4487; x_wconf 89' lang='lat' dir='ltr'><em>comes</em></span> <span class='ocrx_word' id='word_1_208' title='bbox 402 4417 592 4486; x_wconf 85' lang='lat' dir='ltr'><em>Alexander</em></span> <span class='ocrx_word' id='word_1_209' title='bbox 608 4419 706 4485; x_wconf 84' lang='lat' dir='ltr'><em>iudex</em></span> <span class='ocrx_word' id='word_1_210' title='bbox 731 4420 818 4485; x_wconf 86' lang='lat' dir='ltr'><em>curie</em></span> <span class='ocrx_word' id='word_1_211' title='bbox 844 4419 964 4484; x_wconf 90' lang='lat' dir='ltr'><em>domini</em></span> <span class='ocrx_word' id='word_1_212' title='bbox 991 4419 1077 4501; x_wconf 89' lang='lat' dir='ltr'><em>regis</em></span> <span class='ocrx_word' id='word_1_213' title='bbox 1104 4417 1219 4482; x_wconf 90' lang='lat' dir='ltr'><em>damus</em></span> 
     </span>
     <span class='ocr_line' id='line_1_29' title="bbox 88 4526 1220 4615; baseline -0.004 -19"><span class='ocrx_word' id='word_1_214' title='bbox 88 4553 145 4615; x_wconf 90' lang='lat' dir='ltr'><em>pro</em></span> <span class='ocrx_word' id='word_1_215' title='bbox 161 4531 329 4614; x_wconf 87' lang='lat' dir='ltr'><em>memoria,</em></span> <span class='ocrx_word' id='word_1_216' title='bbox 346 4529 435 4614; x_wconf 89' lang='lat' dir='ltr'><em>quod</em></span> <span class='ocrx_word' id='word_1_217' title='bbox 452 4551 582 4595; x_wconf 86' lang='lat' dir='ltr'><em>causam</em></span> <span class='ocrx_word' id='word_1_218' title='bbox 609 4552 707 4613; x_wconf 74' lang='lat' dir='ltr'><em>qurum</em></span> <span class='ocrx_word' id='word_1_219' title='bbox 723 4529 925 4595; x_wconf 86' lang='lat' dir='ltr'><em>Laurencius</em></span> <span class='ocrx_word' id='word_1_220' title='bbox 950 4528 1037 4593; x_wconf 91' lang='lat' dir='ltr'><em>filius</em></span> <span class='ocrx_word' id='word_1_221' title='bbox 1052 4526 1220 4610; x_wconf 89' lang='lat' dir='ltr'><em>Bernoldy</em></span> 
     </span>
     <span class='ocr_line' id='line_1_30' title="bbox 88 4635 1219 4722; baseline -0.003 -19"><span class='ocrx_word' id='word_1_222' title='bbox 88 4661 142 4721; x_wconf 90' lang='lat' dir='ltr'><em>pro</em></span> <span class='ocrx_word' id='word_1_223' title='bbox 160 4660 227 4722; x_wconf 91' lang='lat' dir='ltr'><em>quo</em></span> <span class='ocrx_word' id='word_1_224' title='bbox 243 4637 267 4703; x_wconf 87' lang='lat' dir='ltr'><strong>J</strong></span> <span class='ocrx_word' id='word_1_225' title='bbox 270 4638 412 4706; x_wconf 87' lang='lat' dir='ltr'><em>ohannes</em></span> <span class='ocrx_word' id='word_1_226' title='bbox 438 4660 510 4704; x_wconf 88' lang='lat' dir='ltr'><em>cum</em></span> <span class='ocrx_word' id='word_1_227' title='bbox 535 4639 767 4722; x_wconf 86' lang='lat' dir='ltr'><em>procuratoriis</em></span> <span class='ocrx_word' id='word_1_228' title='bbox 792 4639 912 4703; x_wconf 89' lang='lat' dir='ltr'><em>litteris</em></span> <span class='ocrx_word' id='word_1_229' title='bbox 939 4637 1074 4722; x_wconf 88' lang='lat' dir='ltr'><em>capituli</em></span> <span class='ocrx_word' id='word_1_230' title='bbox 1091 4635 1219 4703; x_wconf 79' lang='lat' dir='ltr'><em>Chana-</em></span> 
     </span>
     <span class='ocr_line' id='line_1_31' title="bbox 88 4746 1215 4832; baseline -0.004 -18"><span class='ocrx_word' id='word_1_231' title='bbox 88 4748 205 4818; x_wconf 86' lang='lat' dir='ltr'><em>diensis</em></span> <span class='ocrx_word' id='word_1_232' title='bbox 223 4748 356 4820; x_wconf 79' lang='lat' dir='ltr'><em>ecclesie</em></span> <span class='ocrx_word' id='word_1_233' title='bbox 372 4747 477 4816; x_wconf 89' lang='lat' dir='ltr'><em>astitit</em></span> <span class='ocrx_word' id='word_1_234' title='bbox 500 4748 591 4818; x_wconf 87' lang='lat' dir='ltr'><em>iuxta</em></span> <span class='ocrx_word' id='word_1_235' title='bbox 608 4747 844 4818; x_wconf 85' lang='lat' dir='ltr'><em>continenciam</em></span> <span class='ocrx_word' id='word_1_236' title='bbox 860 4747 1005 4832; x_wconf 89' lang='lat' dir='ltr'><em>priorum</em></span> <span class='ocrx_word' id='word_1_237' title='bbox 1030 4746 1215 4816; x_wconf 77' lang='lat' dir='ltr'><em>litterarum</em></span> 
     </span>
    </p>
   </div>
   <div class='ocr_carea' id='block_1_8' title="bbox 0 0 1572 5470">
    <p class='ocr_par' dir='ltr' id='par_1_10' title="bbox 0 0 1572 5470">
     <span class='ocr_line' id='line_1_32' title="bbox 0 0 1572 5470; baseline 0 0"><span class='ocrx_word' id='word_1_238' title='bbox 0 0 1572 5470; x_wconf 95' lang='lat' dir='ltr'><em> </em></span> 
     </span>
    </p>
   </div>
  </div>
 </body>
</html>
