3152 5472
324 471 386 532 622
674 481 862 532 aurocnonr
878 472 1096 533 onmlnnrla.

321 650 391 732 han,
407 648 532 716 atinde
557 650 646 715 circa
670 647 802 715 eandem
827 647 1061 733 possessionem
1084 645 1274 714 Kormanus'
1290 646 1389 714 vadit
1421 643 1463 712 ad

320 758 460 845 primam
476 761 595 826 metam
613 755 699 826 unde
718 756 809 842 prius
833 754 1042 842 incipiebant.
1068 753 1196 824 Datum
1221 755 1360 824 sabbato
1390 776 1463 840 pro

321 869 407 936 ximo
428 871 503 935 ante
533 865 653 934 festum
673 865 865 934 Natiuitatis
895 865 1029 948 virginis
1059 865 1201 952 gloriose
1232 869 1460 952 prenotatam,

320 987 403 1045 anno
420 975 541 1044 domini
557 975 736 1044 Millesimo
753 971 853 1044 0000
870 973 1001 1042 XXX⁰
1029 975 1179 1044 secundo.

426 1142 452 1192 A
476 1140 681 1193 budalelhdrlzi
715 1139 887 1192 kereszteselr
913 1138 1061 1205 conrentje
1087 1137 1244 1204 perjelenek
1263 1137 1460 1191 Bertalannalr

323 1237 400 1284 1336.
411 1233 513 1299 januar
529 1231 609 1284 ll-tn
630 1232 699 1299 kelt,
721 1231 802 1296 Tyuk
824 1231 923 1282 Ternas
950 1233 1055 1282 mester
1076 1228 1130 1280 hir.
1157 1233 1322 1295 procurator
1343 1227 1461 1280 hortere

320 1323 431 1374 hiadott
443 1321 604 1387 dtiratabdl,
619 1322 748 1386 melynelr
761 1321 893 1388 eredetije
906 1334 1026 1386 magron
1040 1335 1072 1372 az
1085 1333 1154 1370 orsz.
1164 1320 1222 1370 ltin
1231 1319 1331 1371 kinost.
1343 1319 1459 1370 osth.

319 1413 353 1462 R.
377 1413 410 1462 Α.
426 1415 485 1464 681.
503 1416 542 1464 17.
557 1412 625 1478 dipl.
639 1412 712 1464 lton:
728 1415 806 1463 2747.
819 1411 918 1461 Kozli:
932 1409 1042 1461 Kovdcs
1055 1409 1088 1460 N.

804 1608 965 1617 ...2--a

852 1849 925 1912 530.

321 2011 417 2075 1332.
435 2004 532 2098 Epor,
549 2021 625 2096 sept.
642 2011 670 2076 7.
690 2009 797 2076 Jcinoc
814 2034 852 2075 aa
872 2011 1059 2108 craterpom‘i
1074 2006 1317 2096 Saena-Gporpy
1333 2011 1455 2095 applodo

318 2121 499 2204 prepoetp'a,
515 2121 586 2205 apri
600 2119 749 2185 kanonolc
765 2123 797 2184 c's
813 2143 851 2184 aa
867 2119 936 2204 apri
948 2119 1078 2204 pllepo'lc
1089 2118 1296 2204 hclytorlo'ju,
1308 2115 1457 2202 Scmjaai

320 2227 450 2312 Miho'lp
466 2228 660 2314 dzoeppdcclc
684 2226 813 2313 Mihrilp
828 2227 882 2310 fia
903 2226 1021 2291 Ldszlo'
1039 2229 1071 2292 e's
1097 2227 1206 2290 tcirsai
1231 2225 1329 2291 eMenc'
1356 2225 1454 2311 dpyct

789 2335 986 2421 elhalasztja.

426 2493 497 2562 Nos
520 2495 675 2581 magister
689 2495 715 2561 J
717 2494 859 2562 ohannes
875 2495 1058 2582 prepositus
1074 2493 1209 2561 ecclesie
1225 2494 1329 2560 sancti
1344 2491 1453 2562 Geor-

318 2602 363 2688 gii
375 2603 519 2669 martiris
535 2603 575 2669 de
591 2601 757 2687 Strigonio
774 2608 808 2670 et
824 2603 997 2671 canonicus
1013 2601 1148 2670 ecclesie
1164 2601 1337 2686 Agriensis
1353 2624 1454 2688 gene-

319 2711 397 2779 ralis
412 2713 551 2779 vicarius
566 2763 574 2778 .
591 2761 598 2779 .
622 2710 774 2778 Nicolai.
795 2761 802 2778 .
827 2712 969 2798 episcopi
983 2708 1154 2796 Agriensis
1179 2711 1290 2778 damus
1305 2733 1365 2797 pro
1386 2733 1454 2778 me·

317 2821 429 2906 moria,
445 2821 533 2906 quod
548 2843 606 2888 nos
617 2843 747 2888 causam
763 2842 861 2905 quam
871 2870 894 2886 ..
911 2820 1060 2888 relicta..
1076 2819 1249 2887 Michaelis
1259 2820 1299 2886 de
1310 2818 1452 2906 Semyen

318 2927 424 2996 Elone
439 2936 625 3016 nuncupata
641 2936 675 2998 et
690 2930 757 2996 filia
772 2929 914 2996 eiusdem
930 2979 937 2996 .
954 2979 961 2996 .
978 2951 1036 3014 pro
1054 2929 1170 3013 quibus
1196 2949 1303 2996 comes
1328 2927 1451 2996 Petrus

319 3037 424 3104 dictus
440 3037 480 3104 de
496 3035 664 3124 Sumugp.
681 3087 688 3104 .
705 3038 810 3105 astitit
826 3043 940 3104 contra
954 3036 1149 3104 ladislaum
1174 3035 1277 3104 filium
1301 3035 1450 3102 Michae-

317 3145 357 3211 lis
381 3146 459 3212 item
482 3145 656 3214 Nicolaum
682 3151 715 3212 et
738 3145 952 3216 Valentinum
977 3144 1061 3213 filios
1086 3143 1258 3212 Michaelis
1282 3144 1340 3210 filii
1369 3145 1449 3212 dicti

317 3255 500 3342 Michaelis,
516 3279 576 3342 pro
593 3256 709 3342 quibus
720 3306 745 3322 ..
765 3253 951 3342 Stephanus
966 3261 1074 3324 rector
1090 3257 1227 3323 ecclesie
1243 3255 1283 3322 de
1299 3253 1446 3342 Semper,

317 3365 397 3432 item
411 3363 530 3433 Petrus
548 3365 683 3432 clericus
700 3371 733 3432 et
748 3363 868 3432 Petrus
893 3366 1035 3433 serviens
1059 3366 1209 3449 magistri
1234 3364 1345 3431 David
1369 3367 1447 3453 lepi-

317 3478 393 3541 timi
417 3479 551 3542 termini
576 3487 771 3543 accentores
797 3480 1050 3560 comparuerunt
1071 3475 1107 3540 in
1138 3475 1310 3559 quindenis
1341 3474 1445 3540 sancti

316 3583 403 3668 regis
419 3631 444 3650 ..
459 3581 625 3650 habebant
640 3603 750 3650 coram
765 3582 867 3666 nobis,
883 3581 926 3648 ad
941 3582 1121 3667 quindenas
1137 3581 1331 3649 Nativitatis
1346 3582 1444 3664 virgi-

314 3691 365 3757 nis
385 3739 417 3758 ..
459 3690 609 3758 duximus
640 3690 683 3756 ad
712 3690 954 3775 responsionem
985 3689 1167 3756 faciendam
1196 3689 1445 3776 prorogandam.

314 3797 440 3866 Datum
455 3796 569 3884 Agris,
585 3799 700 3884 quinto
717 3798 769 3866 die
784 3800 915 3868 termini
931 3800 1104 3885 prenotati,
1130 3821 1216 3866 anno
1243 3799 1366 3866 domini
1390 3797 1445 3863 M⁰

315 3905 415 3974 000⁰
433 3905 565 3976 ΧΧΧο
580 3908 730 3976 secundo.

421 4072 552 4136 Paplron,
565 4072 690 4124 ztrlatein
702 4073 770 4139 salig
782 4073 816 4139 dp
830 4069 948 4124 monorr'r
962 4072 1112 4139 pecsdtte13
1126 4069 1259 4138 credetije
1274 4086 1291 4124 a
1304 4071 1336 4122 N.
1350 4069 1442 4121 Mune·

314 4161 424 4222 umbem,
439 4177 455 4212 a
468 4162 571 4229 Kallay
585 4179 620 4215 cs.
634 4164 752 4218 ltarbau.
