3130 5470
692 501 880 549 urrouuosr
896 489 1112 548 ouulsrrlr.
1236 542 1243 552 ,

872 885 944 946 354.

285 1007 293 1035 Ι
342 1050 438 1112 1329.
456 1051 533 1133 msij
551 1048 580 1110 8.
592 1045 622 1111 A
639 1049 828 1110 ecerat-erudi
843 1047 1001 1132 lcdptolon
1019 1045 1091 1110 elno
1101 1047 1258 1128 Mockopt
1269 1046 1329 1109 Po'l
1337 1047 1446 1110 ezerimi

343 1177 446 1220 ruciaco
464 1155 596 1220 Nodica
611 1159 643 1219 e's
655 1153 753 1220 Sauli
762 1165 843 1220 saeuit
853 1155 1010 1219 dirtokoit
1031 1155 1291 1238 Tomdeflaicolt
1307 1153 1447 1218 Etitoui-

713 1265 745 1326 e's
768 1263 926 1335 Tankasis
944 1263 1102 1328 eloi-oliti.

453 1423 642 1508 Capitulum
659 1425 792 1489 ecclesie
807 1425 900 1490 beati
916 1423 1017 1490 Iriuei
1034 1425 1202 1490 martiris.
1219 1476 1226 1490 .
1243 1425 1286 1490 ad
1312 1428 1450 1490 universo

347 1555 418 1599 rurn
437 1533 592 1599 noticiam
609 1583 615 1598 .
632 1584 639 1598 .
655 1533 804 1598 volumus
829 1535 1004 1618 pervenire,
1022 1533 1110 1617 quod
1126 1555 1211 1599 anno
1229 1533 1350 1598 domini
1364 1532 1451 1598 Mille·

345 1643 425 1708 simo
457 1642 684 1708 trecentesimo
700 1642 852 1726 vigesimo
879 1663 963 1707 nono
982 1642 1015 1706 in
1038 1641 1211 1724 quindenis
1235 1641 1323 1706 beati
1338 1637 1451 1724 Georgii

344 1750 488 1816 martiris
503 1771 590 1816 nunc
605 1751 754 1835 preteriti
771 1771 878 1816 comes
894 1749 1019 1814 Paulus
1030 1747 1115 1814 filius
1137 1747 1278 1816 Mochor
1295 1749 1402 1816 nobilis
1421 1747 1451 1812 de

348 1853 478 1944 Syrmia
495 1879 604 1925 coram
630 1859 723 1924 uobis
740 1907 747 1923 .
764 1908 771 1923 .
789 1859 986 1938 constitutus
1001 1878 1060 1942 per
1077 1858 1213 1926 eundern
1230 1908 1237 1923 .
1255 1908 1262 1923 .
1279 1859 1382 1924 extitit
1395 1879 1453 1941 pro·
1546 1931 1547 1946 2

350 1947 503 2052 positum,
519 1968 607 2052 quod
624 1969 701 2051 quia
716 1968 934 2053 possessiones
950 1987 1025 2031 suas
1040 1964 1170 2060 Nadioa
1186 1973 1220 2032 et
1236 1965 1328 2035 Sauli
1344 1973 1453 2032 vocatas
1545 1949 1547 2010 l

350 2075 490 2142 mediam
505 2082 632 2160 partem
649 2075 689 2142 de
702 2075 823 2142 eisdem
848 2098 867 2141 a
892 2082 987 2160 parte
1012 2077 1164 2142 orientali
1190 2078 1455 2160 contingentem..

349 2184 425 2250 Elia
441 2189 475 2249 et
503 2183 598 2250 Tonk
613 2185 778 2268 magistris
794 2183 871 2250 filiis
888 2184 1012 2250 Thome
1027 2183 1192 2251 nobilibus
1208 2185 1248 2250 de
1265 2183 1396 2270 Syrinria
1408 2205 1455 2267 pro
1545 2175 1547 2258 l

354 2293 592 2378 quinquaginta
616 2294 735 2358 marcis
761 2315 833 2358 cum
860 2293 960 2383 duplo
986 2315 1020 2358 se
1046 2315 1118 2358 cum
1143 2295 1266 2360 nostris
1281 2295 1379 2360 literis
1394 2291 1458 2357 obli·
1545 2261 1547 2404 l

352 2387 458 2486 gando
490 2407 523 2466 et
541 2401 575 2466 in
592 2401 697 2466 tribus
732 2401 878 2466 terminis
909 2401 1060 2466 videlicet
1090 2402 1351 2468 revolucionibus
1377 2401 1457 2464 trium
1546 2407 1547 2410 ’

353 2516 541 2576 octavarum
556 2510 645 2576 beati
661 2507 799 2594 Georgii
814 2512 957 2576 martiris
972 2511 1132 2576 redimere
1148 2533 1214 2576 non
1230 2513 1384 2594 potuisset
1398 2507 1459 2574 etin

354 2619 501 2704 quolibet
517 2619 656 2684 termino
672 2668 679 2684 .
697 2670 703 2684 .
720 2620 754 2684 in
780 2620 1021 2703 quinquaginta
1037 2621 1155 2685 marcis
1179 2619 1255 2686 Elie
1275 2627 1309 2686 et
1324 2618 1409 2684 Tcnlr
1422 2637 1461 2681 re·

353 2728 549 2794 mansisset.
566 2725 721 2792 ‚tandem
746 2748 806 2812 pro
833 2728 953 2793 eisdem
978 2729 1219 2813 quinquaginta
1242 2729 1358 2794 marcis
1371 2731 1399 2792 et
1413 2747 1460 2809 pro

302 2907 313 2918 ⁸
354 2836 460 2902 tribus
477 2835 600 2900 vicibus
616 2836 854 2921 quinquaginta
870 2858 1055 2902 marcarum
1069 2839 1104 2901 in
1120 2837 1228 2902 tribus
1244 2839 1312 2903 iam
1327 2833 1461 2921 predictis

355 2945 501 3010 terminis
526 2944 646 3009 eisdem
672 2965 731 3028 pro
764 2945 862 3030 duplo
889 2945 1160 3030 consequentibns
1202 2952 1236 3012 et
1270 2947 1396 3029 insuper
1416 2963 1463 3026 pro

359 3057 490 3119 centum
505 3052 622 3117 marcis
639 3051 759 3118 eisdem
789 3051 865 3117 Elia
883 3057 916 3116 et
932 3051 1027 3117 Tonk
1042 3051 1240 3118 vendidisset
1265 3058 1298 3118 et
1313 3053 1465 3118 alienasset
1544 3039 1545 3070 l

357 3148 622 3228 inrevocabiliter
638 3161 710 3225 iure
736 3167 895 3245 perpetuo
919 3159 1129 3244 possidendas
1146 3210 1153 3225 .
1169 3207 1177 3226 .
1193 3163 1367 3228 astiterunt
1381 3159 1465 3224 eciam

355 3251 451 3338 ricini
468 3273 502 3334 et
517 3269 731 3334 commetanei
746 3269 906 3334 dictarum
921 3269 1157 3353 posscssionum
1172 3268 1325 3335 videlicet
1339 3269 1364 3336 J
1364 3267 1466 3335 acubus

357 3377 442 3442 filins
460 3377 609 3462 Tyborcy
625 3377 665 3441 de
684 3375 773 3442 Bath
789 3375 876 3442 filius
892 3375 1061 3446 Valentini
1078 3377 1118 3443 de
1133 3377 1224 3444 Beth
1241 3384 1275 3444 et
1298 3377 1468 3444 Dominicis
1543 3417 1544 3430 r

358 3471 444 3550 filius
460 3484 576 3550 Petras
592 3484 632 3549 de
648 3484 761 3550 eadem
778 3485 833 3568 qui
850 3485 936 3550 dicte
952 3485 1135 3552 vendicioni
1152 3491 1186 3552 et
1202 3487 1340 3552 emcicni
1355 3503 1467 3551 consen·

362 3617 434 3660 sum
450 3593 650 3678 prebuerunt
661 3599 693 3660 et
709 3615 879 3660 assensum
895 3595 1035 3659 asseruit
1050 3595 1151 3660 eciam
1161 3595 1246 3660 idem
1261 3587 1383 3660 Paulus
1398 3587 1468 3676 quod

359 3701 539 3787 predictam
554 3703 725 3786 pecuniam
741 3703 783 3768 ab
800 3701 919 3768 eisdem
929 3700 1007 3768 Elia
1018 3708 1051 3768 et
1067 3701 1162 3768 Tonk
1171 3704 1337 3788 magistris
1351 3695 1469 3788 pleneet
1542 3759 1543 3772 ἢ

361 3803 489 3894 integre
505 3811 680 3896 recepisset
697 3809 871 3878 ..Datum
887 3811 939 3876 die
955 3815 989 3876 ct
1004 3831 1089 3877 anno
1105 3813 1302 3896 prenotatis.

379 4017 382 4024 r
468 3973 566 4038 nagge
578 3973 711 4039 peosdttel
724 3973 752 4026 ts
765 3975 836 4026 foldl
849 3974 1119 4040 cyrographummal3
1132 3975 1265 4041 aredctije
1277 3991 1295 4026 c
1307 3976 1333 4027 b.
1346 3973 1432 4036 Baras
1443 3983 1471 4020 ca

363 4063 445 4148 liram,
460 4061 590 4129 ›deays
605 4065 670 4116 fasc.
685 4069 708 4114 1.
724 4068 767 4116 20.
