3130 5470
326 495 392 564 404
686 509 874 562 ansocnoar
892 499 1110 563 onnlsrrla.

327 680 458 746 mittero
490 679 621 746 minime
637 675 824 744 formidavit
849 677 980 744 demum
1004 679 1039 744 in
1055 677 1209 746 conflictu
1234 699 1331 764 quern
1346 677 1449 744 Dousa

329 787 494 872 quondam
510 788 675 874 palatinus
692 808 765 853 cum
780 785 898 870 Kopaz
916 793 949 852 et
974 785 1064 852 Bake
1089 787 1166 854 filiis
1190 787 1325 872 Tharne,
1353 786 1449 853 Maius

332 893 400 961 filio
431 893 559 980 Moyus,
575 896 681 963 Paulo
712 894 779 962 filio
804 895 966 962 Lothardi
991 900 1024 960 et
1050 893 1173 980 Aydud
1199 917 1335 964 cumano
1351 905 1449 962 sancte

334 1026 451 1071 corono
467 1003 652 1070 infidelibus
677 1005 764 1090 apud
789 1005 900 1070 villam
916 1003 1088 1070 Debrscen
1104 1004 1250 1072 habebat
1265 1007 1333 1091 ipsc
1356 1027 1448 1072 comos

334 1111 449 1179 Kenez
480 1135 539 1199 per
569 1115 676 1198 ipsum
707 1112 873 1180 dominum
903 1133 1015 1196 regem
1049 1113 1085 1178 in
1124 1115 1323 1196 opitulamen
1359 1114 1448 1197 ipsius

337 1221 452 1290 Dousa
463 1222 639 1310 deputatus
663 1221 778 1288 ardore
801 1219 971 1287 fidelitatis
994 1243 1149 1288 accensus
1172 1227 1250 1290 tunc
1273 1229 1339 1288 tam
1358 1223 1451 1306 ipsum
1499 1211 1507 1232 ⁸

336 1327 484 1398 Dousam
524 1353 622 1416 quam
660 1331 743 1396 alios
781 1337 893 1396 sancte
932 1350 1049 1396 corone
1086 1329 1199 1397 fideles
1243 1353 1329 1396 nunc
1364 1330 1452 1415 preci·

334 1439 396 1505 bus
422 1439 576 1505 inducens
601 1461 687 1504 nuno
712 1436 912 1504 suasionibus
939 1459 998 1522 pro
1024 1439 1111 1505 bello
1143 1438 1371 1506 committendo
1393 1439 1451 1504 ani·

335 1567 428 1612 mans
459 1553 492 1613 et
525 1547 710 1614 confortans
741 1549 830 1632 prius
861 1547 895 1611 in
912 1545 999 1612 acies
1015 1545 1148 1612 adverse
1163 1549 1270 1634 partis
1286 1547 1377 1612 irruit
1399 1546 1450 1612 ibi-

340 1677 404 1738 que
420 1655 466 1721 sic
481 1656 652 1722 victoriose
683 1654 898 1739 triumphavit
915 1652 1003 1738 quod
1018 1636 1199 1721 infidelium
1223 1655 1452 1722 innumerabilis

342 1765 503 1830 exercitus
535 1771 568 1830 et
583 1764 651 1830 fere
667 1766 770 1830 omnis
787 1785 899 1830 eorum
914 1764 1054 1829 societas
1071 1770 1150 1830 tunc
1173 1767 1208 1830 in
1223 1765 1326 1851 prelio
1342 1786 1454 1830 corrue

338 1876 424 1956 runt,
456 1879 606 1958 preterea
641 1873 807 1958 cumipse
832 1893 938 1938 comes
963 1869 1077 1938 Kenez
1100 1879 1180 1940 tuno
1209 1874 1400 1940 castellanus
1421 1873 1454 1938 ds

340 1979 451 2046 Volko
478 1979 629 2046 conflictu
647 1987 781 2065 peracto
806 2002 865 2064 per
889 1979 1036 2046 infideles
1062 1981 1267 2067 supradictos
1299 1989 1454 2069 caperetur

339 2087 402 2174 ipsi
421 2088 545 2155 dictum
561 2091 712 2156 comitem
726 2089 842 2155 Kenez
859 2088 902 2154 ad
917 2088 1111 2155 tradendum
1128 2091 1173 2156 eis
1189 2093 1387 2158 nominatum
1413 2113 1456 2156 aa

349 2205 454 2266 strum
468 2200 578 2270 Vollro
596 2205 799 2268 coarctantes
815 2201 920 2284 ipsum
936 2200 1013 2281 equi
1039 2199 1142 2266 cauda
1167 2201 1345 2285 alligarunt
1367 2207 1397 2266 et
1418 2201 1455 2264 sic

343 2329 417 2373 eum
432 2329 492 2394 per
507 2311 679 2376 circuitum
703 2307 783 2375 dicti
809 2306 909 2374 castri
933 2307 1163 2374 miserabiliter
1188 2309 1278 2375 trahi
1302 2317 1335 2376 et
1348 2307 1452 2376 laniari
1547 2345 1548 2382 t

343 2415 499 2483 facientes
516 2419 654 2503 aliisqus
670 2420 819 2504 gravium
834 2437 994 2501 penarum
1025 2417 1197 2500 generibus
1214 2415 1455 2483 immisericordi·

345 2530 396 2590 ter
429 2528 611 2594 cruciantes
641 2525 739 2612 pedes
755 2528 823 2592 eius
840 2527 968 2592 cutibus
992 2525 1060 2590 suis
1085 2547 1143 2592 ceu
1170 2525 1338 2592 carnifices
1354 2525 1454 2592 scoria·

344 2631 434 2718 runt,
450 2656 488 2700 ao
505 2635 606 2700 eciam
621 2635 688 2700 alia
703 2656 761 2700 sue
777 2633 946 2702 fidelitatis
971 2633 1089 2698 merita
1104 2653 1239 2700 censens
1264 2642 1298 2699 et
1323 2635 1457 2700 estimans

342 2727 522 2828 'diligenter
553 2743 826 2830 quamadmodum
850 2745 886 2808 in
909 2744 1031 2808 litteris
1056 2743 1201 2808 eiusdem
1226 2743 1348 2812 domini
1369 2741 1458 2810 nostri
1546 2821 1547 2826 ἵ

344 2851 431 2934 regis
462 2873 558 2938 super
584 2853 657 2936 ipsa
681 2850 858 2918 donacione
884 2851 1039 2918 confectis
1065 2852 1205 2918 vidimus
1232 2852 1387 2918 contineri
1406 2849 1458 2932 ipsi

345 2955 460 3024 Kenez
478 2957 613 3025 dederat
629 2961 699 3024 iure
714 2965 872 3044 perpetuo
898 2966 930 3024 et
947 2959 1095 3042 donarat,
1112 2997 1156 3008 -
1173 2981 1247 3026 cunr
1262 2960 1343 3026 locis
1357 2959 1453 3024 sessio·

352 3065 481 3134 nalibus
499 3118 505 3133 .
521 3117 529 3133 .
544 3067 588 3133 ad
603 3068 934 3154 dictaspcssessiones
945 3066 1149 3152 Duduagzeg
1166 3067 1360 3134 videlicetet
1373 3064 1454 3149 Anxa

349 3177 574 3264 spectantibus
599 3179 661 3263 ipsi
686 3179 841 3260 magistro
875 3177 977 3244 Petro
1012 3178 1100 3244 dicto
1126 3175 1231 3246 Orrus
1255 3199 1317 3260 pro
1347 3184 1458 3244 centum

349 3284 469 3380 ¹marcis
487 3287 614 3369 argenti
644 3286 740 3370 plene
755 3285 796 3351 ab
812 3286 889 3379 ipso
899 3284 1022 3352 habitis
1039 3291 1072 3351 et
1097 3287 1235 3371 receptis
1259 3287 1460 3352 vendidissent

350 3443 382 3461 ..
408 3395 478 3460 inre
503 3400 661 3480 perpetuo
688 3443 695 3460 .
721 3443 728 3460 .
756 3393 883 3462 Datum
907 3395 942 3458 in
967 3394 1051 3460 festo
1077 3394 1249 3462 beatorum
1274 3394 1416 3480 Philippi
1434 3402 1460 3457 et
1545 3481 1546 3488 ἵ

349 3499 375 3568 J
376 3501 469 3568 acobi
485 3501 716 3586 apostolorum,
734 3523 819 3568 anno
836 3501 960 3568 domini
974 3501 1029 3568 Μθ
1045 3499 1146 3568 000⁰
1161 3505 1317 3586 vigesimo
1333 3525 1418 3570 nono.
1545 3499 1546 3530 ³

459 3666 556 3731 saggo
569 3666 719 3730 pscstttel;
732 3664 864 3729 arcdetije
877 3679 995 3729 megvsn
1020 3665 1068 3716 kas
1093 3665 1269 3732 ptldtnyban
1295 3681 1328 3717 sa
1341 3681 1404 3717 orsa.
1417 3663 1459 3714 ltdr

358 3755 459 3810 kincst.
479 3761 548 3806 oszt.
562 3757 636 3808 Mon.
650 3755 711 3806 Pos-
736 3761 777 3806 17.
793 3759 816 3805 1.
830 3755 897 3819 dipl.
910 3756 981 3807 lttr:
997 3760 1075 3807 3449.
1093 3755 1192 3808 Kczri:
1211 3757 1316 3807 Vincas
1329 3757 1419 3808 Gabar.

834 3897 993 3908 ..n—...—

884 4063 958 4126 353.

355 4223 451 4288 1329.
469 4227 545 4312 radj.
563 4225 592 4286 6.
608 4219 638 4285 A
656 4223 751 4307 ppo'ra'
765 4221 926 4308 kdptolan
942 4223 1015 4288 elta
1040 4223 1142 4290 Ra'dee‘
1167 4224 1200 4290 F
1199 4228 1262 4311 ejas
1292 4223 1460 4314 Milaapsta

352 4331 469 4412 Jca'nos,
481 4330 649 4396 szmdnd
661 4341 741 4395 acolt
759 4329 1041 4418 (lysa-aormeppai
1051 4333 1369 4422 birtolco'thcptlrilia
1380 4355 1464 4399 cocras
1543 4413 1544 4434 ἶ

589 4439 832 4525 parznoralcalma‘
848 4443 1066 4528 udrrrapynok
1083 4443 1242 4510 cl’o'rdkc'tc'.

464 4575 651 4664 Capitulum
683 4579 868 4649 Jauriensis
885 4585 1019 4650 ecclesie
1036 4635 1044 4651 .
1062 4636 1069 4650 .
1086 4586 1130 4651 ad
1152 4587 1375 4654 universorum
1397 4583 1465 4650 noti·
1543 4637 1544 4666 p

362 4687 443 4784 ciam
475 4689 592 4754 harum
619 4692 700 4755 serio
726 4692 873 4757 volumus
898 4694 1073 4778 pervenire,
1098 4695 1185 4780 quod
1210 4695 1375 4766 Johannes
1397 4693 1468 4759 filius
