3240 5460
347 438 389 498 20
700 442 887 490 nuscunonr
903 423 1120 484 onuirsrin.

347 613 474 678 lacione
484 615 598 675 octavo
610 607 661 672 die
670 605 764 671 nobis
773 602 966 669 recitabunt.
976 599 1102 664 Datum
1112 597 1147 662 in
1161 595 1383 680 Wysemsyen,
1394 591 1477 657 feria

348 717 606 802 terciaproxima
615 719 691 780 ante
701 711 967 793 PenthencosteS,
979 728 1063 773 anno
1073 705 1194 771 domini
1203 701 1260 769 Μ0
1275 698 1478 769 000οΧΧο

348 826 498 894 secundo.

454 969 586 1020 Zdriatstn
607 981 772 1033 ugyanaaon
790 964 931 1029 penetral,
943 964 1016 1025 moly
1030 976 1062 1010 az
1076 959 1160 1010 Arch.
1173 945 1296 1008 drosaico
1312 955 1421 1008 rere-ki
1433 956 1476 1006 ev·

346 1062 523 1128 folyamdban
536 1061 694 1110 ismertetve
710 1071 765 1108 van
777 1073 784 1121 ;
795 1053 927 1118 credetije
939 1068 956 1101 n
967 1052 1002 1102 N.
1011 1051 1204 1111 Muzeumban,
1216 1065 1234 1100 a
1242 1049 1344 1112 Killay
1356 1062 1392 1096 cs.
1404 1047 1475 1097 lban.

346 1156 427 1206 Kozli
438 1171 443 1204 :
458 1152 584 1219 ngdnyi
595 1151 628 1202 K.

893 1457 944 1517 18.

351 1625 446 1687 1322.
464 1623 539 1707 jair.
558 1619 633 1685 LA
658 1617 865 1704 uupyvdradi
880 1626 1011 1680 convent
1036 1615 1107 1678 eloti
1128 1613 1235 1698 Uaphc'
1256 1613 1369 1696 Jciko'fi
1383 1611 1477 1676 Batia

349 1737 418 1817 troje
436 1730 535 1798 Caulo
551 1733 584 1794 ds
600 1727 720 1792 Mimos
736 1727 854 1810 teduya
879 1724 1006 1804 Iluach,
1024 1723 1126 1788 Ecsed
1142 1731 1223 1788 arcuit
1241 1721 1393 1787 Szatmdr
1408 1724 1478 1784 udr-

352 1840 473 1926 meqyec'
497 1837 647 1902 birtokuk
662 1835 746 1922 fele't
779 1857 801 1896 a
828 1833 983 1900 Gutkeled
1006 1830 1231 1914 nemzetse‘pdo'l
1248 1831 1324 1894 uald
1342 1828 1479 1893 Bereczk

741 1941 877 2025 ficiculo
903 1939 1080 2005 el'o'riikr'tik.

462 2104 534 2172 Nos
559 2105 585 2172 J
586 2105 705 2172 acobus
730 2103 912 2189 prepositus
928 2107 961 2166 et
980 2105 1156 2166 conventus
1170 2101 1360 2164 monasterii
1376 2101 1481 2166 sancti

354 2212 513 2296 Stephani
529 2212 790 2296 prothomartiris
806 2210 846 2274 de
861 2209 1083 2294 promontorio
1099 2207 1308 2273 Warsdiensi
1323 2208 1482 2292 significa·

353 2343 424 2388 mus
441 2371 448 2386 .
465 2372 472 2387 .
488 2321 576 2406 quod
600 2320 764 2386 nobilibus
788 2317 981 2384 dominabus
1000 2314 1105 2382 Chala
1131 2321 1279 2382 consorte
1304 2315 1401 2382 Batiz
1423 2317 1483 2383 filii

354 2429 472 2496 Jakow
506 2430 546 2494 de
580 2429 695 2513 anh
727 2427 796 2493 filia
819 2426 969 2491 videlicet
993 2423 1018 2490 J
1020 2426 1073 2490 ule
1107 2423 1185 2490 Rufi
1210 2431 1243 2490 et
1270 2424 1390 2492 Ilunch
1414 2425 1483 2491 filia

350 2536 481 2604 Nicolai
504 2537 563 2604 filii
587 2536 748 2621 Stephani
772 2535 814 2602 ab
839 2556 905 2600 una
929 2539 1023 2617 parte
1048 2539 1082 2598 et
1097 2531 1122 2598 J
1124 2533 1252 2599 ohanne
1270 2533 1338 2600 filio
1355 2536 1482 2600 comitis

350 2645 473 2712 Briccii
498 2646 537 2712 de
553 2645 659 2712 Batur
675 2645 715 2710 de
740 2665 856 2728 genere
873 2640 1062 2709 Guthlreled
1080 2664 1138 2728 pro
1156 2663 1188 2707 se
1204 2648 1237 2707 et
1253 2664 1311 2726 pro
1327 2645 1483 2727 magistro

354 2752 492 2819 Andron
508 2760 641 2820 cantore
657 2751 876 2835 Waradiensi,
891 2751 1030 2816 Lewkus
1047 2757 1080 2816 et
1096 2749 1235 2816 Nicolao
1252 2749 1409 2816 fratribus
1419 2752 1482 2816 suis

353 2863 489 2926 uterinis
513 2861 555 2927 ab
590 2861 702 2944 altere,
727 2859 941 2943 personaliter
966 2879 1074 2924 coram
1100 2858 1193 2924 nobis
1217 2859 1403 2924 constitutis
1427 2879 1484 2942 per

354 2971 483 3036 easdem
499 2970 646 3036 dominas
662 2991 742 3034 sana
757 2973 866 3033 mente
891 2974 1135 3052 spontaneaque
1160 2969 1327 3033 voluntate
1343 2968 1482 3033 relatum

354 3081 471 3162 extitit,
488 3077 576 3162 quod
585 3083 709 3142 rectam
720 3077 953 3141 dimidietatem
964 3076 1131 3142 cniusdam
1147 3076 1354 3160 possessionis
1369 3073 1483 3141 Eched

354 3193 468 3254 uocate
483 3189 518 3252 in
534 3187 691 3252 comitatu
701 3183 741 3249 de
757 3183 917 3250 Zathmar
933 3185 1100 3250 existentis
1116 3185 1203 3270 ipsas
1219 3184 1258 3249 de
1274 3183 1344 3248 iure
1361 3184 1483 3250 contin-

354 3302 484 3381 gentem
494 3293 645 3360 videlicet
655 3315 727 3358 cum
737 3299 843 3358 matre
851 3292 1102 3378 ipsarumindie
1112 3292 1301 3358 tradicionis
1311 3314 1368 3358 sue
1378 3313 1483 3358 secum

354 3403 511 3469 traditam
520 3403 597 3486 ipsis
605 3399 804 3488 filysBriocii
814 3409 882 3467 tam
891 3401 1022 3467 racione
1031 3401 1289 3485 proximitatiset
1300 3401 1484 3485 consangui-

355 3513 487 3577 neitatis
497 3512 677 3596 interipsos
687 3511 822 3576 annexis
832 3507 913 3596 (igy)
925 3531 1022 3594 quam
1033 3512 1135 3576 eciam
1144 3533 1203 3594 pro
1219 3512 1485 3596 vigintiquinque

356 3621 472 3686 marcis
496 3620 590 3703 plene
620 3619 759 3702 receptis
784 3619 826 3684 ab
852 3617 980 3704 eisdem,
1006 3641 1078 3684 cum
1105 3619 1254 3685 omnibus
1290 3619 1485 3686 utilitatibus

358 3730 422 3794 ..si
432 3749 494 3812 que
504 3726 620 3812 forent
639 3726 699 3792 sub
716 3725 835 3791 eisdem
850 3727 946 3792 metis
962 3732 995 3791 et
1012 3727 1158 3793 terminis
1175 3727 1292 3812 quibus
1307 3729 1379 3812 ipsa
1396 3727 1484 3792 dimi-

356 3836 461 3902 dietas
472 3857 529 3920 per
539 3857 651 3901 earum
661 3835 902 3919 predecessores
922 3834 1037 3900 habits
1052 3836 1163 3901 extitit
1179 3885 1186 3901 .
1204 3886 1210 3901 .
1228 3836 1392 3902 dedissent
1408 3887 1415 3901 .
1431 3885 1438 3900 .
1454 3841 1487 3900 et

359 3944 594 4010 contulissent.
612 3994 619 4009 .
635 3944 705 4009 iure
724 3950 881 4027 perpetuo
897 3993 904 4008 .
922 3993 928 4008 .
945 3943 1071 4009 Datum
1086 3945 1188 4010 tercio
1204 3945 1256 4010 die
1272 3945 1347 4010 festi
1372 3943 1487 4010 Pente-

357 4059 470 4136 costes,
480 4073 565 4118 anno
576 4051 698 4116 domini
707 4051 762 4115 Μο
778 4049 879 4118 000ο
894 4049 1017 4116 XXmo
1033 4051 1183 4118 secundo.
1195 4052 1370 4118 Presentes
1381 4057 1487 4117 sutem

358 4181 430 4226 cum
454 4160 547 4227 nobis
573 4164 739 4244 reportate
764 4158 886 4224 fuerint
911 4161 1114 4244 privilegium
1138 4167 1286 4227 nostrum
1311 4181 1407 4244 super
1428 4159 1488 4224 hoc
1599 4163 1600 4166 ’

360 4269 568 4335 conferemus.

465 4431 632 4499 Ugyancsak
653 4447 669 4483 a
686 4433 782 4484 viradi
795 4437 914 4484 convent
927 4432 955 4483 es
970 4435 1085 4485 »Petrus
1099 4434 1274 4500 prepositus«
1291 4437 1369 4486 1330.
1384 4431 1428 4486 tvi
1441 4430 1485 4480 »in

361 4522 466 4574 octavis
478 4523 554 4572 beati
573 4522 717 4574 Michaelis
729 4525 907 4589 archangeli«
927 4525 994 4588 kelt,
1010 4525 1132 4575 »nobiles
1142 4524 1196 4575 viri
1205 4523 1333 4589 magistri
1346 4525 1365 4576 J
1366 4524 1485 4574 ohannes

360 4627 450 4664 comes
472 4613 506 4663 de
528 4613 661 4664 Zothmar
682 4619 709 4664 et
730 4614 861 4664 Nicolaus
875 4613 926 4664 filii
946 4613 1064 4664 Briceiir
1080 4615 1204 4664 szdmdra
1215 4614 1303 4680 iirggt
1316 4613 1409 4679 penset
1420 4613 1488 4663 alatt
