3152 5472
578 456 673 564 1000.
689 516 760 566 ms.
780 504 829 564 17.
1208 507 1272 568 000

140 680 236 746 metis
261 679 416 746 uoluisset
440 699 590 766 separare
615 679 781 766 predictus
812 679 969 748 Nicolans
999 679 1085 747 filius
1115 682 1210 750 Boxa
1242 689 1274 750 et

140 784 278 854 Oozmas
294 787 478 856 antedictus
493 789 527 854 in
542 790 686 874 ipsarum
702 794 863 855 metarum
880 789 1044 856 erectione
1062 791 1274 858 contradixis-

141 901 223 980 sent,
241 897 334 962 cuius
351 895 620 964 contradiccionis
644 897 744 962 vellet
769 897 851 962 scire
875 897 1046 981 racionem,
1071 919 1136 982 quo
1162 899 1274 968 audito

140 1003 310 1087 predictus
326 1002 464 1072 Oozmas
479 1004 567 1071 filius
575 1003 727 1091 Francyk
743 1003 959 1089 personaliter
973 1027 1033 1092 pro
1042 1005 1182 1075 Nicolao
1198 1029 1274 1074 uero

141 1112 296 1198 Francylr
330 1119 363 1178 et
396 1113 580 1180 Laurencio
605 1113 680 1179 filiis
706 1113 849 1180 eiusdem
875 1111 1006 1181 Nicolai
1026 1109 1069 1182 ad
1094 1137 1174 1201 quos
1203 1119 1274 1202 ipsa

141 1242 238 1288 causa
254 1227 382 1288 mortno
405 1224 550 1308 ipsorum
566 1229 660 1308 patre
677 1228 847 1308 prenotato
875 1223 986 1289 extitit
1008 1223 1159 1291 devoluta
1174 1225 1273 1292 Nico·

140 1329 210 1395 laus
227 1330 267 1395 de
283 1328 447 1398 anutur
463 1353 535 1396 curn
551 1333 782 1416 procuratoriis
797 1333 916 1398 litteris
926 1341 1103 1399 conventus
1123 1331 1163 1399 do
1174 1333 1271 1399 Leler

139 1437 357 1522 comparendo
374 1439 482 1505 taliter
499 1438 717 1524 responderet,
734 1439 823 1524 quod
834 1441 911 1524 quia
927 1442 995 1526 ipse
1006 1439 1153 1508 Michael
1169 1449 1272 1508 metas

140 1567 196 1611 sue
213 1547 422 1630 possessionis
453 1547 541 1613 intra
572 1549 728 1614 terminos
745 1555 776 1614 et
792 1552 895 1614 metas
920 1549 1130 1634 possessionis
1155 1571 1269 1616 eorun-

142 1654 214 1719 dem
240 1651 359 1722 Cozme
385 1661 417 1721 et
443 1655 584 1721 filiorum
612 1653 744 1720 Nicolai
771 1655 927 1722 antedicti
951 1655 1132 1723 Zeredahel
1157 1663 1271 1723 vocate

142 1765 267 1846 erigere
301 1763 431 1831 volebat
460 1770 594 1850 propter
624 1763 685 1829 hoc
716 1763 757 1830 ab
783 1763 949 1830 ereccionc
975 1765 1117 1849 ipsorum
1143 1772 1271 1831 contra-

141 1871 278 1939 dicendo
289 1873 530 1956 prohibuissent
546 1872 692 1956 eundem,
703 1893 765 1957 que
776 1871 906 1956 quidem
923 1874 1080 1957 possessio
1090 1871 1271 1939 Zeredahel

140 1977 181 2045 ab
197 1982 399 2065 possessione
423 1981 522 2066 ipsius
544 1979 717 2047 Michaelis
742 1987 775 2047 et
791 1979 929 2047 aliorum
945 2003 1075 2048 suorum
1092 1981 1270 2047 vicinorum

139 2089 396 2172 possessionibus
412 2091 506 2156 metis
523 2095 556 2155 et
565 2087 712 2155 terminis
728 2089 762 2154 in
778 2089 1002 2156 instrumentis
1012 2090 1157 2174 ipsorum
1173 2088 1270 2173 privi-

139 2197 313 2281 legialibus
330 2199 489 2264 contentis
506 2220 569 2282 qne
585 2199 802 2264 instrumenta
817 2199 1034 2284 privilegialis
1049 2205 1087 2264 nt
1112 2219 1269 2265 assumse-

139 2312 217 2371 runt
242 2305 459 2372 exhibuerunt
483 2305 604 2373 ibidem
630 2328 739 2373 coram
764 2306 857 2373 nobis
884 2312 968 2374 esset
992 2309 1160 2392 separata3
1184 2306 1270 2373 unde

139 2414 218 2497 quia
234 2413 268 2478 in
284 2413 363 2498 ipsis
377 2413 481 2480 literis
496 2414 752 2500 privilegialibus
768 2419 854 2480 mete
870 2419 903 2481 et
918 2414 1047 2481 termini
1063 2415 1169 2500 ipsam
1193 2436 1268 2500 pos-

137 2521 315 2588 sessionem
332 2520 515 2589 Zeredahel
530 2522 571 2590 ab
586 2523 659 2606 ipsa
682 2523 883 2608 possessione
907 2519 1039 2607 Ompud
1064 2525 1098 2588 et
1121 2522 1163 2588 ab
1193 2523 1267 2588 aliis

138 2629 321 2698 vicinorum
352 2651 482 2698 suorum
516 2630 771 2716 possessionibus
797 2631 1031 2716 distinguentes
1054 2630 1150 2717 plene
1174 2629 1268 2696 nobis

141 2737 301 2805 contineri
317 2737 517 2825 videbantur,
544 2761 603 2806 nos
627 2761 767 2810 unacum
791 2738 953 2806 nobilibus
979 2739 1071 2824 regni
1101 2739 1269 2806 nobiscum

138 2849 172 2912 in
182 2843 303 2914 iudicio
315 2847 537 2914 assedentibus
547 2849 746 2915 decrevimus
756 2848 946 2934 iudicantes,
957 2847 1043 2934 quod
1053 2847 1114 2932 ipsi
1124 2846 1269 2913 Michael

139 2953 277 3022 Cozmas
287 2953 445 3023 Nicolaus
455 2957 609 3043 Francyk
626 2965 658 3022 et
667 2957 871 3024 Laurentius
887 3006 894 3022 .
912 3006 919 3022 .
935 2955 978 3022 ad
994 2955 1110 3022 faciem
1126 2956 1269 3040 ipsarum

138 3064 376 3147 possessionum
393 3060 524 3149 Ompud
540 3069 573 3130 et
589 3063 770 3130 Zeredahel
786 3069 974 3132 vocatarum
996 3065 1179 3131 convocatis
1194 3063 1269 3129 vici-

138 3172 188 3236 nis
213 3177 246 3236 et
266 3172 492 3238 commetaneis
508 3171 683 3238 earundem
699 3172 857 3238 universis
871 3191 1011 3239 unacum
1027 3171 1183 3238 Ladislao
1200 3170 1269 3237 11110

137 3277 310 3346 Benedicti
326 3277 464 3346 Andrea
494 3280 562 3346 filio
578 3279 708 3346 Dionisi
739 3285 797 3346 aut
822 3281 900 3366 ipsis
920 3279 1110 3347 absentibus
1134 3281 1268 3347 Matheo

136 3387 204 3454 filio
220 3385 247 3454 J
248 3388 384 3454 ohannis
400 3389 529 3455 homine
546 3393 658 3456 nostro
675 3410 771 3473 quem
781 3389 867 3454 idem
878 3387 1014 3456 Oozmas
1026 3394 1058 3454 et
1068 3387 1269 3455 filiiNicolai

136 3495 292 3562 antedicti
307 3518 367 3582 pro
392 3501 486 3580 parte
502 3519 561 3563 sua
577 3497 785 3581 adducerent,
809 3499 888 3563 item
914 3520 980 3564 una
1012 3519 1086 3564 cum
1112 3495 1269 3564 Johanne

136 3605 224 3671 dicto
239 3603 347 3670 Batur
362 3603 518 3672 Ladislao
544 3604 612 3671 filio
628 3603 754 3671 Marcel
770 3611 827 3672 aut
843 3606 922 3690 ipsis
934 3606 1120 3672 absentibus
1132 3603 1267 3669 Matheo

135 3713 176 3778 de
191 3710 310 3796 Panky
327 3711 476 3778 similiter
492 3713 620 3778 homine
636 3719 747 3780 nostro
764 3735 861 3798 quem
876 3715 945 3798 ipse
966 3711 1110 3778 Michael
1127 3709 1269 3777 adducet

136 3821 290 3887 accedere
321 3827 495 3887 teneantur
526 3821 667 3888 secundo
708 3822 760 3887 die
794 3828 981 3888 octavarum
1011 3819 1268 3886 Penthecosthes

134 3929 282 4014 proxime
298 3950 384 3995 nunc
400 3936 535 3997 venturo
562 3950 671 3996 coram
690 3931 818 3996 homine
843 3935 1019 3996 convontus
1045 3926 1086 3994 dc
1111 3927 1209 3993 Lelez
1236 3935 1269 3993 et

134 4039 221 4122 ipsas
236 4037 329 4101 iuxta
344 4043 447 4102 metas
463 4037 496 4102 in
513 4037 632 4102 eisdem
647 4037 751 4102 literis
767 4036 1025 4122 privilegialibus
1047 4035 1169 4101 domini
1195 4032 1268 4102 Ste-

133 4145 234 4230 phani
250 4145 387 4210 condam
403 4145 542 4211 illustris
566 4147 653 4230 regis
670 4144 842 4228 Hungaris
869 4150 1037 4211 contentas
1068 4165 1149 4229 quas
1177 4144 1266 4220 idem

134 4252 274 4320 Ouanias
291 4257 322 4319 et
338 4251 397 4319 filii
414 4251 543 4320 Nicolai
561 4253 605 4318 ibi
623 4253 773 4320 exhihere
794 4251 994 4320 tenebuntur
1010 4257 1200 4337 separarent
1226 4251 1267 4317 ah

114 4363 271 4428 'invicem
289 4366 322 4427 et
338 4361 537 4446 distingvant
555 4363 656 4428 stubi
674 4383 804 4428 necesse
823 4362 1156 4428 lueritiuxtaveteres
1168 4382 1267 4428 noves

133 4475 238 4538 metas
255 4471 401 4555 erigeant
417 4478 449 4536 et
466 4471 651 4537 distinctam
669 4472 850 4556 prenotatis
867 4471 960 4536 metis
981 4469 1112 4536 cuilibet
1124 4471 1267 4554 ipsarum

131 4579 279 4663 parcium
296 4578 516 4664 predictarum
526 4599 616 4644 suam
627 4579 686 4644 sibi
697 4579 885 4663 relinquant
895 4585 1053 4664 perpetuo
1065 4630 1072 4644 .
1083 4630 1090 4645 .
1102 4579 1267 4663 possiden-

133 4686 209 4753 dam
225 4737 231 4752 .
249 4737 256 4752 .
273 4691 347 4772 post
363 4687 423 4752 hec
439 4688 541 4772 ipsius
557 4689 776 4772 separacionis
793 4688 906 4754 seriem
924 4709 996 4753 cum
1018 4691 1180 4754 metarum
1198 4709 1268 4754 cur-
