3112 5466
534 470 629 533 1325.
645 489 717 534 arn.
735 470 785 534 21.

633 888 705 949 168.

109 1050 196 1114 1325.
214 1075 288 1137 apr.
309 1052 359 1114 11.
377 1051 407 1114 A
423 1050 524 1116 hudai
539 1049 700 1134 kdptalaa
716 1049 788 1113 elota
811 1049 956 1114 Pradeoi
975 1049 1085 1114 Jacob
1102 1060 1231 1138 daveqyc

107 1158 238 1222 aladai
254 1160 333 1244 hegy
349 1157 474 1222 tdvdhen
491 1181 547 1242 epp
563 1157 674 1222 szollo't
694 1133 849 1222 d-Buclai
866 1157 987 1222 Miletos
1001 1157 1135 1240 fiairrclc
1152 1159 1232 1224 alzei-

609 1265 732 1349 doposit.

207 1423 280 1490 Nos
305 1424 484 1508 capitulum
509 1422 671 1488 Budensis
688 1422 819 1488 ecclesie
845 1425 958 1490 damus
984 1445 1042 1507 pro
1068 1427 1232 1510 memoria,

107 1535 189 1618 quod
213 1533 332 1600 nobilis
357 1533 488 1598 domina
512 1529 686 1597 Elisabeth
713 1537 902 1616 nuncupata
926 1533 1042 1598 relicta
1069 1533 1231 1616 quondam

107 1642 221 1708 Jacobi
238 1641 278 1706 de
293 1640 421 1706 Pradev
437 1642 471 1706 in
491 1639 595 1705 nostri
620 1640 788 1723 presencia
812 1641 1028 1723 personaliter
1053 1642 1232 1707 constituta

107 1752 226 1816 rineam
243 1771 334 1816 suam
348 1750 383 1814 in
397 1747 507 1814 radice
522 1748 641 1813 montis
657 1747 817 1812 Budensia
834 1749 988 1814 situatam
1012 1750 1113 1815 vineis
1133 1751 1232 1816 eccle-

107 1861 148 1924 sie
164 1867 275 1926 nostre
291 1866 324 1924 et
338 1857 498 1942 Stephani
514 1857 594 1923 dicti
609 1858 719 1940 magni
744 1858 883 1923 vicinam
909 1865 942 1924 et
968 1861 1154 1944 contiguam
1170 1858 1231 1924 sibi

107 1989 160 2049 per
182 1967 390 2032 Dominicum
415 1964 518 2030 filium
543 1963 664 2034 Jaoohi
692 1964 731 2029 de
756 1963 851 2030 Zada
876 1966 1052 2032 secundum
1077 1969 1231 2033 maritum

107 2097 195 2141 suum
210 2076 354 2159 legatam
369 2073 453 2140 sicut
478 2073 569 2155 dixit,
584 2072 769 2139 Laurencio
798 2073 946 2140 Johanni
972 2081 1005 2140 et
1029 2074 1130 2140 Petro
1156 2074 1231 2140 filiis

108 2183 233 2250 Nicolai
249 2183 288 2248 de
304 2183 418 2252 Veteri
433 2181 531 2248 Buda
546 2203 606 2266 pro
624 2182 728 2247 tribus
744 2183 861 2246 marcia
877 2184 1005 2266 argenti
1030 2185 1230 2250 mercimoni·

108 2293 162 2357 alis
177 2314 279 2376 usque
295 2291 413 2356 festum
427 2291 517 2356 beati
531 2289 705 2356 Michaelis
728 2289 915 2374 archangeli
940 2293 1086 2375 proxime
1112 2291 1231 2358 affutu-

107 2422 173 2466 nrm
189 2399 334 2466 confessa
358 2405 406 2465 est
431 2399 558 2483 pignori
585 2397 752 2482 obligasse,
777 2420 876 2483 quam
900 2400 1026 2464 vineam
1051 2399 1147 2466 iidem
1172 2401 1231 2466 filii

108 2507 232 2574 Nicolai
249 2509 358 2576 colent
374 2513 407 2573 et
421 2529 498 2572 usus
514 2507 639 2572 fructus
656 2506 797 2572 eiusdem
812 2507 846 2571 in
863 2510 931 2572 toto
948 2528 1007 2589 pro
1022 2527 1055 2571 se
1065 2508 1230 2592 recipient,

108 2623 138 2680 et
153 2617 178 2682 si
195 2615 328 2682 eandem
342 2617 469 2681 vineam
485 2636 577 2680 suam
592 2615 626 2679 in
642 2614 789 2698 predicto
815 2615 952 2680 termino
969 2615 1126 2681 redimere
1142 2621 1230 2699 pote·

107 2725 148 2789 rit
162 2725 243 2790 bene
268 2724 406 2808 quidem,
424 2723 568 2807 alioquin
585 2745 658 2788 cum
674 2723 746 2788 aliis
762 2723 881 2788 litteris
898 2725 1015 2789 nostris
1042 2730 1120 2789 tunc
1145 2745 1230 2790 ema-

109 2834 216 2900 nandis
232 2833 480 2918 perpetuabitur
496 2832 616 2898 eisdem
640 2831 715 2896 filiis
741 2831 871 2897 Nicolai
896 2855 955 2916 pro
981 2832 1100 2897 eisdem
1125 2833 1230 2899 tribus

108 2945 218 3008 marcis
234 2942 427 3027 possidenda
452 2943 535 3006 sient
552 2941 666 3006 eadem
682 2939 813 3005 domina
828 2941 931 3006 voluit
950 2947 983 3005 et
1000 2940 1162 3006 ordinavit
1178 2962 1229 3006 co-

109 3073 172 3115 ram
188 3051 288 3116 nobis.
303 3051 427 3115 Datum
452 3050 536 3114 feria
558 3050 675 3133 quinta
699 3051 845 3130 proxima
870 3054 945 3114 arrte
972 3054 1102 3114 octavas
1126 3047 1229 3114 Pasce

110 3158 231 3244 domini,
248 3181 333 3225 anno
350 3159 491 3224 eiusdem
506 3157 561 3223 Μ0
577 3155 677 3223 0000
692 3155 785 3222 XX⁰
801 3159 924 3241 quinte.

207 3318 234 3374 A
247 3322 332 3373 budai
346 3322 533 3385 heptalannak
548 3323 624 3371 1328.
639 3321 789 3372 november·
813 3319 897 3370 wilri
919 3319 1078 3382 atiratabdl,
1100 3320 1230 3386 melynek

108 3412 230 3476 eredetije
242 3425 360 3477 megvan
374 3427 406 3466 az
420 3427 488 3462 craz.
502 3411 557 3460 lter
570 3411 669 3460 kinost.
693 3413 759 3461 oszt.
782 3411 856 3460 Mon.
870 3409 965 3462 VBud.
980 3414 1021 3461 20.
1037 3416 1060 3460 3.
1074 3409 1142 3474 dipl.
1157 3410 1227 3461 lter:

108 3506 181 3552 aleo.
194 3503 290 3553 Kozli:
305 3503 407 3554 Vincze
422 3502 523 3552 Gabor.

588 3679 742 3686 ..ω--.-

110 4067 198 4130 1325.
214 4089 283 4151 cpr.
309 4067 361 4129 21.
388 4061 419 4127 A
446 4063 550 4126 leleszi
575 4071 705 4125 recurat
731 4061 802 4124 elau
822 4034 970 4141 ritramfi
985 4057 1092 4122 ιῙάηο3
1120 4055 1228 4143 Fsepel

172 4185 245 4239 urnii
264 4175 402 4238 harolde
429 4171 541 4235 Pa‘ulu'
556 4171 715 4236 Dohdaula
732 4172 764 4232 o‘s
783 4169 985 4233 rolcoacinak
1002 4168 1159 4231 elan-ualli.

208 4333 274 4401 Nos
291 4333 477 4418 Stephanus
503 4333 685 4416 propositus
710 4335 743 4395 et
767 4333 942 4395 conventus
966 4328 1099 4392 ecclesie
1116 4333 1227 4392 sancte

108 4443 204 4506 crucis
233 4443 271 4508 de
296 4443 397 4508 Leloz
424 4443 537 4507 damus
562 4462 622 4524 pro
646 4439 811 4522 memoria,
837 4437 923 4520 quod
949 4437 1117 4502 Johannes
1142 4435 1228 4500 filius

108 4545 244 4616 Alrranm
261 4573 370 4617 coram
395 4551 488 4616 nobis
513 4549 725 4632 personaliter
750 4548 947 4612 constitutus
972 4545 1094 4609 dictum
1120 4545 1228 4609 extitit

109 4661 317 4744 pereundam,
334 4661 421 4744 quod
437 4657 601 4742 quandam
617 4657 849 4740 possessionem
868 4675 959 4719 sumn
976 4675 1034 4738 pro
1050 4659 1154 4720 morte
1171 4675 1227 4718 seu
