3130 5470
533 506 629 572 1330.
647 528 742 573 rsus.
762 509 812 573 19.
1088 577 1096 586 ,
1191 511 1254 577 467

122 683 332 768 cancellario,
364 683 520 751 Ladislao
547 682 876 770 Quinqueoclesiensi,
902 669 1041 754 Nicolao
1081 687 1259 776 Jauriensi,

121 791 307 858 Benedicto
324 791 551 878 Chansdiensi,
583 793 725 861 Herrico
758 793 1007 881 Wesprimiensi
1024 798 1098 864 aule
1130 798 1259 866 domine

120 903 234 984 regine
265 901 432 967 karissime
464 904 621 968 consortis
652 909 761 970 nostre
778 905 981 990 cancellario,
1007 903 1144 972 Andrea
1175 907 1257 972 Wa-

120 1009 276 1093 radiensi,
308 1006 451 1093 Georgio
483 1007 682 1094 Syrimiensi,
706 1010 809 1078 fratre
835 1011 936 1079 Petro
962 1011 1141 1099 Bonnensi,
1174 1015 1259 1082 Oha·

119 1115 243 1182 nadino
282 1115 446 1202 Agriensi,
470 1117 629 1184 Meskone
654 1117 825 1204 Nitriensi,
850 1117 988 1187 Andrea
1013 1122 1257 1206 Transsiluano,

118 1223 279 1290 Ladislao
295 1223 510 1308 Zagrabieusi
536 1234 568 1291 et
593 1225 694 1292 fratre
718 1227 893 1314 Rodolpho
918 1228 1074 1298 Vaciensi
1106 1232 1257 1299 ecclesia·

118 1355 194 1398 rum
211 1334 372 1418 episcopis
389 1335 541 1401 ecclesias
557 1334 609 1400 dei
640 1335 780 1402 feliciter
810 1336 1078 1420 gubernantibus,
1109 1340 1255 1424 magnifi-

120 1443 166 1506 cis
182 1442 261 1506 viris
286 1441 312 1506 J
313 1443 440 1508 ohanne
455 1443 617 1528 palatin0,
633 1443 739 1510 Paulo
764 1444 832 1510 filio
858 1444 1007 1531 Symonis
1033 1449 1139 1517 iudice
1166 1451 1255 1516 curie

119 1557 242 1634 nostre,
273 1549 444 1616 Demetrio
462 1551 617 1634 magistro
639 1551 910 1633 thavarnicorum,
943 1553 1071 1621 Thoma
1102 1557 1258 1641 wayuoda

120 1657 355 1724 Transsilvano
372 1663 405 1723 et
421 1659 537 1724 comite
555 1659 594 1724 de
620 1658 746 1742 Zonulr,
772 1659 896 1746 Mykch
923 1663 1008 1729 bano
1034 1665 1138 1731 tocius
1165 1663 1256 1730 Scla-

117 1767 222 1846 sonie,
238 1765 393 1832 Johsnne
409 1765 476 1832 filio
493 1767 629 1852 Logreti
655 1768 739 1835 bano
766 1769 806 1834 de
831 1769 991 1853 Machour,
1016 1771 1042 1838 J
1044 1773 1169 1838 ohanne
1186 1771 1255 1838 filio

117 1873 283 1957 Bobonyk
316 1875 471 1956 magistro
498 1875 761 1943 thauarnicorum
786 1877 915 1944 domine
950 1881 1062 1963 regine
1093 1881 1252 1947 consortis

122 1988 235 2047 nostre
251 1982 430 2066 karissime,
446 1983 562 2048 Desew
579 1964 687 2049 iudice
702 1985 790 2050 curie
816 1986 960 2052 eiusdem
986 1987 1115 2053 domine
1131 1990 1251 2072 regine,

115 2089 282 2173 Dyonisio
300 2089 520 2174 dapiferorum
544 2096 728 2157 nostrorum
755 2098 788 2158 et
804 2091 973 2179 Stephano
989 2117 1170 2179 agarenum
1195 2119 1250 2162 no·
1268 2126 1276 2138 ⁸

114 2205 262 2264 strorum
278 2199 452 2282 magistris,
478 2197 617 2265 Nicolao
634 2201 752 2267 comite
767 2199 959 2267 Posoniensi
985 2203 1123 2288 aliisque
1141 2223 1254 2287 quam-

116 2305 271 2390 pluribus
287 2307 379 2390 regui
393 2307 497 2373 nostri
515 2309 689 2374 comitatus
706 2307 892 2374 tenentibus
909 2315 942 2374 et
957 2311 1104 2376 honores.

228 2488 253 2538 1.
266 2488 350 2553 Iiajos
364 2489 455 2554 kirtly
472 2493 548 2540 1358.
562 2490 652 2555 majus
669 2489 748 2542 12·e'n
761 2491 820 2541 kelt
832 2489 861 2540 es
883 2491 1032 2542 »Nicotaus
1044 2491 1142 2541 Konth
1154 2492 1255 2556 paleti-

112 2594 166 2628 nus
192 2583 223 2629 et
247 2580 360 2630 Iieukus
386 2579 520 2644 magister
533 2580 728 2644 pincernarum
753 2581 805 2631 tilii
819 2581 938 2632 condam
959 2581 1086 2646 magistri
1107 2581 1254 2634 Laurenoii

111 2671 219 2718 sclavi«
235 2669 361 2721 kertsere
374 2671 511 2722 kiallttott
521 2671 591 2735 jeles
604 2671 688 2722 alakir
701 2672 882 2723 okleveltben
895 2672 995 2735 sttrve,
1017 2674 1122 2737 melyet
1143 2673 1224 2723 iamet
1237 2690 1253 2723 a

111 2760 249 2824 pozsegai
262 2760 396 2824 kaptslsn
413 2766 490 2812 1404.
500 2761 554 2824 J'ul.
569 2760 632 2811 ten
648 2761 815 2824 »Gregorius
828 2763 963 2825 plebanus
976 2763 1008 2813 de
1021 2762 1191 2812 Itohovcha‹
1208 2763 1253 2811 ke-

110 2850 205 2901 resere
218 2852 259 2900 irt
271 2851 312 2915 at,
321 2853 409 2902 enneli
433 2851 563 2916 eredetije
575 2867 694 2918 megvan
708 2867 740 2901 az
759 2867 828 2902 orsa.
852 2853 908 2902 ltar
932 2853 1031 2904 kinost.
1046 2858 1113 2904 oszt.
1127 2855 1160 2903 N.
1174 2854 1208 2904 B.
1223 2855 1247 2903 A

112 2945 193 2990 1209.
210 2944 256 2990 70.
269 2939 335 3004 dipl.
349 2941 420 2990 ltar:
443 2943 520 2990 2582.
535 2941 632 2990 Kozli:
646 2939 865 2992 Vinczthlbor.

606 3137 762 3146 -—.-—--

110 3555 213 3617 1330.
232 3552 323 3639 febr.
351 3555 400 3618 19.
433 3553 463 3618 A
491 3557 615 3640 azepesi
639 3555 799 3640 triptotam
816 3541 887 3619 oliitt
919 3553 1041 3620 Slanlci
1064 3555 1186 3621 Vilmos
1208 3579 1246 3618 uz

104 3663 253 3727 odenato
287 3663 495 3748 soltc‘szsa'pa't
529 3664 643 3726 sterile
673 3663 788 3736 fidesic
824 3658 1009 3727 lhoadsnok
1043 3663 1121 3726 ortt
1164 3667 1246 3726 droa

626 3770 741 3856 eladja.

221 3928 416 4015 Capitulum
434 3931 568 3996 ecclesie
590 3931 679 3996 beati
695 3929 833 3995 Martini
859 3929 899 3994 de
925 3928 1047 4013 Scepus
1064 3979 1071 3994 .
1088 3979 1094 3995 .
1112 3928 1154 3994 ad
1180 3931 1249 3994 uni-

101 4061 281 4108 versorum
294 4041 449 4105 noticiam
465 4089 472 4104 .
486 4089 493 4104 .
510 4040 657 4103 volumus
667 4039 844 4123 pertenire,
856 4036 944 4121 quod
954 4037 1138 4102 constitutis
1149 4037 1182 4102 in
1195 4057 1250 4100 no·

100 4152 164 4216 stri
191 4147 365 4234 presencia
399 4146 582 4230 Wyllermo
608 4147 747 4212 sculteto
764 4147 805 4211 de
823 4143 954 4212 Sclauk
981 4167 1021 4210 ex
1053 4166 1119 4209 una
1149 4150 1253 4229 parte,

99 4282 141 4324 ex
159 4259 235 4324 alia
251 4277 326 4321 vero
342 4257 500 4340 magistro
527 4255 654 4321 Thema
678 4253 746 4319 filio
771 4253 914 4338 Franch,
944 4253 1034 4318 idem
1050 4251 1252 4338 Wyllermus

98 4369 270 4434 scultetus
287 4370 336 4429 est
352 4363 516 4430 confessus
533 4365 621 4448 quod
638 4363 833 4428 sculteciam
860 4383 959 4445 quam
983 4363 1017 4425 in
1045 4361 1157 4426 eadem
1173 4361 1253 4426 villa

97 4475 212 4542 Slauk
247 4472 368 4538 habere
401 4473 631 4538 dinoscebatur
672 4471 767 4536 vendi
776 4471 878 4536 disset
918 4469 1065 4555 predicto
1096 4471 1252 4553 magistro

98 4583 237 4651 'l'home
254 4579 323 4646 filio
339 4580 473 4646 Franch
490 4602 548 4664 pro
565 4580 677 4646 decem
704 4585 737 4644 et
753 4586 827 4644 octo
857 4579 981 4643 marcis
997 4598 1183 4661 grossorum
1199 4578 1253 4642 de·

95 4695 277 4762 uariorum
296 4741 302 4755 .
320 4739 327 4755 .
344 4711 381 4755 eo
397 4689 467 4754 iure
483 4688 659 4754 secundum
685 4687 772 4776 quod
788 4689 857 4770 ipse
882 4685 1037 4770 possedit
1063 4706 1135 4750 curn
1152 4688 1253 4750 omni-

1083 4793 1145 4857 30*
