3112 5466
342 454 406 515 252
696 467 884 513 sssouuosr
901 457 1117 514 ouulurrls.

341 630 441 696 Petro
481 631 572 695 Issen
597 643 627 695 et
651 628 789 695 Nicoluc
815 629 971 694 fratribus
1002 629 1068 694 suis
1099 630 1285 696 cunalibus
1309 635 1349 699 ab
1364 635 1452 700 ultera

342 760 451 804 coram
482 739 574 804 nobis
601 738 814 822 personaliter
848 738 1033 803 constitutis
1058 736 1144 803 idem
1176 739 1278 805 abbas
1317 747 1364 808 est
1393 765 1453 808 con-

339 845 440 910 fessus
479 847 550 912 vivs
590 867 674 929 voce,
709 846 796 930 quod
822 845 919 910 iidem
958 843 1018 910 filii
1057 845 1220 912 Johannis
1254 848 1294 913 de
1327 850 1454 934 predicta

339 956 538 1040 possessione
562 977 672 1020 eorum
703 954 855 1039 Woysds
884 956 917 1020 in
948 957 1113 1021 vicinitate
1143 958 1350 1040 possessionis
1379 959 1453 1024 stn

340 1063 419 1128 dicti
434 1064 621 1128 monasterii
636 1061 727 1128 Iwan
742 1069 857 1128 uocate
873 1060 956 1149 (lgy)
973 1063 1083 1129 hebite
1097 1086 1189 1130 veras
1205 1070 1309 1130 metes
1324 1075 1415 1151 prout
1428 1070 1455 1132 in

340 1171 458 1236 litteris
475 1169 730 1254 privilegialibus
749 1171 828 1237 dicti
851 1175 1040 1240 monasterii
1065 1175 1262 1240 invenissent
1287 1197 1391 1241 coram
1413 1199 1454 1240 co-

340 1280 418 1343 mite
434 1279 534 1344 Petro
550 1280 679 1344 homine
695 1279 816 1344 domini
832 1282 916 1364 regis
941 1286 973 1346 et
997 1284 1180 1348 testimonio
1205 1283 1345 1349 hominis
1367 1287 1453 1349 nostri

341 1386 597 1453 extradedissent
612 1388 699 1453 dicto
724 1390 918 1454 monasterio
945 1395 978 1456 et
1011 1411 1069 1474 per
1087 1391 1122 1455 id
1147 1391 1260 1457 abbati
1299 1391 1454 1457 antedicto.

341 1493 466 1560 Detum
490 1496 524 1560 iu
548 1495 630 1560 festo
661 1496 748 1561 beati
773 1495 947 1562 Laurencii
978 1495 1129 1582 martiris,
1161 1519 1246 1564 anno
1273 1496 1389 1564 domini
1411 1499 1455 1563 Mo

342 1601 443 1670 000⁰
459 1604 606 1670 vicesimo
623 1611 723 1672 sexto.

448 1785 599 1850 Httlepjrtn
611 1786 728 1836 monorr'r
741 1787 832 1851 peccet
845 1789 1021 1853 nyomsiva13
1041 1787 1173 1852 credetije
1188 1789 1380 1852 Keszthelyen,
1394 1803 1453 1851 sgr.

341 1874 475 1924 Feetetics
499 1877 622 1926 cslbsn.
644 1875 830 1939 Miscellanes,
847 1881 871 1927 1.
900 1905 930 1913 —
955 1877 1026 1928 Ivs'en'
1046 1877 1234 1928 monostorrol
1257 1878 1275 1927 l.
1298 1877 1453 1942 nemelyeket

344 1963 790 2030 OrinrtrnstlMonaste1·olcgis‚1.
804 1967 862 2017 sot.
877 1969 936 2016 274.
951 1968 969 2016 l.

872 2439 947 2502 232.

343 2605 438 2667 1326.
455 2627 529 2688 cup.
548 2604 599 2666 14.
616 2599 646 2665 Α
662 2604 797 2666 uasvdri
813 2601 973 2686 leriptulrru
989 2601 1061 2666 otuu
1079 2602 1215 2690 lllrilcfoi
1230 2602 1377 2684 Pe'terfio
1395 2601 1456 2664 Pero·

341 2711 489 2797 bizonyos
505 2711 681 2776 birtolcre‘sz
706 2711 796 2775 irent
823 2705 970 2793 Cleomafi
996 2712 1128 2775 Meteon
1154 2709 1328 2796 lcdrsyc'cal
1352 2707 1457 2774 Kitcsli

527 2818 648 2884 Miletos
664 2819 845 2904 &zcrppc'cel
860 2821 893 2883 e‘s
909 2819 1123 2902 ennelcfia'cul
1141 2819 1278 2905 leieppez.

448 2998 519 3064 Nos
544 2999 722 3083 capitulum
739 3049 745 3063 .
762 3049 769 3064 .
786 2997 826 3064 de
841 2996 1064 3065 Cestrolerreo
1080 2997 1286 3064 notificemus
1303 3049 1310 3064 .
1326 3049 1334 3064 .
1349 2998 1455 3064 univer·

341 3107 393 3191 sis,
411 3108 498 3190 quod
513 3106 616 3172 Peteu
632 3105 717 3170 filius
735 3106 828 3172 Petri
852 3107 892 3172 de
916 3105 1041 3173 Melius
1067 3107 1108 3174 ab
1125 3129 1190 3173 una
1213 3113 1319 3192 perte,
1344 3107 1456 3172 domina

342 3214 482 3300 Jolynth
505 3213 575 3280 filia
599 3215 738 3281 Martini
762 3213 821 3280 tilii
847 3214 973 3282 Ohame
998 3217 1113 3281 relicta
1137 3237 1211 3282 vero
1236 3215 1367 3281 Nicolai
1390 3211 1455 3277 dicti

344 3323 384 3387 rle
401 3322 524 3388 Kuchk
539 3344 627 3389 nunc
643 3345 772 3390 consors
788 3322 954 3390 Dominioi
969 3322 1026 3388 filii
1043 3322 1174 3390 Nicolai
1190 3325 1301 3406 magni
1317 3328 1349 3387 ct
1362 3318 1456 3387 Domi-

342 3431 433 3496 nicus
448 3430 535 3496 filius
551 3431 690 3515 predicti
716 3429 845 3498 Nicolai
871 3431 910 3497 de
926 3430 1049 3497 Kuchk
1074 3433 1115 3497 ab
1141 3432 1253 3498 eadem
1269 3429 1396 3498 domins
1409 3425 1456 3493 Jo-

342 3539 436 3623 lynth
452 3545 640 3623 procreatus
657 3539 698 3606 ab
714 3539 818 3604 alters
837 3561 948 3604 coram
964 3540 1057 3606 nobis
1073 3540 1291 3624 personaliter
1307 3534 1455 3606 constituti

344 3669 439 3731 super
454 3649 555 3713 tercie
570 3653 664 3732 perte
681 3647 890 3713 dimidietetis
915 3654 1001 3714 terre
1024 3649 1164 3714 Martini
1179 3646 1239 3713 filii
1257 3645 1380 3714 Ohsrns
1393 3652 1455 3710 tem·

343 3778 422 3841 pore
438 3763 558 3838 nuptus
575 3757 676 3821 eidem
693 3755 821 3822 domine
837 3756 863 3822 J
864 3757 979 3842 olynth
988 3755 1055 3822 tilie
1072 3779 1128 3822 sue
1145 3762 1178 3821 et
1193 3777 1251 3841 per
1268 3755 1397 3822 eandem
1410 3771 1456 3815 suo
1543 3839 1544 3854 χ

344 3865 462 3930 marito
479 3863 599 3929 tradite
615 3869 648 3929 et
663 3864 790 3948 donate,
810 3887 908 3947 quem
933 3865 1063 3948 quidem
1087 3865 1222 3930 terciam
1247 3871 1372 3949 partem
1386 3867 1456 3924 terre

344 3971 471 4038 Petheu
495 3975 675 4057 prelibatus
691 3972 803 4039 ordine
826 3973 995 4040 iudiciario
1021 3975 1062 4040 ab
1088 3974 1209 4039 eisdem
1232 3972 1396 4057 requisivit
1416 3987 1460 4032 eo·

344 4081 441 4146 modo
458 4080 545 4164 quod
560 4083 593 4146 in
609 4081 726 4147 litteris
743 4101 839 4166 super
853 4082 925 4165 ipss
942 4083 1119 4148 donscicne
1144 4081 1300 4148 conlectis
1324 4097 1458 4166 persona-

345 4189 421 4254 liter
437 4210 623 4274 comparere
638 4211 710 4254 cum
725 4189 905 4259 Valentino
932 4197 964 4256 et
981 4191 1071 4256 Beke
1086 4190 1245 4256 fratribus
1262 4191 1328 4256 suis
1343 4187 1381 4254 sd
1395 4205 1458 4251 con-

346 4320 474 4364 sensum
489 4277 689 4382 prebendum
705 4303 738 4364 et
754 4321 918 4365 assensum
941 4301 1004 4384 ipsi
1027 4300 1198 4368 donacioni
1215 4303 1390 4384 compertus
1402 4314 1460 4358 non

347 4407 458 4472 extitit
473 4413 506 4472 et
521 4429 559 4471 ex
575 4429 611 4472 eo
627 4408 698 4472 iure
714 4407 824 4472 eadem
840 4409 942 4474 tercio
957 4429 1034 4493 pars
1050 4408 1111 4493 ipsi
1127 4406 1305 4492 pertineret
1320 4403 1461 4471 redinen-
1543 4449 1544 4478 l

348 4511 399 4594 de,
414 4536 472 4596 per
488 4514 755 4598 composicionem
772 4565 778 4580 .
795 4565 802 4580 .
827 4517 1004 4600 proborum
1021 4567 1028 4581 .
1044 4566 1051 4581 .
1070 4517 1213 4581 virorum
1238 4514 1384 4580 videlicet
1403 4507 1462 4573 Le-

349 4619 443 4686 ‹lislei
474 4620 532 4685 filii
564 4619 773 4707 Adympryth
805 4622 845 4687 de
869 4623 960 4708 Ssar,
991 4621 1155 4690 Johunnis
1180 4622 1240 4688 filii
1265 4619 1403 4688 Ladislsi
1424 4615 1463 4682 dc
1543 4693 1544 4728 ἦ
