3172 5462
654 465 747 530 1324.
858 518 860 528 .

667 790 738 857 154.

135 935 228 998 1324.
262 933 313 1000 Aa
339 938 408 1022 egri
434 939 592 1024 kdptulca
618 939 689 1002 eloh
714 964 735 1003 o
763 939 884 1024 Kollop
909 941 1024 1005 csaldd
1048 943 1106 1006 elei
1130 943 1266 1032 Ldlco'cfi

130 1042 354 1128 Beuedckfidt
369 1047 516 1134 bizocpos
533 1049 777 1135 bitbc'rscjc'bea
797 1047 905 1114 Szc'lcel
916 1049 1020 1114 birtolr
1036 1051 1149 1137 helpett
1165 1053 1264 1118 Bardo

479 1156 583 1221 bii-tot·
590 1157 711 1244 salevel
727 1157 857 1242 ele'pt'tr'h
873 1157 917 1222 161.

239 1348 247 1363 .
264 1348 271 1363 .
289 1299 466 1382 capitulum
483 1300 616 1364 ecclesie
641 1295 813 1382 Agriensis
830 1349 837 1364 .
854 1350 861 1364 .
877 1299 919 1364 ad
939 1301 1163 1367 universorum
1180 1303 1262 1367 noti·

129 1407 212 1472 ciam
230 1407 379 1473 volumus
395 1409 572 1492 pervenire,
596 1408 684 1492 quod
699 1406 725 1472 J
727 1409 868 1474 ohannes
894 1407 1001 1474 dictus
1017 1409 1152 1491 Lengen
1176 1408 1262 1476 filius

129 1519 280 1598 magistri
297 1515 455 1602 Stephani
470 1517 530 1582 filii
546 1517 718 1582 Michaelis
735 1516 794 1582 filii
810 1517 914 1582 Wbul
940 1539 1000 1602 pro
1016 1539 1050 1582 so
1076 1525 1109 1584 et
1123 1541 1183 1602 pro
1200 1518 1262 1582 Pe·

129 1631 181 1688 tro
197 1623 348 1708 plebano,
364 1625 529 1710 Stephano
546 1647 584 1690 ac
599 1623 737 1692 Nicolao
754 1627 891 1690 uterinis
915 1625 1071 1690 fratribus
1092 1626 1166 1707 suis,
1182 1627 1261 1691 item

128 1754 189 1818 pro
207 1733 364 1800 Ladislao
389 1740 423 1800 et
447 1734 610 1800 Michaele
636 1732 711 1798 filiis
738 1733 881 1798 eiusdem
906 1732 1078 1796 Michaelis
1104 1734 1261 1816 patruelis

129 1843 196 1906 suis
214 1865 253 1906 ex
270 1864 335 1907 una
360 1849 461 1926 parte,
486 1841 527 1906 ab
553 1843 658 1908 altera
681 1863 757 1908 vero
773 1841 892 1906 Petrus
913 1839 998 1906 filius
1015 1841 1187 1906 Benedicti
1202 1839 1261 1905 filii

129 1949 249 2014 Lwlrus
266 1950 391 2016 nobiles
407 1951 447 2016 de
467 1951 623 2016 comitatu
639 1950 678 2014 de
695 1949 852 2016 Zobouch
868 2000 875 2016 .
891 1999 898 2014 .
915 1949 1107 2032 retulerunt,
1124 1949 1211 2034 quod
1226 1951 1260 2015 in

130 2060 235 2124 causis
252 2079 333 2142 quas
357 2058 418 2125 filii
443 2060 591 2142 magistri
616 2057 775 2144 Stephani
800 2064 833 2124 et
849 2057 908 2122 filii
938 2057 1112 2122 Michaelis
1128 2059 1259 2123 racione

130 2167 216 2234 dotis
233 2174 266 2233 et
281 2188 391 2232 rerum
406 2167 658 2251 paralernalium
673 2167 791 2232 nobilis
808 2167 934 2232 domine
959 2167 1071 2231 relicte
1087 2167 1178 2230 Petri
1195 2164 1257 2230 filii

131 2276 275 2342 eiusdem
308 2276 426 2341 kaus
453 2278 572 2342 sororis
603 2277 747 2359 ipsorum
772 2276 837 2339 iarn
862 2275 1012 2340 defuncte
1037 2275 1258 2340 movissent..

130 2391 243 2450 eontra
258 2386 363 2468 ipsum
379 2384 516 2449 Petrum
526 2383 627 2448 filium
638 2383 809 2448 Benedicti
824 2433 832 2448 .
848 2433 855 2448 .
873 2383 983 2448 taliter
1000 2381 1258 2462 concordassent,

130 2492 216 2576 quod
232 2493 319 2557 idem
344 2493 464 2558 Petrus
489 2491 575 2557 filius
601 2491 771 2556 Benedicti
797 2497 900 2558 totam
916 2492 1100 2575 porcionem
1117 2511 1209 2554 suam
1224 2490 1258 2555 in

130 2608 217 2666 terra
233 2601 338 2666 Zekul
362 2607 477 2666 vocata
501 2601 646 2666 habitam
670 2602 704 2664 in
721 2599 832 2666 eodem
849 2601 1004 2667 comitatu
1020 2601 1209 2664 existentem
1226 2649 1256 2664 ..

130 2733 200 2774 cum
217 2710 374 2774 universis
400 2708 597 2774 utilitatibus
619 2715 651 2774 et
668 2760 675 2774 .
692 2760 698 2774 .
714 2715 891 2792 patronatu
917 2709 1048 2773 ecclesie
1074 2707 1162 2773 beati
1193 2707 1256 2772 Mi-

130 2817 248 2881 ehaelis
274 2817 459 2900 archangeli
483 2818 517 2881 in
548 2818 658 2882 eadem
683 2823 771 2882 terra
794 2817 898 2882 Zekul
923 2817 1057 2882 fundate
1073 2866 1079 2881 .
1096 2867 1103 2881 .
1119 2817 1256 2900 receptis

130 2926 228 2989 eciam
244 2926 360 3007 viginti
384 2948 440 2990 sex
459 2927 575 2992 mareis
591 2977 623 2992 ..
648 2925 790 2990 dedisset
805 2926 882 3010 ipsis
909 2925 984 2990 filiis
1009 2926 1157 3006 magistri
1184 2922 1255 2989 Ste-

130 3034 224 3115 phani
242 3040 275 3098 et
290 3033 364 3099 filiis
381 3034 560 3118 Michaelis,
587 3057 604 3100 e
621 3056 775 3100 conuerso
785 3033 870 3098 idem
885 3033 910 3099 J
912 3034 1053 3098 ohannes
1070 3033 1205 3113 Lengen
1221 3083 1228 3096 .
1245 3081 1252 3096 .

131 3141 359 3207 dimidietatem
383 3143 593 3227 possessionis
618 3143 713 3208 Bank
737 3149 848 3209 vocate
873 3165 970 3226 quam
985 3141 1153 3207 Johannes
1168 3141 1255 3206 filius

130 3247 223 3314 Pauli
239 3249 298 3314 filii
314 3251 415 3334 ipsius
440 3251 554 3317 Lukus
569 3253 602 3317 in
627 3252 789 3317 racionem
807 3251 891 3316 dicte
907 3250 991 3316 dotis
1009 3249 1128 3315 eisdem
1145 3255 1255 3316 contu·

130 3355 210 3422 lerat
235 3358 323 3424 dicto
342 3355 443 3426 Petro
459 3359 526 3426 filio
551 3359 770 3426 Benedicti..
795 3359 971 3442 resignavit
987 3408 1017 3424 ..
1042 3357 1254 3424 Presentibus

129 3467 280 3548 magistro
304 3467 405 3533 Petro
430 3469 604 3552 preposito,
629 3465 1077 3548 111661661661666111661166
1109 3472 1252 3548 cantore,

129 3573 152 3638 J
155 3575 277 3640 ohanne
294 3575 437 3661 custode,
462 3576 636 3642 Dominico
663 3577 702 3642 de
718 3577 852 3668 Wyvar‚
877 3575 1029 3642 Waltero
1047 3578 1086 3642 do
1102 3575 1253 3640 Borusua

128 3681 304 3749 Laurenoio
322 3684 361 3748 de
377 3684 514 3769 Kemey‚
531 3685 631 3751 Petro
648 3685 687 3750 de
703 3686 847 3770 Zenrlen,
864 3689 1042 3756 Benedicto
1059 3690 1098 3754 de
1114 3691 1253 3778 Borsud‚

129 3791 189 3856 alio
213 3791 391 3858 Benedicto
419 3792 459 3858 de
485 3793 598 3876 Hung,
624 3792 795 3879 Stephano=
817 3795 856 3860 de
872 3797 990 3880 Heres,
1009 3798 1118 3864 David
1135 3799 1174 3863 de
1190 3798 1253 3864 Zo-

128 3897 236 3980 houeh,
251 3902 408 3982 magistro
425 3901 525 3967 Petro
542 3901 581 3967 de
606 3901 752 3968 Sombun
768 3905 1014 3989 archidiaconis,
1030 3929 1115 3973 anno
1132 3906 1253 3972 domini

128 4004 400 4074 611066οΧΧο
426 4015 543 4092 quarto
559 4059 566 4075 .
582 4060 589 4074 .
605 4017 762 4094 regnante
788 4011 914 4079 Karolo
930 4015 1052 4080 illustri
1067 4037 1142 4098 rege
1158 4015 1252 4080 Hun-

129 4116 221 4196 gan'e,
244 4115 398 4182 Boleslao
425 4115 650 4201 Strigoniensi,
675 4119 830 4186 Ladislao
857 4119 1025 4188 Colocensi
1041 4125 1251 4207 archiepisco-

129 4222 174 4303 pis
191 4229 221 4288 et
244 4224 372 4291 domino
397 4233 507 4293 nostro
532 4226 706 4294 venerabili
732 4236 825 4313 patre
850 4227 1040 4297 Chanadino
1066 4231 1117 4297 dei
1143 4233 1251 4314 gracia

128 4329 268 4415 episcopo
284 4329 439 4417 Agriensi
454 4334 674 4401 existentibus.

228 4477 323 4544 Fbggo
336 4479 429 4542 peccet
440 4481 615 4546 nyomsiva13
636 4481 764 4547 credetije
778 4497 794 4533 a
806 4483 839 4532 N.
853 4484 1047 4549 Muzeurnhan,
1061 4501 1078 4538 s
1099 4487 1200 4554 Kallay
1213 4503 1249 4540 cs.

127 4563 254 4618 hartheu.

602 4680 760 4693 -u-
