3172 5462
318 467 381 529 lla
669 476 858 526 insonnem
874 465 1091 527 onnlnrrla.

318 643 404 710 filius
419 640 592 710 Michaelis
608 642 648 708 de
665 638 803 726 Semien,
827 661 867 708 ex
884 641 988 710 altera
1012 661 1087 709 vero
1113 641 1240 710 Hamus
1264 642 1367 710 frater
1383 641 1455 710 Ste-

320 753 418 836 phani
443 751 591 836 magistri
616 751 656 817 de
671 749 842 820 Varadino
873 751 1091 836 personaliter
1122 773 1232 818 coram
1259 751 1353 819 nobis
1379 757 1457 819 sunt

319 861 488 928 constituti
503 860 575 927 viva
590 881 668 927 voce
684 859 799 926 sabato
815 861 964 945 proximo
981 865 1058 926 ante
1075 859 1270 928 dominicam
1286 859 1402 946 Pasce,
1418 868 1457 928 ut

319 992 418 1034 unum
430 989 521 1034 ecum
531 965 615 1054 (igy)
625 988 688 1052 peg
699 969 815 1034 coloris
826 969 983 1052 magistro
994 967 1150 1036 Michaeli
1161 975 1303 1052 quatuor
1313 969 1456 1036 marchis

321 1077 403 1164 (igy)
415 1077 569 1160 vendidit,
578 1078 626 1142 ita
636 1081 746 1142 tamen
762 1076 850 1161 quod
859 1078 887 1142 si
897 1077 1008 1161 aliqua
1019 1075 1101 1164 (igy)
1111 1098 1263 1162 processu
1272 1081 1458 1162 temporum

321 1211 380 1254 ecu
395 1184 477 1272 (igy)
494 1186 756 1272 prenominatum
772 1187 806 1251 in
822 1187 989 1270 provincia
1009 1186 1114 1252 Bihor
1124 1187 1362 1271 captivaverint
1371 1186 1459 1252 idem

322 1295 450 1362 Hamus
476 1294 718 1378 prenominatus
743 1296 879 1360 asumsit
904 1301 937 1361 et
962 1295 1121 1380 obligavit
1146 1317 1179 1360 se
1204 1296 1358 1379 expedire
1384 1317 1459 1380 pro·

321 1405 400 1490 priis
416 1403 583 1470 laboribus
600 1409 632 1468 et
648 1404 796 1487 expensis
812 1426 868 1468 seu
895 1403 1075 1469 defendero.
1101 1404 1226 1470 Datum
1251 1404 1369 1472 sabato
1385 1425 1459 1490 pre·

324 1515 446 1596 notato,
463 1533 548 1578 anno
565 1512 685 1576 domini
701 1509 755 1576 Μ0
771 1509 872 1579 000⁰
889 1509 983 1576 ΧΧ0
1000 1515 1126 1596 quarto.

432 1674 562 1724 Zairlattu
575 1674 622 1724 ket
634 1675 782 1742 pecsdtte15
802 1675 934 1741 eredetijc
948 1690 965 1725 a
977 1675 1011 1726 N.
1023 1675 1216 1738 Mrrzeumban,
1225 1689 1242 1724 a
1254 1674 1357 1740 Kaluy
1370 1691 1407 1726 os.
1422 1676 1459 1725 lt·

327 1767 388 1815 ban.
401 1765 497 1816 szli:
517 1764 644 1832 Taganyi
657 1766 690 1816 K.

831 1929 966 1940 ‚.-—-=

331 2329 425 2393 1324.
443 2339 537 2393 mort.
554 2331 606 2394 25.
631 2330 655 2394 I
683 2328 809 2414 Kcirolp
824 2330 934 2416 lciruilp
950 2355 988 2395 aa
1005 2329 1127 2415 crde'lyi
1152 2333 1251 2416 oajclc
1278 2333 1464 2418 idrcc'nplce·

330 2437 395 2500 adsi
410 2436 583 2522 baidsdpa't
601 2436 727 2521 teljescu
748 2437 968 2523 cicazodllitjc
984 2463 999 2502 s
1016 2461 1054 2501 aa
1070 2439 1168 2502 carraria
1185 2438 1352 2503 sdrelme're
1369 2440 1466 2524 edila]

330 2543 454 2610 kiudott
481 2545 611 2609 minden
626 2545 784 2631 felmcotr'i
809 2545 913 2610 leoele't
938 2546 1144 2629 feissaaeoeja
1164 2549 1196 2610 e's
1212 2547 1465 2631 croe'nyteleniti.

438 2703 584 2771 Karolus
600 2755 607 2770 .
625 2754 632 2771 .
647 2727 704 2771 rex
720 2755 727 2771 .
744 2755 751 2770 .
767 2706 810 2771 ad
834 2707 1055 2772 universorum
1080 2705 1233 2772 noticiam
1259 2711 1375 2774 tenore
1393 2731 1466 2792 pre-

332 2815 474 2879 sencium
503 2815 651 2880 volumus
681 2815 856 2898 pervenire,
889 2815 977 2899 quod
1001 2815 1077 2880 licet
1101 2837 1159 2880 nos
1191 2837 1228 2880 eo
1259 2817 1465 2882 necessitatis

333 2925 443 2988 nostre
459 2927 604 3007 tempore
621 2945 684 3008 quo
701 2924 954 3008 gubernaculum
978 2924 1070 3008 regni
1096 2925 1199 2989 nostri
1216 2924 1258 2989 ad
1275 2946 1392 2990 manus
1408 2946 1465 2990 no·

334 3037 418 3096 strae
433 3031 539 3114 regias
554 3031 697 3097 nondum
712 3033 807 3116 plene
822 3033 996 3098 devenerat
1022 3053 1081 3116 per
1096 3033 1378 3116 nephandissimos
1393 3031 1465 3098 infi-

334 3139 453 3204 delium
468 3143 652 3204 nostrorum
667 3162 835 3224 processus
851 3143 955 3208 coacti
971 3140 1065 3207 nobis
1080 3141 1249 3225 providere
1266 3141 1306 3207 de
1321 3143 1467 3208 remedio

334 3252 516 3332 opportuno
533 3249 691 3332 quosdam
707 3251 747 3316 de
763 3251 911 3335 partibus
936 3251 1161 3316 transsilvauis
1177 3273 1314 3335 quorum
1331 3253 1467 3334 peticio·

334 3356 430 3422 nibus
446 3357 486 3422 de
502 3358 554 3422 via
569 3360 761 3424 necessitate
777 3359 974 3425 debebamus
984 3359 1134 3424 inclinari
1151 3381 1171 3424 a
1186 3359 1306 3423 iudicio
1323 3365 1356 3423 ot
1370 3360 1466 3424 iuris-

336 3464 479 3530 diccione
494 3467 648 3549 uoyuode
664 3469 872 3534 transsilvani
882 3489 941 3552 pro
951 3471 1097 3552 tempore
1109 3467 1278 3532 constituti
1289 3467 1468 3532 eximentes

335 3577 449 3640 nostro
480 3578 607 3640 tantum
637 3573 756 3641 indicio
787 3575 973 3641 duxerimus
1003 3573 1224 3657 reservandos,
1253 3574 1331 3658 quia
1356 3579 1469 3640 tamen

336 3681 465 3746 favente
490 3704 528 3748 eo
554 3683 644 3748 ciuus
661 3689 710 3748 est
726 3689 816 3749 terra
842 3689 875 3749 et
899 3683 1069 3768 plenitudo
1095 3684 1173 3766 eius,
1199 3683 1294 3765 pleno
1315 3683 1468 3766 regimini

336 3791 428 3873 regni
444 3793 546 3856 nostri
562 3792 597 3856 in
613 3791 700 3858 omni
716 3793 765 3857 sui
781 3797 874 3876 parte
893 3790 1075 3858 infidelium
1089 3795 1275 3856 nostrorum
1291 3790 1469 3856 insultibus

336 3920 470 3985 prorsus
496 3901 624 3966 enitatis
649 3902 713 3966 iam
739 3899 877 3966 feliciter
902 3900 1110 3985 presidemus,
1134 3901 1298 3966 iusticiam
1323 3899 1468 3982 cuilibet,

338 4010 609 4093 quemadmodum
626 4031 666 4074 ex
683 4009 789 4076 officio
814 4011 908 4076 nobis
939 4010 1138 4076 incumbenti
1157 4014 1315 4092 tenemur,
1330 4008 1469 4074 reddere

338 4118 511 4203 cupientes,
528 4119 606 4203 quia
621 4118 723 4184 eciam
738 4117 944 4204 magnifieum
959 4119 1063 4184 virum
1089 4117 1250 4184 Thomam
1277 4116 1469 4203 woyuodam

338 4226 588 4291 transsilvanum
604 4231 638 4292 ct
654 4227 802 4292 comitem
819 4227 859 4292 de
874 4225 992 4293 Zonuk
1018 4225 1174 4292 dilectum
1200 4229 1234 4291 et
1258 4223 1387 4292 fidelem
1412 4248 1470 4293 no·

337 4339 449 4416 strum,
465 4355 560 4416 quem
575 4355 634 4399 nos
650 4339 783 4418 propter
798 4333 1013 4400 laudabilium
1027 4354 1158 4400 suarum
1184 4332 1379 4399 fidelitatum
1397 4355 1472 4417 pre·

338 4440 428 4506 clara
443 4442 560 4507 merita
585 4443 627 4508 ad
652 4439 868 4508 assistendum
893 4443 1013 4528 iugiter
1037 4443 1126 4527 regio
1151 4442 1249 4508 lateri
1275 4447 1386 4509 nostro
1412 4463 1473 4527 pre

340 4547 412 4612 aliis
437 4550 556 4615 nostris
580 4548 730 4616 fidelibus
755 4551 953 4636 elegeramus
979 4553 1012 4616 et
1037 4550 1079 4616 ad
1104 4549 1274 4616 continuas
1295 4569 1413 4632 preces
1439 4555 1475 4616 et

344 4657 519 4722 instancias
536 4656 728 4725 subiectivas
746 4656 913 4726 hominum
937 4659 1228 4727 transsilvanorum
1251 4656 1400 4725 fidelium
1417 4681 1477 4728 uo·
