3154 5474
568 517 663 581 1331.
681 533 755 581 suo.
774 519 801 580 1.
842 587 846 594 ,

645 915 720 979 467.

116 1081 212 1144 1331.
238 1077 406 1164 l'ieeprdd,
424 1101 498 1163 cup.
517 1080 546 1143 1.
563 1081 591 1144 Ι.
606 1078 731 1164 Ku'rolp
747 1077 861 1164 lcirdlp
880 1077 1139 1166 Bajoolcfidnclc
1154 1076 1247 1144 Ma‘r·

115 1188 238 1252 torraclo
251 1187 374 1274 Nyitrc
385 1179 715 1272 vurmeppeisslpfcne
725 1195 806 1252 creuit
817 1186 958 1253 diriolcrit
968 1186 1120 1276 Elefuuti
1129 1188 1246 1254 Dezsu-

516 1295 576 1359 nelo
593 1294 842 1381 cdoavdnpozza.

220 1454 292 1522 Nos
307 1454 454 1521 Karolns
471 1505 478 1520 .
495 1504 501 1520 .
519 1476 576 1520 rex
593 1505 599 1520 .
617 1504 624 1520 .
656 1453 873 1539 significamus
890 1505 897 1521 .
914 1505 921 1521 .
952 1454 1040 1541 quod
1064 1457 1140 1540 quia
1156 1455 1246 1523 Mar·

113 1565 200 1630 tinus
230 1565 318 1630 filius
344 1563 485 1650 Boynnk
500 1561 639 1630 infidelis
663 1568 774 1630 noster
798 1569 978 1649 aggregata
1009 1565 1069 1632 sibi
1089 1563 1246 1650 Stephani

115 1673 218 1738 boemi
251 1673 401 1738 similiter
426 1672 530 1739 nostri
553 1671 694 1738 infidelis
725 1674 875 1758 potencia
900 1673 1053 1740 adversus
1076 1694 1246 1758 processus

114 1786 229 1847 contra
246 1803 305 1847 nos
324 1785 356 1846 et
380 1781 473 1866 regni
498 1781 603 1847 nostri
627 1780 739 1847 fideles
764 1803 783 1847 a
807 1781 956 1866 pluribus
980 1783 1150 1848 retroactis
1166 1787 1245 1848 teni·

109 1889 245 1973 poribus
272 1890 474 1955 committere
499 1910 565 1954 non
591 1891 720 1974 expavit
753 1891 819 1956 imo
845 1891 996 1957 continuo
1020 1889 1245 1957 infidelitatem

112 1997 300 2064 infidelitati
332 1997 549 2064 accumulavit
580 2019 645 2065 non
677 1997 847 2064 advertens
887 2000 975 2085 quod
1015 2001 1072 2084 qui
1103 2000 1246 2065 naturali

110 2105 240 2172 domino
273 2106 385 2172 obesse
418 2105 596 2173 moliuntur
628 2107 744 2173 divinis
780 2107 1051 2192 disposicionibus
1075 2107 1245 2174 manifeste

108 2214 257 2280 videntur
284 2214 422 2298 obviare,
454 2215 495 2282 ob
512 2215 574 2283 hoc
588 2216 695 2300 ipsum
711 2215 895 2282 Martinum
911 2217 945 2281 in
961 2237 1017 2282 sne
1040 2215 1244 2282 infidelitatis

108 2325 321 2408 perversitate
336 2325 544 2390 interemtum
562 2325 714 2409 porcione
725 2325 937 2409 possessionis
953 2345 1008 2390 sue
1024 2325 1058 2390 in
1077 2323 1245 2408 Elephant

109 2435 220 2502 habite
252 2433 403 2500 (luximus
435 2434 639 2519 spoliandum
672 2439 709 2500 ut
742 2436 845 2520 ipsius
877 2434 1011 2501 heredes
1053 2439 1243 2518 perpetuam

110 2544 281 2628 deplorent
313 2549 489 2628 egestatem
524 2565 621 2628 quam
647 2543 753 2610 dictus
778 2543 945 2610 Martinus
971 2542 1147 2609 dinoscitur
1171 2564 1244 2626 pro·

109 2653 277 2734 meruisse,
295 2657 327 2716 et
345 2652 421 2735 quia
437 2673 543 2717 comes
559 2652 670 2717 Deseu
686 2652 724 2718 de
740 2651 908 2736 Elephsnt
924 2651 1062 2718 dilectus
1087 2654 1120 2715 ct
1138 2647 1244 2714 fidelis

109 2765 222 2827 noster
247 2783 268 2826 a
297 2760 408 2826 multis
433 2761 636 2844 temporibus
661 2761 833 2827 retroactis
859 2781 986 2844 semper
1010 2762 1123 2826 nostro
1147 2757 1245 2823 lateri

111 2891 184 2935 curn
201 2890 325 2934 summe
340 2867 506 2934 fidelitatis
523 2868 681 2934 desiderio
700 2873 731 2934 et
744 2869 849 2934 votive
866 2866 1093 2934 sollicitudinis
1110 2865 1244 2949 diligen·

110 2979 161 3044 cin
177 2976 363 3043 adherendo
389 2977 483 3042 nobis
500 2981 532 3042 et
548 2997 637 3042 sacre
654 2997 772 3044 corone
787 2977 877 3061 regie
896 2974 1084 3043 fidelissima
1109 2973 1243 3040 servicia

108 3085 180 3152 loco
197 3092 232 3151 et
247 3085 449 3169 temporibus
466 3087 635 3170 oportunis
652 3089 684 3150 et
700 3084 876 3152 admodum
895 3084 1087 3150 necessariis
1098 3081 1244 3148 exhibuit

108 3199 141 3258 et
157 3193 318 3278 impendit
334 3192 500 3278 indefesse,
517 3198 549 3260 et
564 3215 605 3259 ne
621 3193 722 3278 ipsius
740 3193 873 3259 servicia
889 3190 1096 3277 aliquomodo
1121 3190 1245 3273 absque

108 3303 224 3385 aliqua
239 3300 341 3385 regali
357 3303 620 3369 remuneracione
635 3302 834 3386 pertransire
850 3300 1025 3385 videamur,
1035 3303 1244 3386 prenotatam

107 3411 299 3494 porcionem
333 3412 546 3494 possessionis
577 3410 656 3478 dieti
686 3405 826 3477 Martini
856 3409 891 3474 in
921 3408 1050 3495 prefata
1080 3408 1247 3493 Elephant

108 3519 256 3584 habitam
271 3518 306 3583 in
333 3521 489 3585 comitatu
512 3517 673 3585 Nitriensi
698 3520 889 3585 existentem
914 3541 987 3585 cum
1011 3517 1160 3586 omnibus
1181 3515 1246 3581 suis

110 3627 359 3692 utilitatibus..
392 3626 582 3694 donavimus
599 3633 632 3693 et
656 3627 852 3694 contulimus
875 3628 939 3711 ipsi
963 3627 1120 3710 magistro
1135 3623 1246 3690 Deseu

111 3736 152 3800 de
167 3735 306 3800 Elefsnt
321 3785 328 3800 .
346 3785 353 3801 .
374 3741 532 3820 perpetuo
548 3735 798 3820 possidendam.
815 3787 823 3802 .
848 3736 973 3802 Datum
988 3736 1022 3800 in
1038 3730 1247 3818 Wyssegrad,

109 3846 144 3909 in
161 3844 287 3910 octavis
302 3843 389 3910 beati
405 3843 430 3910 J
432 3845 524 3912 ucobi
542 3845 692 3932 apostoli,
709 3866 792 3912 anno
809 3844 931 3912 domini
946 3843 1124 3911 Millesimo
1147 3837 1248 3910 0000

110 3949 245 4017 XXX⁰
261 3953 373 4036 primo.

222 4117 244 4166 1.
259 4115 342 4180 Lajos
366 4115 514 4181 kir·rllynak
530 4118 667 4168 1347-ben
678 4116 775 4183 junius
789 4117 870 4168 wan
895 4117 963 4181 hell,
986 4116 1108 4168 Elefanti
1133 4113 1244 4181 Minsry

109 4211 217 4258 mester
230 4205 341 4257 kertere
354 4206 464 4257 kiadctt
488 4207 647 4270 dtiratabbl,
672 4209 802 4272 melynek
822 4207 955 4272 eredetije
976 4221 1093 4272 megvsn
1119 4221 1151 4256 aa
1175 4220 1244 4256 orsa.

111 4297 167 4348 ltar
182 4298 284 4348 sinent.
298 4300 363 4346 oszt.
377 4298 411 4349 N.
425 4297 458 4346 n.
473 4297 506 4348 A.
521 4300 583 4348 870.
598 4302 622 4348 7.
637 4297 704 4362 dipl.
718 4297 790 4349 liar:
812 4299 890 4349 2674.
904 4297 1002 4348 Kozli:
1017 4295 1126 4348 Kovtcs
1139 4295 1173 4348 N.

150 4851 309 4888 sssornour
325 4838 498 4890 ounlsrrln.
516 4851 545 4889 υ.
562 4841 622 4886 nor.
