<?xml version="1.0" encoding="UTF-8"?>
<!DOCTYPE html PUBLIC "-//W3C//DTD XHTML 1.0 Transitional//EN"
    "http://www.w3.org/TR/xhtml1/DTD/xhtml1-transitional.dtd">
<html xmlns="http://www.w3.org/1999/xhtml" xml:lang="en" lang="en">
 <head>
  <title>
</title>
<meta http-equiv="Content-Type" content="text/html;charset=utf-8" />
  <meta name='ocr-system' content='tesseract 3.04.00' />
  <meta name='ocr-capabilities' content='ocr_page ocr_carea ocr_par ocr_line ocrx_word'/>
</head>
<body>
  <div class='ocr_page' id='page_1' title='image "./codexdiplomatic01nagygoog_0633.png"; bbox 0 0 3152 5472; ppageno 0'>
   <div class='ocr_carea' id='block_1_1' title="bbox 332 407 1107 482">
    <p class='ocr_par' dir='ltr' id='par_1_1' title="bbox 332 407 1107 482">
     <span class='ocr_line' id='line_1_1' title="bbox 332 407 1107 482; baseline 0 -4"><span class='ocrx_word' id='word_1_1' title='bbox 332 419 396 482; x_wconf 83' lang='grc'><strong>616</strong></span> <span class='ocrx_word' id='word_1_2' title='bbox 683 407 1107 479; x_wconf 70' lang='lat' dir='ltr'><strong>aureusoau&#39;ouuluurln.</strong></span> 
     </span>
    </p>
   </div>
   <div class='ocr_carea' id='block_1_2' title="bbox 331 593 1438 2748">
    <p class='ocr_par' dir='ltr' id='par_1_2' title="bbox 332 593 1417 680">
     <span class='ocr_line' id='line_1_2' title="bbox 332 593 1417 680; baseline 0.001 -17"><span class='ocrx_word' id='word_1_3' title='bbox 332 600 436 666; x_wconf 85' lang='lat' dir='ltr'><strong>altero</strong></span> <span class='ocrx_word' id='word_1_4' title='bbox 461 597 487 664; x_wconf 82' lang='lat' dir='ltr'><strong>J</strong></span> <span class='ocrx_word' id='word_1_5' title='bbox 488 598 614 664; x_wconf 87' lang='lat' dir='ltr'><strong>ohanne</strong></span> <span class='ocrx_word' id='word_1_6' title='bbox 641 617 680 660; x_wconf 88' lang='lat' dir='ltr'><strong>ac</strong></span> <span class='ocrx_word' id='word_1_7' title='bbox 703 593 842 660; x_wconf 86' lang='lat' dir='ltr'><strong>Nicolao</strong></span> <span class='ocrx_word' id='word_1_8' title='bbox 859 593 935 660; x_wconf 89' lang='lat' dir='ltr'><strong>filiis</strong></span> <span class='ocrx_word' id='word_1_9' title='bbox 961 593 1027 659; x_wconf 89' lang='lat' dir='ltr'><strong>suis</strong></span> <span class='ocrx_word' id='word_1_10' title='bbox 1043 593 1086 660; x_wconf 89' lang='lat' dir='ltr'><strong>ab</strong></span> <span class='ocrx_word' id='word_1_11' title='bbox 1106 617 1180 678; x_wconf 78' lang='lat' dir='ltr'><strong>una,</strong></span> <span class='ocrx_word' id='word_1_12' title='bbox 1205 595 1278 661; x_wconf 87' lang='lat' dir='ltr'><strong>item</strong></span> <span class='ocrx_word' id='word_1_13' title='bbox 1298 597 1417 680; x_wconf 85' lang='lat' dir='ltr'><strong>magistro</strong></span> 
     </span>
    </p>

    <p class='ocr_par' dir='ltr' id='par_1_3' title="bbox 332 703 1418 790">
     <span class='ocr_line' id='line_1_3' title="bbox 332 703 1418 790; baseline -0.001 -16"><span class='ocrx_word' id='word_1_14' title='bbox 332 707 460 782; x_wconf 81' lang='lat' dir='ltr'><strong>Thema</strong></span> <span class='ocrx_word' id='word_1_15' title='bbox 474 706 542 774; x_wconf 90' lang='lat' dir='ltr'><strong>filio</strong></span> <span class='ocrx_word' id='word_1_16' title='bbox 558 706 651 774; x_wconf 90' lang='lat' dir='ltr'><strong>Petri</strong></span> <span class='ocrx_word' id='word_1_17' title='bbox 667 705 778 790; x_wconf 87' lang='lat' dir='ltr'><strong>magni</strong></span> <span class='ocrx_word' id='word_1_18' title='bbox 804 703 982 770; x_wconf 88' lang='lat' dir='ltr'><strong>castellano</strong></span> <span class='ocrx_word' id='word_1_19' title='bbox 999 707 1110 769; x_wconf 89' lang='lat' dir='ltr'><strong>nostro</strong></span> <span class='ocrx_word' id='word_1_20' title='bbox 1126 703 1166 770; x_wconf 92' lang='lat' dir='ltr'><strong>de</strong></span> <span class='ocrx_word' id='word_1_21' title='bbox 1185 703 1334 770; x_wconf 84' lang='lat' dir='ltr'><strong>Ohokaku</strong></span> <span class='ocrx_word' id='word_1_22' title='bbox 1353 712 1377 772; x_wconf 90' lang='lat' dir='ltr'><strong>et</strong></span> <span class='ocrx_word' id='word_1_23' title='bbox 1389 708 1418 773; x_wconf 90' lang='lat' dir='ltr'><strong>de</strong></span> 
     </span>
    </p>

    <p class='ocr_par' dir='ltr' id='par_1_4' title="bbox 333 809 1418 897">
     <span class='ocr_line' id='line_1_4' title="bbox 333 809 1418 897; baseline -0.001 -16"><span class='ocrx_word' id='word_1_24' title='bbox 333 813 456 882; x_wconf 84' lang='lat' dir='ltr'><strong>Geztus</strong></span> <span class='ocrx_word' id='word_1_25' title='bbox 472 815 625 882; x_wconf 79' lang='lat' dir='ltr'><strong>familiari</strong></span> <span class='ocrx_word' id='word_1_26' title='bbox 641 813 733 881; x_wconf 88' lang='lat' dir='ltr'><strong>nobis</strong></span> <span class='ocrx_word' id='word_1_27' title='bbox 760 816 794 880; x_wconf 90' lang='lat' dir='ltr'><strong>et</strong></span> <span class='ocrx_word' id='word_1_28' title='bbox 816 809 907 878; x_wconf 89' lang='lat' dir='ltr'><strong>fideli</strong></span> <span class='ocrx_word' id='word_1_29' title='bbox 931 819 1024 897; x_wconf 87' lang='lat' dir='ltr'><strong>parte</strong></span> <span class='ocrx_word' id='word_1_30' title='bbox 1049 813 1091 878; x_wconf 89' lang='lat' dir='ltr'><strong>ab</strong></span> <span class='ocrx_word' id='word_1_31' title='bbox 1115 813 1220 879; x_wconf 87' lang='lat' dir='ltr'><strong>altera</strong></span> <span class='ocrx_word' id='word_1_32' title='bbox 1245 815 1418 880; x_wconf 84' lang='lat' dir='ltr'><strong>caramuelis</strong></span> 
     </span>
    </p>

    <p class='ocr_par' dir='ltr' id='par_1_5' title="bbox 331 921 1419 1011">
     <span class='ocr_line' id='line_1_5' title="bbox 331 921 1419 1011; baseline -0.004 -19"><span class='ocrx_word' id='word_1_33' title='bbox 331 925 547 1011; x_wconf 77' lang='lat' dir='ltr'><strong>personaliter</strong></span> <span class='ocrx_word' id='word_1_34' title='bbox 564 923 757 1006; x_wconf 86' lang='lat' dir='ltr'><strong>constitutis,</strong></span> <span class='ocrx_word' id='word_1_35' title='bbox 773 922 860 988; x_wconf 92' lang='lat' dir='ltr'><strong>idem</strong></span> <span class='ocrx_word' id='word_1_36' title='bbox 875 921 1032 1006; x_wconf 87' lang='lat' dir='ltr'><strong>magister</strong></span> <span class='ocrx_word' id='word_1_37' title='bbox 1047 921 1245 988; x_wconf 91' lang='lat' dir='ltr'><strong>Prehtoldus</strong></span> <span class='ocrx_word' id='word_1_38' title='bbox 1261 927 1346 989; x_wconf 85' lang='lat' dir='ltr'><strong>suaet</strong></span> <span class='ocrx_word' id='word_1_39' title='bbox 1357 923 1419 989; x_wconf 82' lang='lat' dir='ltr'><strong>dicte</strong></span> 
     </span>
    </p>

    <p class='ocr_par' dir='ltr' id='par_1_6' title="bbox 332 1029 1421 1123">
     <span class='ocr_line' id='line_1_6' title="bbox 332 1029 1421 1123; baseline -0.002 -25"><span class='ocrx_word' id='word_1_40' title='bbox 332 1033 459 1099; x_wconf 88' lang='lat' dir='ltr'><strong>domine</strong></span> <span class='ocrx_word' id='word_1_41' title='bbox 475 1033 717 1123; x_wconf 23' lang='lat' dir='ltr'><strong>consortialeiue</strong></span> <span class='ocrx_word' id='word_1_42' title='bbox 731 1031 861 1098; x_wconf 91' lang='lat' dir='ltr'><strong>nomine</strong></span> <span class='ocrx_word' id='word_1_43' title='bbox 886 1037 919 1096; x_wconf 90' lang='lat' dir='ltr'><strong>et</strong></span> <span class='ocrx_word' id='word_1_44' title='bbox 943 1030 1009 1096; x_wconf 86' lang='lat' dir='ltr'><strong>uice</strong></span> <span class='ocrx_word' id='word_1_45' title='bbox 1034 1051 1073 1096; x_wconf 88' lang='lat' dir='ltr'><strong>ao</strong></span> <span class='ocrx_word' id='word_1_46' title='bbox 1095 1029 1234 1114; x_wconf 78' lang='lat' dir='ltr'><strong>predicti</strong></span> <span class='ocrx_word' id='word_1_47' title='bbox 1250 1030 1354 1097; x_wconf 90' lang='lat' dir='ltr'><strong>filiisui</strong></span> <span class='ocrx_word' id='word_1_48' title='bbox 1366 1053 1421 1098; x_wconf 90' lang='lat' dir='ltr'><strong>con·</strong></span> 
     </span>
    </p>

    <p class='ocr_par' dir='ltr' id='par_1_7' title="bbox 331 1139 1422 1228">
     <span class='ocr_line' id='line_1_7' title="bbox 331 1139 1422 1228; baseline -0.002 -20"><span class='ocrx_word' id='word_1_49' title='bbox 331 1143 407 1208; x_wconf 87' lang='lat' dir='ltr'><strong>fessi</strong></span> <span class='ocrx_word' id='word_1_50' title='bbox 424 1149 499 1210; x_wconf 89' lang='lat' dir='ltr'><strong>sunt</strong></span> <span class='ocrx_word' id='word_1_51' title='bbox 515 1193 546 1210; x_wconf 94' lang='lat'><strong>..</strong></span> <span class='ocrx_word' id='word_1_52' title='bbox 578 1141 666 1228; x_wconf 91' lang='lat' dir='ltr'><strong>quod</strong></span> <span class='ocrx_word' id='word_1_53' title='bbox 691 1140 856 1226; x_wconf 88' lang='lat' dir='ltr'><strong>quandam</strong></span> <span class='ocrx_word' id='word_1_54' title='bbox 880 1139 1008 1205; x_wconf 83' lang='lat' dir='ltr'><strong>vineam</strong></span> <span class='ocrx_word' id='word_1_55' title='bbox 1032 1141 1175 1227; x_wconf 92' lang='lat' dir='ltr'><strong>ipsorum</strong></span> <span class='ocrx_word' id='word_1_56' title='bbox 1194 1139 1340 1206; x_wconf 82' lang='lat' dir='ltr'><strong>Burlruth</strong></span> <span class='ocrx_word' id='word_1_57' title='bbox 1352 1161 1422 1206; x_wconf 78' lang='lat' dir='ltr'><strong>voca</strong></span> 
     </span>
    </p>

    <p class='ocr_par' dir='ltr' id='par_1_8' title="bbox 331 1248 1438 2748">
     <span class='ocr_line' id='line_1_8' title="bbox 331 1248 1424 1332; baseline -0.002 -16"><span class='ocrx_word' id='word_1_58' title='bbox 331 1256 400 1316; x_wconf 86' lang='lat' dir='ltr'><strong>tam</strong></span> <span class='ocrx_word' id='word_1_59' title='bbox 417 1252 452 1317; x_wconf 91' lang='lat' dir='ltr'><strong>in</strong></span> <span class='ocrx_word' id='word_1_60' title='bbox 466 1251 631 1317; x_wconf 88' lang='lat' dir='ltr'><strong>territorio</strong></span> <span class='ocrx_word' id='word_1_61' title='bbox 648 1248 866 1332; x_wconf 73' lang='lat' dir='ltr'><strong>strigoniensi</strong></span> <span class='ocrx_word' id='word_1_62' title='bbox 889 1255 978 1314; x_wconf 89' lang='lat' dir='ltr'><strong>retro</strong></span> <span class='ocrx_word' id='word_1_63' title='bbox 995 1248 1164 1315; x_wconf 88' lang='lat' dir='ltr'><strong>ecclesiam</strong></span> <span class='ocrx_word' id='word_1_64' title='bbox 1180 1249 1282 1314; x_wconf 87' lang='lat' dir='ltr'><strong>sancti</strong></span> <span class='ocrx_word' id='word_1_65' title='bbox 1294 1248 1424 1314; x_wconf 90' lang='lat' dir='ltr'><strong>Dominici</strong></span> 
     </span>
     <span class='ocr_line' id='line_1_9' title="bbox 333 1355 1425 1443; baseline -0.004 -17"><span class='ocrx_word' id='word_1_66' title='bbox 333 1358 524 1426; x_wconf 87' lang='lat' dir='ltr'><strong>confessoris</strong></span> <span class='ocrx_word' id='word_1_67' title='bbox 548 1360 583 1425; x_wconf 94' lang='lat' dir='ltr'><strong>in</strong></span> <span class='ocrx_word' id='word_1_68' title='bbox 608 1358 689 1424; x_wconf 90' lang='lat' dir='ltr'><strong>facie</strong></span> <span class='ocrx_word' id='word_1_69' title='bbox 708 1363 796 1424; x_wconf 89' lang='lat' dir='ltr'><strong>terra</strong></span> <span class='ocrx_word' id='word_1_70' title='bbox 822 1357 959 1443; x_wconf 88' lang='lat' dir='ltr'><strong>capituli</strong></span> <span class='ocrx_word' id='word_1_71' title='bbox 983 1357 1117 1424; x_wconf 79' lang='lat' dir='ltr'><strong>ecclesie</strong></span> <span class='ocrx_word' id='word_1_72' title='bbox 1142 1355 1358 1440; x_wconf 83' lang='lat' dir='ltr'><strong>Strigoniensis</strong></span> <span class='ocrx_word' id='word_1_73' title='bbox 1377 1358 1425 1422; x_wconf 84' lang='lat' dir='ltr'><strong>eui·</strong></span> 
     </span>
     <span class='ocr_line' id='line_1_10' title="bbox 336 1463 1427 1553; baseline -0.005 -18"><span class='ocrx_word' id='word_1_74' title='bbox 336 1471 611 1553; x_wconf 89' lang='lat' dir='ltr'><strong>stentemaparte</strong></span> <span class='ocrx_word' id='word_1_75' title='bbox 627 1469 761 1536; x_wconf 89' lang='lat' dir='ltr'><strong>orientis</strong></span> <span class='ocrx_word' id='word_1_76' title='bbox 777 1467 869 1532; x_wconf 86' lang='lat' dir='ltr'><strong>uinea</strong></span> <span class='ocrx_word' id='word_1_77' title='bbox 884 1467 1034 1551; x_wconf 83' lang='lat' dir='ltr'><strong>magistri</strong></span> <span class='ocrx_word' id='word_1_78' title='bbox 1049 1463 1168 1534; x_wconf 80' lang='lat' dir='ltr'><strong>Gelan</strong></span> <span class='ocrx_word' id='word_1_79' title='bbox 1184 1466 1310 1550; x_wconf 84' lang='lat' dir='ltr'><strong>pistoris</strong></span> <span class='ocrx_word' id='word_1_80' title='bbox 1326 1471 1427 1550; x_wconf 87' lang='lat' dir='ltr'><strong>aparte</strong></span> 
     </span>
     <span class='ocr_line' id='line_1_11' title="bbox 333 1571 1429 1663; baseline -0.007 -19"><span class='ocrx_word' id='word_1_81' title='bbox 333 1577 464 1662; x_wconf 91' lang='lat' dir='ltr'><strong>quidem</strong></span> <span class='ocrx_word' id='word_1_82' title='bbox 480 1577 719 1663; x_wconf 85' lang='lat' dir='ltr'><strong>septemtrionis</strong></span> <span class='ocrx_word' id='word_1_83' title='bbox 735 1577 826 1642; x_wconf 83' lang='lat' dir='ltr'><strong>vinee</strong></span> <span class='ocrx_word' id='word_1_84' title='bbox 843 1575 971 1642; x_wconf 88' lang='lat' dir='ltr'><strong>comitis</strong></span> <span class='ocrx_word' id='word_1_85' title='bbox 988 1571 1147 1660; x_wconf 81' lang='lat' dir='ltr'><strong>Stephani</strong></span> <span class='ocrx_word' id='word_1_86' title='bbox 1161 1573 1223 1640; x_wconf 86' lang='lat' dir='ltr'><strong>filii</strong></span> <span class='ocrx_word' id='word_1_87' title='bbox 1231 1573 1356 1658; x_wconf 88' lang='lat' dir='ltr'><strong>Nigram</strong></span> <span class='ocrx_word' id='word_1_88' title='bbox 1369 1573 1429 1638; x_wconf 86' lang='lat' dir='ltr'><strong>ciuis</strong></span> 
     </span>
     <span class='ocr_line' id='line_1_12' title="bbox 331 1682 1430 1771; baseline -0.006 -17"><span class='ocrx_word' id='word_1_89' title='bbox 331 1685 565 1771; x_wconf 70' lang='lat' dir='ltr'><strong>strigoniensis</strong></span> <span class='ocrx_word' id='word_1_90' title='bbox 580 1685 775 1752; x_wconf 85' lang='lat' dir='ltr'><strong>vicinantem</strong></span> <span class='ocrx_word' id='word_1_91' title='bbox 800 1705 858 1769; x_wconf 90' lang='lat' dir='ltr'><strong>per</strong></span> <span class='ocrx_word' id='word_1_92' title='bbox 883 1706 941 1750; x_wconf 92' lang='lat' dir='ltr'><strong>nos</strong></span> <span class='ocrx_word' id='word_1_93' title='bbox 966 1683 1028 1749; x_wconf 89' lang='lat' dir='ltr'><strong>sibi</strong></span> <span class='ocrx_word' id='word_1_94' title='bbox 1051 1682 1173 1750; x_wconf 91' lang='lat' dir='ltr'><strong>scilicet</strong></span> <span class='ocrx_word' id='word_1_95' title='bbox 1188 1685 1336 1768; x_wconf 86' lang='lat' dir='ltr'><strong>magistro</strong></span> <span class='ocrx_word' id='word_1_96' title='bbox 1350 1683 1430 1747; x_wconf 89' lang='lat' dir='ltr'><strong>Preh-</strong></span> 
     </span>
     <span class='ocr_line' id='line_1_13' title="bbox 332 1791 1432 1879; baseline -0.005 -17"><span class='ocrx_word' id='word_1_97' title='bbox 332 1795 422 1862; x_wconf 89' lang='lat' dir='ltr'><strong>toldo</strong></span> <span class='ocrx_word' id='word_1_98' title='bbox 454 1801 487 1860; x_wconf 88' lang='lat' dir='ltr'><strong>et</strong></span> <span class='ocrx_word' id='word_1_99' title='bbox 517 1794 593 1860; x_wconf 90' lang='lat' dir='ltr'><strong>filiis</strong></span> <span class='ocrx_word' id='word_1_100' title='bbox 625 1795 691 1860; x_wconf 92' lang='lat' dir='ltr'><strong>suis</strong></span> <span class='ocrx_word' id='word_1_101' title='bbox 707 1844 738 1860; x_wconf 92' lang='lat'><strong>..</strong></span> <span class='ocrx_word' id='word_1_102' title='bbox 770 1796 975 1879; x_wconf 87' lang='lat' dir='ltr'><strong>perpetuo..</strong></span> <span class='ocrx_word' id='word_1_103' title='bbox 1007 1791 1161 1858; x_wconf 85' lang='lat' dir='ltr'><strong>collatam</strong></span> <span class='ocrx_word' id='word_1_104' title='bbox 1191 1799 1266 1876; x_wconf 85' lang='lat' dir='ltr'><strong>post</strong></span> <span class='ocrx_word' id='word_1_105' title='bbox 1293 1793 1432 1877; x_wconf 85' lang='lat' dir='ltr'><strong>ipsamque</strong></span> 
     </span>
     <span class='ocr_line' id='line_1_14' title="bbox 331 1900 1434 1986; baseline -0.005 -16"><span class='ocrx_word' id='word_1_106' title='bbox 331 1909 475 1970; x_wconf 88' lang='lat' dir='ltr'><strong>nostram</strong></span> <span class='ocrx_word' id='word_1_107' title='bbox 501 1903 712 1970; x_wconf 89' lang='lat' dir='ltr'><strong>collacionem</strong></span> <span class='ocrx_word' id='word_1_108' title='bbox 736 1924 756 1968; x_wconf 88' lang='lat' dir='ltr'><strong>a</strong></span> <span class='ocrx_word' id='word_1_109' title='bbox 781 1902 900 1968; x_wconf 85' lang='lat' dir='ltr'><strong>comite</strong></span> <span class='ocrx_word' id='word_1_110' title='bbox 915 1901 1036 1984; x_wconf 85' lang='lat' dir='ltr'><strong>Egidio</strong></span> <span class='ocrx_word' id='word_1_111' title='bbox 1069 1901 1110 1965; x_wconf 90' lang='lat' dir='ltr'><strong>de</strong></span> <span class='ocrx_word' id='word_1_112' title='bbox 1134 1900 1251 1986; x_wconf 83' lang='lat' dir='ltr'><strong>Boyon</strong></span> <span class='ocrx_word' id='word_1_113' title='bbox 1275 1908 1305 1966; x_wconf 92' lang='lat' dir='ltr'><strong>et</strong></span> <span class='ocrx_word' id='word_1_114' title='bbox 1328 1900 1434 1966; x_wconf 87' lang='lat' dir='ltr'><strong>domina</strong></span> 
     </span>
     <span class='ocr_line' id='line_1_15' title="bbox 332 2008 1435 2096; baseline -0.005 -18"><span class='ocrx_word' id='word_1_115' title='bbox 332 2011 484 2078; x_wconf 74' lang='lat' dir='ltr'><strong>Elisabet</strong></span> <span class='ocrx_word' id='word_1_116' title='bbox 501 2017 649 2078; x_wconf 89' lang='lat' dir='ltr'><strong>consorte</strong></span> <span class='ocrx_word' id='word_1_117' title='bbox 665 2011 766 2096; x_wconf 89' lang='lat' dir='ltr'><strong>ipsius</strong></span> <span class='ocrx_word' id='word_1_118' title='bbox 782 2009 894 2094; x_wconf 82' lang='lat' dir='ltr'><strong>Egidii</strong></span> <span class='ocrx_word' id='word_1_119' title='bbox 919 2030 959 2076; x_wconf 88' lang='lat' dir='ltr'><strong>ac</strong></span> <span class='ocrx_word' id='word_1_120' title='bbox 975 2009 1163 2075; x_wconf 88' lang='lat' dir='ltr'><strong>Katherina</strong></span> <span class='ocrx_word' id='word_1_121' title='bbox 1187 2009 1257 2076; x_wconf 87' lang='lat' dir='ltr'><strong>filia</strong></span> <span class='ocrx_word' id='word_1_122' title='bbox 1273 2008 1435 2076; x_wconf 89' lang='lat' dir='ltr'><strong>eiusdemin</strong></span> 
     </span>
     <span class='ocr_line' id='line_1_16' title="bbox 332 2117 1435 2203; baseline -0.005 -17"><span class='ocrx_word' id='word_1_123' title='bbox 332 2119 444 2186; x_wconf 89' lang='lat' dir='ltr'><strong>eadem</strong></span> <span class='ocrx_word' id='word_1_124' title='bbox 460 2120 510 2186; x_wconf 91' lang='lat' dir='ltr'><strong>ius</strong></span> <span class='ocrx_word' id='word_1_125' title='bbox 526 2119 587 2184; x_wconf 88' lang='lat' dir='ltr'><strong>sibi</strong></span> <span class='ocrx_word' id='word_1_126' title='bbox 603 2117 850 2184; x_wconf 85' lang='lat' dir='ltr'><strong>vendicantibus</strong></span> <span class='ocrx_word' id='word_1_127' title='bbox 866 2139 925 2203; x_wconf 91' lang='lat' dir='ltr'><strong>per</strong></span> <span class='ocrx_word' id='word_1_128' title='bbox 941 2117 1080 2183; x_wconf 91' lang='lat' dir='ltr'><strong>eundem</strong></span> <span class='ocrx_word' id='word_1_129' title='bbox 1096 2118 1139 2184; x_wconf 89' lang='lat' dir='ltr'><strong>ad</strong></span> <span class='ocrx_word' id='word_1_130' title='bbox 1155 2118 1333 2184; x_wconf 88' lang='lat' dir='ltr'><strong>uberiorem</strong></span> <span class='ocrx_word' id='word_1_131' title='bbox 1349 2121 1435 2184; x_wconf 72' lang='lat' dir='ltr'><strong>caub-</strong></span> 
     </span>
     <span class='ocr_line' id='line_1_17' title="bbox 331 2225 1436 2313; baseline -0.005 -19"><span class='ocrx_word' id='word_1_132' title='bbox 331 2229 397 2294; x_wconf 88' lang='lat' dir='ltr'><strong>lam</strong></span> <span class='ocrx_word' id='word_1_133' title='bbox 413 2228 522 2313; x_wconf 91' lang='lat' dir='ltr'><strong>precio</strong></span> <span class='ocrx_word' id='word_1_134' title='bbox 540 2233 785 2313; x_wconf 88' lang='lat' dir='ltr'><strong>comparatam.</strong></span> <span class='ocrx_word' id='word_1_135' title='bbox 803 2277 810 2292; x_wconf 94' lang='lat'><strong>.</strong></span> <span class='ocrx_word' id='word_1_136' title='bbox 838 2249 911 2292; x_wconf 90' lang='lat' dir='ltr'><strong>cum</strong></span> <span class='ocrx_word' id='word_1_137' title='bbox 937 2226 1086 2292; x_wconf 90' lang='lat' dir='ltr'><strong>omnibus</strong></span> <span class='ocrx_word' id='word_1_138' title='bbox 1111 2227 1176 2292; x_wconf 90' lang='lat' dir='ltr'><strong>suis</strong></span> <span class='ocrx_word' id='word_1_139' title='bbox 1193 2225 1436 2292; x_wconf 89' lang='lat' dir='ltr'><strong>utilitatibus...</strong></span> 
     </span>
     <span class='ocr_line' id='line_1_18' title="bbox 332 2332 1437 2422; baseline -0.005 -20"><span class='ocrx_word' id='word_1_140' title='bbox 332 2336 450 2421; x_wconf 89' lang='lat' dir='ltr'><strong>quibus</strong></span> <span class='ocrx_word' id='word_1_141' title='bbox 481 2336 553 2421; x_wconf 88' lang='lat' dir='ltr'><strong>ipsa</strong></span> <span class='ocrx_word' id='word_1_142' title='bbox 584 2358 642 2421; x_wconf 91' lang='lat' dir='ltr'><strong>per</strong></span> <span class='ocrx_word' id='word_1_143' title='bbox 672 2337 798 2422; x_wconf 90' lang='lat' dir='ltr'><strong>priores</strong></span> <span class='ocrx_word' id='word_1_144' title='bbox 829 2357 1029 2421; x_wconf 86' lang='lat' dir='ltr'><strong>possessores</strong></span> <span class='ocrx_word' id='word_1_145' title='bbox 1067 2357 1142 2401; x_wconf 88' lang='lat' dir='ltr'><strong>suos</strong></span> <span class='ocrx_word' id='word_1_146' title='bbox 1173 2341 1207 2400; x_wconf 87' lang='lat' dir='ltr'><strong>et</strong></span> <span class='ocrx_word' id='word_1_147' title='bbox 1237 2357 1296 2420; x_wconf 89' lang='lat' dir='ltr'><strong>per</strong></span> <span class='ocrx_word' id='word_1_148' title='bbox 1324 2332 1437 2399; x_wconf 88' lang='lat' dir='ltr'><strong>eunden</strong></span> 
     </span>
     <span class='ocr_line' id='line_1_19' title="bbox 331 2441 1438 2529; baseline -0.007 -17"><span class='ocrx_word' id='word_1_149' title='bbox 331 2445 523 2529; x_wconf 84' lang='lat' dir='ltr'><strong>magistrum</strong></span> <span class='ocrx_word' id='word_1_150' title='bbox 538 2444 755 2512; x_wconf 88' lang='lat' dir='ltr'><strong>Prehtoldum</strong></span> <span class='ocrx_word' id='word_1_151' title='bbox 770 2443 884 2512; x_wconf 89' lang='lat' dir='ltr'><strong>habita</strong></span> <span class='ocrx_word' id='word_1_152' title='bbox 902 2445 1019 2527; x_wconf 84' lang='lat' dir='ltr'><strong>extitit,</strong></span> <span class='ocrx_word' id='word_1_153' title='bbox 1046 2443 1151 2510; x_wconf 91' lang='lat' dir='ltr'><strong>eidem</strong></span> <span class='ocrx_word' id='word_1_154' title='bbox 1166 2444 1319 2528; x_wconf 87' lang='lat' dir='ltr'><strong>magistro</strong></span> <span class='ocrx_word' id='word_1_155' title='bbox 1334 2441 1438 2508; x_wconf 79' lang='lat' dir='ltr'><strong>Thone</strong></span> 
     </span>
     <span class='ocr_line' id='line_1_20' title="bbox 332 2551 1438 2641; baseline -0.007 -20"><span class='ocrx_word' id='word_1_156' title='bbox 332 2562 365 2621; x_wconf 88' lang='lat' dir='ltr'><strong>et</strong></span> <span class='ocrx_word' id='word_1_157' title='bbox 380 2576 439 2641; x_wconf 91' lang='lat' dir='ltr'><strong>per</strong></span> <span class='ocrx_word' id='word_1_158' title='bbox 456 2574 528 2620; x_wconf 90' lang='lat' dir='ltr'><strong>aum</strong></span> <span class='ocrx_word' id='word_1_159' title='bbox 545 2557 611 2620; x_wconf 90' lang='lat' dir='ltr'><strong>suis</strong></span> <span class='ocrx_word' id='word_1_160' title='bbox 626 2554 797 2621; x_wconf 90' lang='lat' dir='ltr'><strong>heredibus</strong></span> <span class='ocrx_word' id='word_1_161' title='bbox 814 2603 821 2620; x_wconf 92' lang='lat'>.</span> <span class='ocrx_word' id='word_1_162' title='bbox 838 2605 846 2620; x_wconf 89' lang='lat'><strong>.</strong></span> <span class='ocrx_word' id='word_1_163' title='bbox 876 2575 936 2638; x_wconf 92' lang='lat' dir='ltr'><strong>pro</strong></span> <span class='ocrx_word' id='word_1_164' title='bbox 960 2559 1089 2619; x_wconf 90' lang='lat' dir='ltr'><strong>eentum</strong></span> <span class='ocrx_word' id='word_1_165' title='bbox 1113 2553 1232 2618; x_wconf 91' lang='lat' dir='ltr'><strong>marcis</strong></span> <span class='ocrx_word' id='word_1_166' title='bbox 1258 2551 1438 2616; x_wconf 86' lang='lat' dir='ltr'><strong>denariorum</strong></span> 
     </span>
     <span class='ocr_line' id='line_1_21' title="bbox 332 2661 1433 2748; baseline -0.005 -18"><span class='ocrx_word' id='word_1_167' title='bbox 332 2683 517 2748; x_wconf 86' lang='lat' dir='ltr'><strong>grossorum</strong></span> <span class='ocrx_word' id='word_1_168' title='bbox 531 2661 781 2729; x_wconf 84' lang='lat' dir='ltr'><strong>bohemicalium</strong></span> <span class='ocrx_word' id='word_1_169' title='bbox 795 2662 1013 2728; x_wconf 86' lang='lat' dir='ltr'><strong>vendidissent</strong></span> <span class='ocrx_word' id='word_1_170' title='bbox 1029 2711 1037 2726; x_wconf 90' lang='lat'><strong>.</strong></span> <span class='ocrx_word' id='word_1_171' title='bbox 1052 2709 1060 2728; x_wconf 90' lang='lat'><strong>.</strong></span> <span class='ocrx_word' id='word_1_172' title='bbox 1086 2661 1180 2728; x_wconf 89' lang='lat' dir='ltr'><strong>dictis</strong></span> <span class='ocrx_word' id='word_1_173' title='bbox 1199 2681 1327 2746; x_wconf 89' lang='lat' dir='ltr'><strong>quoque</strong></span> <span class='ocrx_word' id='word_1_174' title='bbox 1340 2661 1433 2726; x_wconf 86' lang='lat' dir='ltr'><strong>uicinis</strong></span> 
     </span>
    </p>
   </div>
   <div class='ocr_carea' id='block_1_3' title="bbox 331 2768 1440 3071">
    <p class='ocr_par' dir='ltr' id='par_1_9' title="bbox 331 2768 1440 3071">
     <span class='ocr_line' id='line_1_22' title="bbox 332 2768 1439 2856; baseline -0.005 -19"><span class='ocrx_word' id='word_1_175' title='bbox 332 2772 398 2838; x_wconf 88' lang='lat' dir='ltr'><strong>suis</strong></span> <span class='ocrx_word' id='word_1_176' title='bbox 414 2769 676 2856; x_wconf 85' lang='lat' dir='ltr'><strong>permittentibus</strong></span> <span class='ocrx_word' id='word_1_177' title='bbox 702 2792 811 2838; x_wconf 88' lang='lat' dir='ltr'><strong>coram</strong></span> <span class='ocrx_word' id='word_1_178' title='bbox 835 2770 929 2836; x_wconf 91' lang='lat' dir='ltr'><strong>nobis</strong></span> <span class='ocrx_word' id='word_1_179' title='bbox 952 2774 1134 2855; x_wconf 89' lang='lat' dir='ltr'><strong>perpetuo.</strong></span> <span class='ocrx_word' id='word_1_180' title='bbox 1150 2820 1157 2836; x_wconf 92' lang='lat'><strong>.</strong></span> <span class='ocrx_word' id='word_1_181' title='bbox 1189 2768 1439 2854; x_wconf 79' lang='lat' dir='ltr'><strong>possidendam..</strong></span> 
     </span>
     <span class='ocr_line' id='line_1_23' title="bbox 331 2875 1439 2964; baseline -0.006 -20"><span class='ocrx_word' id='word_1_182' title='bbox 331 2884 365 2944; x_wconf 90' lang='lat' dir='ltr'><strong>et</strong></span> <span class='ocrx_word' id='word_1_183' title='bbox 405 2879 483 2964; x_wconf 89' lang='lat' dir='ltr'><strong>quia</strong></span> <span class='ocrx_word' id='word_1_184' title='bbox 515 2927 546 2944; x_wconf 87' lang='lat'><strong>..</strong></span> <span class='ocrx_word' id='word_1_185' title='bbox 578 2878 784 2963; x_wconf 84' lang='lat' dir='ltr'><strong>priuilegium</strong></span> <span class='ocrx_word' id='word_1_186' title='bbox 818 2883 964 2945; x_wconf 88' lang='lat' dir='ltr'><strong>nostrum</strong></span> <span class='ocrx_word' id='word_1_187' title='bbox 999 2877 1210 2944; x_wconf 88' lang='lat' dir='ltr'><strong>collacionem</strong></span> <span class='ocrx_word' id='word_1_188' title='bbox 1241 2877 1339 2962; x_wconf 90' lang='lat' dir='ltr'><strong>ipsius</strong></span> <span class='ocrx_word' id='word_1_189' title='bbox 1365 2875 1439 2940; x_wconf 77' lang='lat' dir='ltr'><strong>vinee</strong></span> 
     </span>
     <span class='ocr_line' id='line_1_24' title="bbox 331 2984 1440 3071; baseline -0.004 -20"><span class='ocrx_word' id='word_1_190' title='bbox 331 2985 419 3051; x_wconf 89' lang='lat' dir='ltr'><strong>dioto</strong></span> <span class='ocrx_word' id='word_1_191' title='bbox 434 2986 592 3071; x_wconf 83' lang='lat' dir='ltr'><strong>magistro</strong></span> <span class='ocrx_word' id='word_1_192' title='bbox 608 2985 788 3052; x_wconf 89' lang='lat' dir='ltr'><strong>Prehtoldo</strong></span> <span class='ocrx_word' id='word_1_193' title='bbox 805 2992 838 3052; x_wconf 91' lang='lat' dir='ltr'><strong>et</strong></span> <span class='ocrx_word' id='word_1_194' title='bbox 854 2985 950 3052; x_wconf 89' lang='lat' dir='ltr'><strong>dictis</strong></span> <span class='ocrx_word' id='word_1_195' title='bbox 966 2984 1042 3054; x_wconf 89' lang='lat' dir='ltr'><strong>filiis</strong></span> <span class='ocrx_word' id='word_1_196' title='bbox 1066 2987 1132 3051; x_wconf 89' lang='lat' dir='ltr'><strong>suis</strong></span> <span class='ocrx_word' id='word_1_197' title='bbox 1148 2984 1271 3052; x_wconf 82' lang='lat' dir='ltr'><strong>factam</strong></span> <span class='ocrx_word' id='word_1_198' title='bbox 1298 2985 1440 3052; x_wconf 86' lang='lat' dir='ltr'><strong>continens</strong></span> 
     </span>
    </p>
   </div>
   <div class='ocr_carea' id='block_1_4' title="bbox 327 3092 1446 4591">
    <p class='ocr_par' dir='ltr' id='par_1_10' title="bbox 327 3092 1446 4591">
     <span class='ocr_line' id='line_1_25' title="bbox 330 3092 1440 3179; baseline -0.006 -17"><span class='ocrx_word' id='word_1_199' title='bbox 330 3115 368 3162; x_wconf 90' lang='lat' dir='ltr'><strong>eo</strong></span> <span class='ocrx_word' id='word_1_200' title='bbox 395 3094 484 3179; x_wconf 89' lang='lat' dir='ltr'><strong>quod</strong></span> <span class='ocrx_word' id='word_1_201' title='bbox 498 3095 532 3160; x_wconf 94' lang='lat' dir='ltr'><strong>in</strong></span> <span class='ocrx_word' id='word_1_202' title='bbox 549 3093 661 3160; x_wconf 90' lang='lat' dir='ltr'><strong>eodem</strong></span> <span class='ocrx_word' id='word_1_203' title='bbox 677 3093 789 3179; x_wconf 89' lang='lat' dir='ltr'><strong>plures</strong></span> <span class='ocrx_word' id='word_1_204' title='bbox 805 3095 999 3161; x_wconf 90' lang='lat' dir='ltr'><strong>donaciones</strong></span> <span class='ocrx_word' id='word_1_205' title='bbox 1015 3099 1126 3162; x_wconf 89' lang='lat' dir='ltr'><strong>nostre</strong></span> <span class='ocrx_word' id='word_1_206' title='bbox 1145 3093 1206 3159; x_wconf 91' lang='lat' dir='ltr'><strong>sibi</strong></span> <span class='ocrx_word' id='word_1_207' title='bbox 1232 3093 1318 3160; x_wconf 86' lang='lat' dir='ltr'><strong>facte</strong></span> <span class='ocrx_word' id='word_1_208' title='bbox 1341 3092 1440 3159; x_wconf 83' lang='lat' dir='ltr'><strong>haben·</strong></span> 
     </span>
     <span class='ocr_line' id='line_1_26' title="bbox 330 3199 1439 3287; baseline -0.005 -18"><span class='ocrx_word' id='word_1_209' title='bbox 330 3210 384 3269; x_wconf 90' lang='lat' dir='ltr'><strong>tur</strong></span> <span class='ocrx_word' id='word_1_210' title='bbox 400 3202 442 3269; x_wconf 88' lang='lat' dir='ltr'><strong>ad</strong></span> <span class='ocrx_word' id='word_1_211' title='bbox 457 3223 572 3268; x_wconf 86' lang='lat' dir='ltr'><strong>manus</strong></span> <span class='ocrx_word' id='word_1_212' title='bbox 589 3201 669 3268; x_wconf 89' lang='lat' dir='ltr'><strong>dicti</strong></span> <span class='ocrx_word' id='word_1_213' title='bbox 685 3203 833 3287; x_wconf 84' lang='lat' dir='ltr'><strong>magistri</strong></span> <span class='ocrx_word' id='word_1_214' title='bbox 850 3201 974 3269; x_wconf 80' lang='lat' dir='ltr'><strong>Thema</strong></span> <span class='ocrx_word' id='word_1_215' title='bbox 990 3204 1186 3287; x_wconf 90' lang='lat' dir='ltr'><strong>nequierunt</strong></span> <span class='ocrx_word' id='word_1_216' title='bbox 1196 3203 1367 3285; x_wconf 84' lang='lat' dir='ltr'><strong>assignare,</strong></span> <span class='ocrx_word' id='word_1_217' title='bbox 1380 3199 1439 3265; x_wconf 91' lang='lat' dir='ltr'><strong>ideo</strong></span> 
     </span>
     <span class='ocr_line' id='line_1_27' title="bbox 330 3309 1443 3396; baseline -0.005 -18"><span class='ocrx_word' id='word_1_218' title='bbox 330 3317 551 3378; x_wconf 82' lang='lat' dir='ltr'><strong>assumserumt</strong></span> <span class='ocrx_word' id='word_1_219' title='bbox 581 3316 614 3376; x_wconf 91' lang='lat' dir='ltr'><strong>et</strong></span> <span class='ocrx_word' id='word_1_220' title='bbox 645 3332 678 3376; x_wconf 92' lang='lat' dir='ltr'><strong>se</strong></span> <span class='ocrx_word' id='word_1_221' title='bbox 709 3332 747 3377; x_wconf 91' lang='lat' dir='ltr'><strong>ac</strong></span> <span class='ocrx_word' id='word_1_222' title='bbox 772 3313 916 3396; x_wconf 89' lang='lat' dir='ltr'><strong>ipsorum</strong></span> <span class='ocrx_word' id='word_1_223' title='bbox 942 3310 1077 3377; x_wconf 90' lang='lat' dir='ltr'><strong>heredes</strong></span> <span class='ocrx_word' id='word_1_224' title='bbox 1103 3309 1242 3376; x_wconf 88' lang='lat' dir='ltr'><strong>firmiter</strong></span> <span class='ocrx_word' id='word_1_225' title='bbox 1277 3311 1443 3394; x_wconf 87' lang='lat' dir='ltr'><strong>obligarunt</strong></span> 
     </span>
     <span class='ocr_line' id='line_1_28' title="bbox 330 3418 1443 3504; baseline -0.004 -19"><span class='ocrx_word' id='word_1_226' title='bbox 330 3420 418 3504; x_wconf 92' lang='lat' dir='ltr'><strong>quod</strong></span> <span class='ocrx_word' id='word_1_227' title='bbox 433 3419 539 3504; x_wconf 90' lang='lat' dir='ltr'><strong>ipsum</strong></span> <span class='ocrx_word' id='word_1_228' title='bbox 554 3420 746 3502; x_wconf 87' lang='lat' dir='ltr'><strong>magistrum</strong></span> <span class='ocrx_word' id='word_1_229' title='bbox 763 3419 923 3486; x_wconf 82' lang='lat' dir='ltr'><strong>Thomam</strong></span> <span class='ocrx_word' id='word_1_230' title='bbox 946 3426 980 3486; x_wconf 88' lang='lat' dir='ltr'><strong>et</strong></span> <span class='ocrx_word' id='word_1_231' title='bbox 995 3441 1069 3486; x_wconf 91' lang='lat' dir='ltr'><strong>suos</strong></span> <span class='ocrx_word' id='word_1_232' title='bbox 1085 3418 1220 3485; x_wconf 91' lang='lat' dir='ltr'><strong>heredes</strong></span> <span class='ocrx_word' id='word_1_233' title='bbox 1247 3419 1289 3485; x_wconf 89' lang='lat' dir='ltr'><strong>ab</strong></span> <span class='ocrx_word' id='word_1_234' title='bbox 1314 3418 1443 3484; x_wconf 87' lang='lat' dir='ltr'><strong>omnibus</strong></span> 
     </span>
     <span class='ocr_line' id='line_1_29' title="bbox 329 3526 1444 3613; baseline -0.004 -19"><span class='ocrx_word' id='word_1_235' title='bbox 329 3527 616 3613; x_wconf 88' lang='lat' dir='ltr'><strong>impetitoribus..</strong></span> <span class='ocrx_word' id='word_1_236' title='bbox 643 3527 800 3594; x_wconf 92' lang='lat' dir='ltr'><strong>deberent</strong></span> <span class='ocrx_word' id='word_1_237' title='bbox 831 3533 864 3594; x_wconf 90' lang='lat' dir='ltr'><strong>et</strong></span> <span class='ocrx_word' id='word_1_238' title='bbox 894 3532 1081 3594; x_wconf 88' lang='lat' dir='ltr'><strong>tenerentur</strong></span> <span class='ocrx_word' id='word_1_239' title='bbox 1111 3527 1312 3612; x_wconf 80' lang='lat' dir='ltr'><strong>expedire..</strong></span> <span class='ocrx_word' id='word_1_240' title='bbox 1335 3526 1444 3592; x_wconf 88' lang='lat' dir='ltr'><strong>litteras</strong></span> 
     </span>
     <span class='ocr_line' id='line_1_30' title="bbox 328 3636 1445 3722; baseline -0.001 -21"><span class='ocrx_word' id='word_1_241' title='bbox 328 3636 428 3720; x_wconf 90' lang='lat' dir='ltr'><strong>ipsius</strong></span> <span class='ocrx_word' id='word_1_242' title='bbox 446 3637 585 3704; x_wconf 85' lang='lat' dir='ltr'><strong>civitatis</strong></span> <span class='ocrx_word' id='word_1_243' title='bbox 601 3687 608 3702; x_wconf 92' lang='lat'><strong>.</strong></span> <span class='ocrx_word' id='word_1_244' title='bbox 626 3685 633 3702; x_wconf 94' lang='lat'><strong>.</strong></span> <span class='ocrx_word' id='word_1_245' title='bbox 665 3637 767 3722; x_wconf 85' lang='lat' dir='ltr'><strong>ipsius</strong></span> <span class='ocrx_word' id='word_1_246' title='bbox 793 3638 883 3703; x_wconf 88' lang='lat' dir='ltr'><strong>vinee</strong></span> <span class='ocrx_word' id='word_1_247' title='bbox 899 3637 1121 3704; x_wconf 83' lang='lat' dir='ltr'><strong>vendicionem</strong></span> <span class='ocrx_word' id='word_1_248' title='bbox 1136 3642 1170 3702; x_wconf 92' lang='lat' dir='ltr'><strong>et</strong></span> <span class='ocrx_word' id='word_1_249' title='bbox 1194 3637 1370 3704; x_wconf 88' lang='lat' dir='ltr'><strong>emcionem</strong></span> <span class='ocrx_word' id='word_1_250' title='bbox 1385 3657 1445 3702; x_wconf 91' lang='lat' dir='ltr'><strong>oon-</strong></span> 
     </span>
     <span class='ocr_line' id='line_1_31' title="bbox 328 3743 1445 3831; baseline -0.004 -21"><span class='ocrx_word' id='word_1_251' title='bbox 328 3745 470 3810; x_wconf 85' lang='lat' dir='ltr'><strong>tinentes</strong></span> <span class='ocrx_word' id='word_1_252' title='bbox 495 3744 538 3810; x_wconf 91' lang='lat' dir='ltr'><strong>ad</strong></span> <span class='ocrx_word' id='word_1_253' title='bbox 553 3767 667 3811; x_wconf 86' lang='lat' dir='ltr'><strong>manus</strong></span> <span class='ocrx_word' id='word_1_254' title='bbox 684 3745 828 3812; x_wconf 90' lang='lat' dir='ltr'><strong>eiusdem</strong></span> <span class='ocrx_word' id='word_1_255' title='bbox 843 3746 993 3831; x_wconf 87' lang='lat' dir='ltr'><strong>magistri</strong></span> <span class='ocrx_word' id='word_1_256' title='bbox 1010 3745 1135 3811; x_wconf 77' lang='lat' dir='ltr'><strong>Thome</strong></span> <span class='ocrx_word' id='word_1_257' title='bbox 1146 3745 1360 3828; x_wconf 85' lang='lat' dir='ltr'><strong>assignarunt,</strong></span> <span class='ocrx_word' id='word_1_258' title='bbox 1371 3743 1445 3809; x_wconf 84' lang='lat' dir='ltr'><strong>cuim</strong></span> 
     </span>
     <span class='ocr_line' id='line_1_32' title="bbox 329 3851 1445 3936; baseline -0.004 -18"><span class='ocrx_word' id='word_1_259' title='bbox 329 3852 459 3936; x_wconf 88' lang='lat' dir='ltr'><strong>quidem</strong></span> <span class='ocrx_word' id='word_1_260' title='bbox 474 3853 565 3918; x_wconf 82' lang='lat' dir='ltr'><strong>vinee</strong></span> <span class='ocrx_word' id='word_1_261' title='bbox 582 3854 758 3920; x_wconf 90' lang='lat' dir='ltr'><strong>emcionem</strong></span> <span class='ocrx_word' id='word_1_262' title='bbox 773 3875 831 3920; x_wconf 89' lang='lat' dir='ltr'><strong>nos</strong></span> <span class='ocrx_word' id='word_1_263' title='bbox 847 3857 953 3920; x_wconf 87' lang='lat' dir='ltr'><strong>ratam</strong></span> <span class='ocrx_word' id='word_1_264' title='bbox 967 3853 1124 3919; x_wconf 88' lang='lat' dir='ltr'><strong>habentes</strong></span> <span class='ocrx_word' id='word_1_265' title='bbox 1141 3903 1148 3918; x_wconf 95' lang='lat'>.</span> <span class='ocrx_word' id='word_1_266' title='bbox 1164 3903 1171 3918; x_wconf 93' lang='lat'>.</span> <span class='ocrx_word' id='word_1_267' title='bbox 1190 3851 1296 3918; x_wconf 88' lang='lat' dir='ltr'><strong>eidem</strong></span> <span class='ocrx_word' id='word_1_268' title='bbox 1306 3853 1445 3936; x_wconf 89' lang='lat' dir='ltr'><strong>magistro</strong></span> 
     </span>
     <span class='ocr_line' id='line_1_33' title="bbox 329 3960 1444 4048; baseline -0.003 -22"><span class='ocrx_word' id='word_1_269' title='bbox 329 3960 453 4028; x_wconf 80' lang='lat' dir='ltr'><strong>Thome</strong></span> <span class='ocrx_word' id='word_1_270' title='bbox 470 3965 504 4028; x_wconf 92' lang='lat' dir='ltr'><strong>et</strong></span> <span class='ocrx_word' id='word_1_271' title='bbox 520 3962 587 4028; x_wconf 92' lang='lat' dir='ltr'><strong>suis</strong></span> <span class='ocrx_word' id='word_1_272' title='bbox 603 3961 776 4028; x_wconf 89' lang='lat' dir='ltr'><strong>heredibus</strong></span> <span class='ocrx_word' id='word_1_273' title='bbox 792 3967 950 4048; x_wconf 91' lang='lat' dir='ltr'><strong>perpetuo</strong></span> <span class='ocrx_word' id='word_1_274' title='bbox 967 3963 1075 4028; x_wconf 87' lang='lat' dir='ltr'><strong>ualere</strong></span> <span class='ocrx_word' id='word_1_275' title='bbox 1092 3966 1125 4026; x_wconf 91' lang='lat' dir='ltr'><strong>et</strong></span> <span class='ocrx_word' id='word_1_276' title='bbox 1140 3961 1372 4027; x_wconf 83' lang='lat' dir='ltr'><strong>inuiolabiliter</strong></span> <span class='ocrx_word' id='word_1_277' title='bbox 1386 3981 1444 4045; x_wconf 88' lang='lat' dir='ltr'><strong>per·</strong></span> 
     </span>
     <span class='ocr_line' id='line_1_34' title="bbox 328 4068 1446 4155; baseline -0.004 -20"><span class='ocrx_word' id='word_1_278' title='bbox 328 4090 458 4135; x_wconf 90' lang='lat' dir='ltr'><strong>manere</strong></span> <span class='ocrx_word' id='word_1_279' title='bbox 489 4091 564 4136; x_wconf 87' lang='lat' dir='ltr'><strong>mox</strong></span> <span class='ocrx_word' id='word_1_280' title='bbox 589 4070 768 4136; x_wconf 88' lang='lat' dir='ltr'><strong>autoritate</strong></span> <span class='ocrx_word' id='word_1_281' title='bbox 793 4071 996 4155; x_wconf 89' lang='lat' dir='ltr'><strong>presencium</strong></span> <span class='ocrx_word' id='word_1_282' title='bbox 1021 4069 1170 4135; x_wconf 81' lang='lat' dir='ltr'><strong>duximus</strong></span> <span class='ocrx_word' id='word_1_283' title='bbox 1196 4068 1446 4149; x_wconf 83' lang='lat' dir='ltr'><strong>confirmandum,</strong></span> 
     </span>
     <span class='ocr_line' id='line_1_35' title="bbox 327 4177 1445 4262; baseline -0.001 -19"><span class='ocrx_word' id='word_1_284' title='bbox 327 4179 392 4244; x_wconf 90' lang='lat' dir='ltr'><strong>imo</strong></span> <span class='ocrx_word' id='word_1_285' title='bbox 423 4178 553 4262; x_wconf 91' lang='lat' dir='ltr'><strong>siquid</strong></span> <span class='ocrx_word' id='word_1_286' title='bbox 583 4179 699 4245; x_wconf 88' lang='lat' dir='ltr'><strong>titulus</strong></span> <span class='ocrx_word' id='word_1_287' title='bbox 730 4179 915 4246; x_wconf 87' lang='lat' dir='ltr'><strong>huiusmodi</strong></span> <span class='ocrx_word' id='word_1_288' title='bbox 948 4179 1100 4245; x_wconf 89' lang='lat' dir='ltr'><strong>emoionis</strong></span> <span class='ocrx_word' id='word_1_289' title='bbox 1131 4178 1218 4243; x_wconf 90' lang='lat' dir='ltr'><strong>dicte</strong></span> <span class='ocrx_word' id='word_1_290' title='bbox 1249 4179 1341 4244; x_wconf 83' lang='lat' dir='ltr'><strong>vinee</strong></span> <span class='ocrx_word' id='word_1_291' title='bbox 1372 4177 1445 4243; x_wconf 84' lang='lat' dir='ltr'><strong>dicto</strong></span> 
     </span>
     <span class='ocr_line' id='line_1_36' title="bbox 327 4285 1445 4371; baseline 0 -21"><span class='ocrx_word' id='word_1_292' title='bbox 327 4287 483 4368; x_wconf 82' lang='lat' dir='ltr'><strong>magistro</strong></span> <span class='ocrx_word' id='word_1_293' title='bbox 500 4285 624 4352; x_wconf 82' lang='lat' dir='ltr'><strong>Thome</strong></span> <span class='ocrx_word' id='word_1_294' title='bbox 641 4291 674 4352; x_wconf 90' lang='lat' dir='ltr'><strong>et</strong></span> <span class='ocrx_word' id='word_1_295' title='bbox 690 4287 754 4352; x_wconf 91' lang='lat' dir='ltr'><strong>suis</strong></span> <span class='ocrx_word' id='word_1_296' title='bbox 770 4285 944 4353; x_wconf 91' lang='lat' dir='ltr'><strong>heredibus</strong></span> <span class='ocrx_word' id='word_1_297' title='bbox 961 4285 1002 4352; x_wconf 91' lang='lat' dir='ltr'><strong>ad</strong></span> <span class='ocrx_word' id='word_1_298' title='bbox 1017 4285 1237 4353; x_wconf 85' lang='lat' dir='ltr'><strong>inviolabilem</strong></span> <span class='ocrx_word' id='word_1_299' title='bbox 1263 4287 1445 4371; x_wconf 85' lang='lat' dir='ltr'><strong>perpetuita-</strong></span> 
     </span>
     <span class='ocr_line' id='line_1_37' title="bbox 327 4395 1445 4480; baseline -0.003 -20"><span class='ocrx_word' id='word_1_300' title='bbox 327 4399 395 4460; x_wconf 91' lang='lat' dir='ltr'><strong>tem</strong></span> <span class='ocrx_word' id='word_1_301' title='bbox 409 4395 517 4460; x_wconf 90' lang='lat' dir='ltr'><strong>minus</strong></span> <span class='ocrx_word' id='word_1_302' title='bbox 534 4395 679 4479; x_wconf 83' lang='lat' dir='ltr'><strong>expleret</strong></span> <span class='ocrx_word' id='word_1_303' title='bbox 695 4417 753 4462; x_wconf 89' lang='lat' dir='ltr'><strong>noa</strong></span> <span class='ocrx_word' id='word_1_304' title='bbox 771 4417 809 4460; x_wconf 85' lang='lat' dir='ltr'><strong>ex</strong></span> <span class='ocrx_word' id='word_1_305' title='bbox 825 4399 939 4463; x_wconf 90' lang='lat' dir='ltr'><strong>nostra</strong></span> <span class='ocrx_word' id='word_1_306' title='bbox 955 4395 1133 4462; x_wconf 90' lang='lat' dir='ltr'><strong>donacione</strong></span> <span class='ocrx_word' id='word_1_307' title='bbox 1152 4395 1242 4480; x_wconf 84' lang='lat' dir='ltr'><strong>regia</strong></span> <span class='ocrx_word' id='word_1_308' title='bbox 1259 4397 1287 4460; x_wconf 91' lang='lat' dir='ltr'><strong>si</strong></span> <span class='ocrx_word' id='word_1_309' title='bbox 1306 4396 1348 4479; x_wconf 35' lang='lat' dir='ltr'><strong>in,</strong></span> <span class='ocrx_word' id='word_1_310' title='bbox 1359 4415 1445 4478; x_wconf 88' lang='lat' dir='ltr'><strong>quan·</strong></span> 
     </span>
     <span class='ocr_line' id='line_1_38' title="bbox 328 4502 1445 4591; baseline -0.002 -23"><span class='ocrx_word' id='word_1_311' title='bbox 328 4507 397 4568; x_wconf 87' lang='lat' dir='ltr'><strong>tum</strong></span> <span class='ocrx_word' id='word_1_312' title='bbox 424 4502 466 4569; x_wconf 92' lang='lat' dir='ltr'><strong>ad</strong></span> <span class='ocrx_word' id='word_1_313' title='bbox 485 4508 630 4569; x_wconf 89' lang='lat' dir='ltr'><strong>nostram</strong></span> <span class='ocrx_word' id='word_1_314' title='bbox 662 4505 872 4571; x_wconf 89' lang='lat' dir='ltr'><strong>collacionem</strong></span> <span class='ocrx_word' id='word_1_315' title='bbox 897 4505 1063 4591; x_wconf 90' lang='lat' dir='ltr'><strong>pertinere</strong></span> <span class='ocrx_word' id='word_1_316' title='bbox 1089 4503 1276 4589; x_wconf 88' lang='lat' dir='ltr'><strong>dinoscitur,</strong></span> <span class='ocrx_word' id='word_1_317' title='bbox 1306 4503 1445 4587; x_wconf 83' lang='lat' dir='ltr'><strong>adimple</strong></span> 
     </span>
    </p>
   </div>
   <div class='ocr_carea' id='block_1_5' title="bbox 0 0 1580 5472">
    <p class='ocr_par' dir='ltr' id='par_1_11' title="bbox 0 0 1580 5472">
     <span class='ocr_line' id='line_1_39' title="bbox 0 0 1580 5472; baseline 0 0"><span class='ocrx_word' id='word_1_318' title='bbox 0 0 1580 5472; x_wconf 95' lang='lat' dir='ltr'><strong> </strong></span> 
     </span>
    </p>
   </div>
  </div>
 </body>
</html>
