3172 5462
313 464 355 530 98
663 477 851 529 arsoononr
874 461 1092 525 onnlsrrtn.

312 643 427 729 Vyuar
441 643 588 710 habitam
600 641 782 709 aJohanne
791 639 859 708 filio
875 639 1076 726 Magrabeus
1085 638 1194 724 precio
1206 637 1447 723 comparaverit

312 753 396 818 sicut
420 751 508 836 dicit,
524 754 561 816 ut
577 751 705 817 easdem
721 751 844 835 absque
861 748 1034 814 cuiuslibet
1050 747 1323 814 contradiccionis
1340 747 1448 814 obsta·

315 861 386 926 culo
411 860 593 946 possideret
619 865 652 925 et
666 858 812 942 haberet,
828 879 888 924 uos
912 857 1001 942 ipsas
1024 857 1240 941 possessiones
1257 856 1320 921 sibi
1336 855 1449 922 confir·

313 989 402 1036 mare
413 967 621 1052 dignaremur
632 967 734 1048 ;unde
744 967 823 1033 licet
833 965 946 1032 eedem
962 964 1177 1050 possessiones
1194 963 1283 1030 dicto
1300 961 1327 1026 J
1329 963 1450 1029 ohanni

313 1077 382 1143 filio
391 1077 445 1142 Ite
455 1075 600 1160 legitime
610 1079 735 1142 statute
742 1076 868 1162 pridem
877 1073 1008 1158 fuerint,
1018 1079 1129 1140 tamen
1139 1094 1197 1164 nos
1208 1093 1248 1136 ex
1263 1071 1449 1139 huiusmodi

314 1210 335 1254 a
350 1188 443 1254 nobis
453 1189 559 1271 petita
570 1185 817 1253 confirmacione
828 1187 978 1271 cuiqnam
987 1185 1205 1271 preiudicium
1214 1182 1323 1248 facere
1339 1182 1448 1246 nolen-

315 1301 373 1380 tes,
399 1295 442 1360 ad
466 1295 622 1361 maiorem
640 1294 801 1360 cautelam
828 1301 861 1361 et
880 1295 1161 1362 conservacionem
1177 1293 1257 1358 iuris
1272 1291 1375 1376 ipsius
1392 1288 1417 1355 J
1418 1311 1448 1354 0-

314 1404 432 1470 hannis
456 1403 585 1469 easdem
609 1405 827 1488 possessiones
851 1404 1042 1471 secundario
1066 1401 1265 1468 coambulari
1291 1399 1448 1467 commisi·

315 1532 386 1576 mus
412 1516 446 1578 et
461 1511 590 1595 publice
605 1509 811 1598 proclamari,
826 1533 966 1598 persona
982 1515 1020 1578 ut
1035 1512 1062 1576 si
1079 1510 1225 1595 quisquis
1241 1509 1372 1575 easdem
1381 1511 1449 1574 inre

317 1621 427 1704 aliquo
443 1620 496 1684 vel
511 1621 608 1686 titulo
624 1641 698 1686 suas
715 1641 782 1686 esse
798 1621 1013 1688 declaraverit
1029 1623 1062 1686 et
1077 1618 1238 1686 redimere
1253 1619 1394 1684 voluerit
1409 1615 1448 1682 ab

317 1727 431 1794 eodem
447 1725 472 1792 J
474 1727 610 1812 ohanne,
634 1729 728 1794 iuxta
743 1730 836 1813 regni
853 1728 1116 1795 consvetudinem
1132 1727 1315 1792 redimendi
1331 1726 1449 1791 habeat

317 1836 518 1922 facultatem,
544 1837 572 1902 si
598 1843 708 1903 autem
733 1838 844 1904 nullus
869 1837 1091 1904 contradictor
1117 1835 1309 1922 apparuerit
1334 1834 1386 1899 vel
1402 1855 1448 1898 re-

318 1945 467 2029 demptor
482 1945 522 2011 de
546 1947 720 2030 premissis,
737 1951 856 2012 extunc
871 1949 1049 2012 memorate
1064 1945 1281 2028 possessiones
1297 1941 1388 2008 lacta
1401 1963 1448 2007 re-

319 2053 543 2120 ambulacione
569 2055 754 2121 earumdem
779 2055 983 2140 presentibus
1001 2054 1230 2120 commetaneis
1247 2059 1281 2118 et
1298 2072 1448 2118 convoca·

318 2163 361 2226 tis
370 2161 484 2226 vicinis
494 2163 560 2227 suis
570 2168 759 2230 statuantur
768 2163 794 2229 J
796 2164 916 2230 ohanni
925 2163 993 2229 filio
1003 2163 1056 2228 Ite
1072 2166 1230 2247 perpetuo
1246 2160 1448 2245 possidenda.

320 2267 613 2336 contradictoribus
638 2271 665 2336 si
688 2272 744 2356 qui
761 2269 883 2336 fuerint
898 2271 941 2338 ad
955 2276 1101 2337 nostram
1116 2269 1317 2354 presenciam
1334 2319 1341 2334 .
1358 2317 1364 2334 .
1382 2290 1449 2334 evo·

319 2377 420 2459 catis3
444 2399 547 2462 quare
561 2376 715 2444 fidelitati
739 2383 847 2444 vestre
863 2429 870 2445 .
887 2428 894 2445 .
910 2378 1101 2445 mandamus
1116 2399 1175 2462 per
1190 2381 1359 2461 presentes
1375 2399 1449 2461 qua·

319 2490 415 2551 tenus
430 2505 504 2550 cum
518 2485 697 2555 Valentino
709 2486 748 2551 de
763 2484 880 2552 Zonuk
897 2493 955 2552 aut
970 2486 1111 2552 Lucasio
1128 2485 1169 2550 de
1184 2485 1313 2551 Bereoh
1329 2486 1357 2550 si
1373 2486 1448 2550 alte·

319 2613 392 2658 rum
406 2590 519 2658 abesse
536 2593 703 2677 contingat
718 2593 846 2658 homine
856 2599 966 2660 nostro
976 2599 1118 2660 vestrum
1135 2593 1297 2659 hominem
1312 2593 1449 2659 mittatis

319 2721 379 2785 pro
395 2701 581 2767 testimonio
599 2699 797 2786 fidedignum
814 2701 856 2767 ad
871 2704 1029 2787 premissa
1045 2701 1242 2787 exequenda,
1262 2706 1295 2768 ct
1311 2701 1449 2786 posthec

321 2809 408 2873 diem
432 2807 599 2875 citaoionis
623 2811 755 2876 nomina
779 2817 986 2877 evocatorum
1010 2817 1044 2876 et
1060 2812 1235 2876 terminum
1252 2810 1449 2895 assignatum

322 2938 396 2983 cum
421 2917 568 2982 cursibus
583 2923 744 2984 metarum
777 2924 810 2984 et
825 2921 930 2985 tocius
946 2919 1026 2985 facti
1042 2921 1123 2986 serie
1139 2919 1233 2985 nobis
1248 2917 1389 2984 fideliter
1402 2940 1449 2984 re-

322 3025 482 3094 scribatis.
502 3024 628 3093 Datum
651 3028 685 3094 in
710 3027 920 3114 Wyssegrad
936 3030 970 3094 in
986 3031 1108 3095 octavis
1123 3029 1212 3095 beati
1227 3027 1365 3095 Martini
1381 3049 1449 3094 con·

322 3135 462 3219 tesseris,
479 3155 563 3202 anno
580 3135 701 3202 domini
716 3135 801 3202 Μῑῃο
818 3137 951 3205 OOOmo
970 3137 1094 3204 xxmo
1110 3139 1222 3205 tercio.

429 3281 471 3332 ΑΖ
489 3283 549 3347 egri
561 3283 751 3347 ktptalannalr
769 3283 991 3336 em·01323.deo.
1011 3284 1092 3335 acen
1111 3285 1169 3336 kelt
1183 3283 1449 3348 jelenttstbdbmely

323 3372 426 3423 crerint
443 3373 554 3424 Marton
575 3373 706 3424 kanonok
727 3375 756 3424 es
774 3375 889 3424 Berechi
900 3375 1035 3425 Lnkacsa
1046 3375 1203 3440 helyszlntn
1217 3373 1449 3425 tdbbeketlelszd·

323 3463 445 3526 litottak‚
470 3466 514 3513 aot
537 3464 656 3514 Stroson
679 3480 696 3514 a
723 3465 840 3530 piaezon
867 3465 1047 3530 nyilvanosan
1075 3466 1098 3515 is
1126 3466 1314 3528 rimaturum,
1334 3483 1351 3516 a
1368 3465 1450 3516 kivtl·

324 3553 399 3602 tasra
417 3555 541 3602 azonban
560 3554 638 3604 aenki
656 3569 713 3604 sem
729 3553 918 3619 jelentkezett.
941 3556 982 3606 ΑΖ
1005 3556 1064 3622 egri
1083 3557 1216 3618 kaptalan
1239 3571 1253 3606 e
1273 3554 1419 3621 jelentestt
1429 3556 1448 3604 1.

324 3640 431 3707 Karoly
443 3642 535 3708 kirtly
550 3647 627 3694 1824.
641 3659 704 3696 nov.
720 3643 895 3711 9·tnatirta;
908 3647 927 3696 1.
941 3647 1032 3698 alabb.

811 3788 968 3806 ,........-.

866 3921 917 3982 92.

329 4079 425 4144 1323.
441 4099 515 4144 nov.
532 4079 584 4144 20.
616 4077 644 4143 Ι.
677 4076 946 4186 Keirolpllirrily
961 4079 1107 4147 Hetrusca
1139 4081 1276 4149 bit-toleot
1307 4083 1451 4172 Zcmplc'n

327 4187 554 4273 octrmepyc'deu
570 4188 703 4251 laioe'nele
728 4211 766 4252 aa
791 4187 879 4252 Abos
904 4190 1128 4276 aemzctac‘pbb'l
1147 4193 1223 4256 eald
1246 4193 1357 4257 Milccb
1383 4194 1453 4257 brin-

729 4297 795 4361 παλ*
818 4297 1066 4383 adobrutapozzo.

436 4435 582 4504 Karolus
600 4487 607 4504 .
623 4487 630 4504 .
646 4459 703 4505 rex
719 4487 725 4504 .
743 4488 750 4504 .
766 4439 809 4506 ad
824 4440 1044 4508 universorum
1069 4441 1224 4508 noticiam
1241 4443 1358 4510 harum
1375 4441 1452 4508 serie

329 4545 476 4611 volumus
490 4547 668 4632 pervenire,
686 4547 776 4632 quod
793 4571 865 4616 cunr
880 4549 1065 4634 Dyonisiua
1075 4548 1203 4636 Donch,
1219 4549 1385 4634 Matheus,
1400 4547 1454 4614 Jo-

330 4651 463 4738 hannes,
479 4652 642 4738 Mychael,
659 4652 823 4738 Georgius
839 4665 872 4723 et
886 4656 1046 4723 Nicolaus
1062 4657 1120 4723 filii
1139 4658 1259 4725 Budun
1277 4681 1298 4724 a
1314 4659 1367 4724 via
1383 4656 1454 4722 fide-
