3112 5466
273 429 335 494 186
630 446 818 495 auroouom
834 437 1049 499 ouutsrrlu.

271 612 416 674 terarum
441 609 519 675 dicti
551 610 686 695 capituli
712 611 846 676 ecclesie
871 607 1044 695 Agriensis
1069 612 1216 697 legitima
1242 614 1403 680 citacione

272 716 360 784 sacta
376 716 418 784 ad
434 723 564 784 octavas
574 718 671 784 medii
682 716 936 802 Quadragesime
952 720 994 785 ad
1010 722 1134 805 regiam
1149 725 1351 806 presenciam
1366 723 1404 787 in

272 846 403 891 causam
412 828 631 910 attraxissent,
642 827 775 892 tandem
784 829 927 911 ipsarum
938 834 1125 896 octavarum
1135 833 1274 897 termino
1291 852 1405 897 ocem-

270 939 363 1000 rente
387 934 533 1019 prefatus
557 937 711 1018 magister
737 936 868 1003 Blasius
891 960 949 1004 suo
973 939 1189 1022 personaliter
1214 946 1248 1005 et
1272 941 1405 1005 nomine

270 1044 469 1129 prefatorum
485 1044 623 1111 fratrum
640 1068 771 1112 suorum
787 1068 860 1112 cum
875 1047 992 1112 litteris
1008 1050 1243 1132 procuratoriis
1253 1047 1403 1113 iamdicti

272 1155 407 1237 capituli
432 1151 604 1237 Agricnsis
621 1157 663 1221 ad
679 1162 824 1222 nostram
848 1156 1031 1222 accedendo
1056 1158 1259 1240 presenciam
1275 1158 1310 1221 in
1325 1177 1402 1221 con-

270 1262 409 1328 trarium
439 1262 641 1347 prefatorum
674 1264 900 1330 Bartholomei
931 1271 964 1330 et
995 1264 1155 1349 Stephani
1185 1266 1406 1350 personaliter

271 1370 453 1436 astancium
469 1375 639 1456 proposuit
654 1374 689 1438 in
704 1374 791 1439 hunc
813 1373 951 1456 modum,
976 1379 1014 1438 ut
1028 1373 1148 1456 regalis
1163 1375 1270 1458 pietas
1284 1394 1406 1438 memo-

271 1484 379 1544 ratam
417 1482 648 1568 possessionem
682 1480 950 1567 Hamadnympti
980 1488 1130 1549 vocatam
1162 1483 1407 1565 circumspectis

271 1588 372 1671 ipsius
398 1595 430 1654 et
454 1590 673 1672 predictorum
703 1591 843 1657 fratrum
872 1614 1003 1658 suorum
1034 1592 1209 1658 meritoriis
1240 1591 1407 1675 obsequiis

273 1696 390 1778 quibus
417 1697 459 1765 ab
484 1720 540 1764 ero
565 1701 683 1783 puerili
699 1701 786 1784 regie
810 1700 1005 1784 benignitati
1031 1701 1108 1765 totis
1139 1699 1262 1764 viribus
1286 1707 1320 1765 et
1343 1722 1406 1784 pro

273 1825 366 1888 posse
406 1806 603 1872 studuissent
634 1810 841 1893 complacere,
880 1809 1008 1874 nomine
1038 1814 1125 1873 terre
1158 1809 1313 1891 reginalis
1344 1807 1408 1872 sibi

274 1918 306 1977 et
321 1913 477 1996 predictis
493 1914 650 1981 fratribus
667 1919 733 1982 suis
750 1938 822 1981 cunr
839 1915 986 1981 omnihus
997 1915 1140 1980 eiusdem
1155 1914 1357 1981 utilitatibus
1374 1923 1408 1981 et

273 2023 480 2106 pertinenciis
512 2025 669 2090 universis
699 2031 856 2110 perpetue
890 2025 1079 2090 contulisset
1103 2023 1339 2109 possidendam,
1374 2031 1409 2089 et

275 2153 349 2195 cum
375 2132 509 2197 eandem
538 2135 773 2217 possessionem
800 2135 963 2218 predictus
994 2135 1090 2200 homo
1116 2134 1237 2199 domini
1261 2135 1348 2216 regis
1373 2134 1408 2198 in

274 2241 439 2322 presencia
457 2241 634 2306 testimonii
660 2243 738 2307 dicti
764 2243 898 2325 capituli
923 2241 985 2306 sibi
1010 2247 1042 2305 et
1067 2242 1222 2325 predictis
1248 2239 1409 2306 fratribus

275 2348 340 2412 suis
355 2347 447 2411 iuxta
463 2349 587 2430 regium
598 2348 738 2414 edictum
755 2356 897 2414 statuere
907 2350 1063 2415 voluisset
1080 2350 1217 2434 predicti
1229 2349 1410 2415 Bartholo-

274 2478 364 2520 meus
381 2464 412 2520 et
429 2454 612 2539 Stephanus
628 2479 648 2521 a
665 2459 844 2524 statucione
861 2458 945 2522 dicte
972 2459 1181 2541 possessionis
1206 2459 1268 2523 sibi
1295 2465 1329 2522 et
1354 2480 1409 2523 su·
1470 2511 1474 2516 .
1554 2498 1555 2509 κ

274 2562 429 2646 predictis
458 2562 615 2629 fratribus
646 2566 712 2630 suis
742 2564 890 2631 facienda
922 2564 1059 2629 eundem
1091 2565 1254 2631 hominem
1281 2565 1408 2631 domini

275 2671 362 2754 regis
379 2692 487 2737 coram
505 2673 689 2739 testimonio
705 2674 784 2739 dicti
801 2675 935 2758 capituli
952 2673 1202 2739 contradicendo
1222 2674 1411 2757 prohibuis-

277 2785 357 2862 sent,
375 2781 466 2844 cuius
482 2781 714 2862 prohibicionis
739 2785 902 2848 racionem
918 2784 952 2846 iu
967 2789 1078 2847 nostre
1100 2782 1268 2847 iudiciaria
1293 2791 1413 2848 aucto-

276 2890 384 2954 ritatis
400 2891 565 2971 presencia
581 2890 642 2955 sibi
659 2899 691 2956 et
707 2891 802 2956 dictis
818 2891 974 2956 fratribus
991 2891 1057 2955 suis
1080 2913 1139 2975 per
1163 2890 1291 2956 eosdem
1307 2892 1414 2956 vellet

276 2999 452 3081 assignari3
470 3021 534 3082 quo
551 3000 663 3065 audito
679 3002 776 3066 iidem
793 3001 1043 3067 Bartholomeus
1069 3008 1102 3065 et
1127 2999 1313 3084 Stephanus
1330 3021 1415 3064 avos

277 3115 310 3172 et
326 3108 449 3190 priores
466 3129 577 3172 eorum
587 3129 625 3172 ac
636 3130 669 3172 se
679 3108 800 3175 dictam
816 3111 1048 3192 possessionem
1064 3106 1263 3191 usquemodo
1279 3105 1416 3171 criden·

276 3219 474 3284 tissimorum
485 3216 775 3282 instrumentorum
786 3218 883 3283 titulo
894 3217 1073 3301 possedisse
1089 3222 1122 3281 et
1138 3237 1224 3280 nunc
1240 3215 1415 3298 possidere

276 3326 468 3394 affirmando
479 3330 643 3413 quoddam
653 3331 856 3415 privilegium
873 3330 1008 3413 capituli
1025 3329 1158 3394 ecclesie
1174 3324 1417 3411 Agriensissu-

277 3435 422 3518 predicte
439 3438 558 3504 ibidem
573 3441 608 3504 in
618 3447 780 3506 momento
790 3439 882 3506 nobis
898 3444 1136 3523 presentarunt,
1146 3439 1180 3502 in
1191 3437 1282 3501 cuius
1292 3441 1417 3499 tenore

277 3547 531 3629 permagistrum
542 3548 851 3632 Stephanumfilium
861 3546 1142 3633 Erneyquondam
1151 3545 1229 3611 bani
1239 3543 1278 3608 de
1287 3563 1418 3626 genere

278 3652 513 3721 Akwsnomine
522 3659 730 3740 possessionis
740 3664 928 3742 perpetrem
939 3654 1305 3740 suumaqnisiteThome
1316 3652 1416 3733 patri

278 3764 415 3847 predicti
426 3764 583 3849 Stephani
593 3768 626 3832 in
643 3767 790 3850 proxima
800 3767 886 3830 linea
896 3763 1185 3848 consanguinitatis
1194 3761 1255 3844 ipsi
1265 3757 1418 3823 Bartho-

278 3873 382 3939 lomeo
399 3875 560 3958 attinenti,
576 3873 710 3940 Andree
727 3881 760 3940 et
775 3873 935 3958 Ropheyu
960 3872 1036 3937 filiis
1051 3870 1165 3936 Bedek
1181 3869 1220 3933 de
1236 3867 1417 3949 Pereznee,

277 3978 469 4046 Alexandro
502 3982 568 4047 filio
593 3982 732 4064 Elekus,
758 3981 903 4047 Johanni
927 3980 994 4046 filio
1019 3981 1102 4062 Elio,
1128 3977 1311 4058 Karmerio,
1336 3974 1418 4040 Ste-

278 4088 396 4173 phane,
411 4089 593 4173 Dominico,
609 4088 800 4156 Alexandro
816 4089 883 4154 filio
898 4089 973 4153 Elie
997 4088 1057 4153 filii
1082 4084 1242 4152 Chenkud
1258 4092 1291 4149 et
1304 4082 1418 4149 Petro

278 4197 346 4264 filio
362 4198 497 4264 Iwanka
512 4199 580 4264 avis
597 4205 629 4264 et
644 4199 805 4281 prioribus
824 4197 979 4280 proximis
1005 4216 1116 4260 eorum
1131 4195 1165 4258 in
1182 4190 1418 4258 concambium

280 4312 312 4371 et
328 4309 601 4389 permutacionem
618 4306 833 4390 quarumdam
857 4306 1093 4390 possessionum
1116 4303 1277 4368 Pereznee
1292 4305 1325 4364 et
1340 4298 1420 4364 Lu-

279 4416 357 4481 hina
372 4422 561 4482 vocatarum
585 4418 620 4481 in
645 4417 801 4482 comitatu
826 4413 1036 4480 Borsodiensi
1060 4411 1271 4477 existenoium
1296 4430 1422 4492 perpe-

280 4526 363 4590 tuali
380 4524 558 4590 tradicione
574 4526 677 4608 ipsam
693 4524 926 4607 possessionem
950 4520 1226 4605 Harnadnympty
1253 4519 1421 4600 comperi-

280 4656 352 4700 mus
369 4634 522 4700 collatam
539 4634 693 4716 extitisse,
709 4633 770 4699 tali
786 4632 975 4699 condicione
1001 4628 1213 4715 ohligaoionis
1238 4624 1424 4714 mediante,
