3132 5470
587 477 680 542 leae.
696 492 767 542 rur.
788 479 837 542 12

672 843 746 906 325.

145 1002 239 1065 1328.
247 1007 324 1086 jaca
343 1005 393 1083 12.Ι
412 1003 439 1066 Ι.
460 1003 585 1090 Kdrolp
600 1005 712 1090 lrirdlp
729 1005 856 1068 sztkas
871 1005 938 1087 ficit
967 1007 1138 1070 Douroboat
1154 1006 1275 1070 Koerae

143 1119 224 1174 aecii·
240 1109 364 1195 Norsitra
379 1113 559 1196 vdrmeppea'
584 1111 882 1199 biv·tokdan,ucelpet
892 1115 1017 1177 dae-iareb
1034 1116 1104 1198 νηός]
1121 1115 1181 1180 IV.
1194 1113 1276 1178 Bo'lo

420 1219 530 1304 kircily
546 1221 798 1307 odoma'oyozott,
814 1224 1002 1306 moperd'sa'ta'.

252 1377 413 1445 Carolus.
430 1430 437 1445 .
453 1401 510 1444 rex
535 1431 542 1445 .
559 1431 565 1446 .
591 1380 634 1446 ad
658 1381 880 1448 universorum
904 1383 1081 1448 noticiam.
1099 1433 1106 1447 .
1123 1383 1270 1448 volumus

142 1489 319 1572 pervenire,
335 1488 422 1570 quod
437 1487 629 1554 Dominicus
645 1487 731 1554 filius
746 1489 872 1554 Fulkus
904 1489 1007 1555 fidelis
1032 1495 1141 1556 noster
1157 1489 1199 1553 ad
1216 1511 1272 1555 no·

144 1605 246 1662 stram
261 1596 416 1662 accedens
431 1598 629 1681 presenciam
660 1597 807 1664 exhibuit
822 1599 915 1664 uobis
930 1600 1134 1683 privilegium
1151 1598 1273 1663 domiui

144 1705 225 1770 Bele
241 1706 405 1788 quondam
421 1705 557 1772 illustris
573 1707 658 1789 regis
674 1705 847 1791 Hungarie
863 1758 870 1772 .
887 1758 894 1773 .
910 1709 1025 1792 proaui
1049 1709 1151 1774 nostri
1168 1757 1175 1772 .
1193 1757 1200 1772 .
1216 1728 1269 1770 su·
1340 1781 1345 1790 Ι

143 1836 202 1897 per
228 1813 406 1879 donacione
432 1820 464 1879 et
489 1814 666 1879 collacione
700 1811 909 1898 possessionis
940 1815 1071 1881 Keerne
1102 1821 1215 1881 vocate
1238 1815 1273 1879 in

144 1923 302 1988 comitatu
317 1921 475 1989 Nitrieusi
501 1924 667 1989 existentis
682 1922 772 1989 facta
797 1924 875 1989 olim
899 1923 1038 1990 Nicolao
1066 1921 1134 1990 filio
1159 1923 1271 1989 Zcoch

143 2052 203 2096 avo
219 2032 322 2115 ipsius
338 2031 529 2115 confectum,
555 2033 742 2116 supplicans
758 2039 869 2098 nostro
901 2033 1035 2098 culmini
1051 2033 1219 2098 humiliter
1235 2037 1273 2096 ut

144 2141 250 2223 ipsum
268 2140 471 2224 privilegium
488 2147 595 2205 ratum
611 2141 759 2207 habendo
791 2141 912 2208 dictam
927 2147 1049 2207 terram
1064 2140 1196 2206 Keerne
1212 2140 1274 2205 sibi

144 2247 413 2330 quemadmodum
429 2248 593 2331 predictus
608 2265 665 2313 rex
680 2249 764 2314 Bela
779 2248 907 2332 prefato
921 2247 1059 2316 Nicolao
1070 2270 1130 2314 avc
1146 2270 1203 2314 suo
1213 2269 1273 2331 pro

142 2353 343 2420 multimodis
358 2343 391 2419 et
406 2355 580 2420 meritoriis
596 2356 738 2428 serviciis
749 2357 815 2420 suis
830 2357 865 2420 in
878 2362 1073 2441 perpetuum
1090 2355 1222 2420 donavit
1239 2405 1246 2420 .
1264 2404 1271 2420 .

143 2485 200 2529 uos
218 2463 258 2528 dc
273 2463 474 2547 benignitate
490 2464 581 2547 regia
596 2470 708 2530 nostro
724 2464 894 2548 privilegio
920 2463 1111 2530 confirmare
1126 2463 1274 2546 dignare-

143 2593 232 2650 mur3
247 2573 359 2655 itaque
374 2593 434 2636 nos
459 2571 667 2642 attendentes
683 2571 902 2636 inviolabilem
926 2570 1001 2636 fidei
1026 2577 1058 2635 et
1091 2571 1273 2636 devocionis

145 2680 365 2762 prebuitatem
383 2699 479 2763 quam
495 2679 581 2745 idem
598 2679 791 2744 Dominicus
808 2679 850 2743 ad
865 2699 925 2743 nos
951 2685 984 2743 et
999 2700 1125 2744 sacram
1150 2679 1273 2761 regiam

144 2810 297 2854 coronam
323 2793 466 2853 nostram
486 2809 616 2871 semper
641 2787 758 2852 habuit
783 2794 883 2870 atquc
908 2785 1008 2852 habet
1034 2785 1274 2852 considerantes

143 2897 245 2961 eciam
260 2895 388 2961 labores
405 2897 575 2962 continuos
590 2902 622 2960 et
638 2896 750 2982 gravia
766 2916 864 2960 onera
890 2917 1102 2978 expensarum
1129 2917 1191 2980 que
1214 2918 1274 2980 pro

144 3006 266 3072 honore
281 3009 392 3069 nostre
409 3004 610 3070 celsitudinis
626 3004 762 3069 subiisse
778 3004 939 3088 probatur
954 3005 1168 3070 necnon-satis
1179 3011 1276 3088 grata

147 3135 163 3178 e
194 3121 330 3196 accepta
346 3114 481 3178 servicia
497 3135 559 3196 que
575 3114 682 3196 ipsum
698 3111 791 3177 nobis
808 3117 840 3176 et
856 3131 957 3193 regno
982 3119 1096 3178 nostro
1121 3113 1155 3177 iu
1172 3112 1274 3177 diver-

144 3224 186 3288 sis
204 3221 464 3305 expedicionibus
480 3222 515 3286 in
531 3222 741 3306 inpugnando
758 3225 886 3286 nostros
918 3220 1056 3286 rebelles
1080 3227 1113 3286 et
1128 3220 1275 3286 infideles

145 3353 206 3415 pro
224 3329 427 3395 exaltacione
443 3330 546 3394 nostri
562 3329 729 3412 regiminis
745 3333 778 3392 et
793 3328 925 3393 honoris
940 3349 1000 3412 pro
1016 3330 1276 3412 reintegracione

147 3445 179 3505 et
195 3443 372 3522 augmento
398 3437 574 3521 reipublice
599 3459 636 3501 ac
661 3457 720 3520 pro
745 3435 987 3501 reformaoione,
1003 3437 1094 3519 pacis
1118 3438 1152 3500 in
1169 3457 1273 3519 regno

145 3546 292 3630 predicto
319 3567 393 3610 cum
419 3543 572 3610 effusione
606 3545 656 3610 sui
687 3545 850 3628 sangvinis
885 3543 1041 3610 hactenus
1066 3545 1276 3610 laudabiliter

146 3655 328 3722 exhibuisse
345 3655 575 3738 cognoscimus,
586 3654 791 3738 privilegium
807 3653 891 3734 regis
907 3651 988 3717 Bele
1003 3703 1010 3716 .
1028 3703 1034 3717 .
1052 3674 1108 3717 seu
1125 3651 1276 3718 donacio·

146 3787 218 3829 nem
234 3769 267 3828 et
283 3763 494 3828 collacionem
511 3763 653 3828 eiusdem
663 3763 748 3846 regis
764 3813 770 3827 .
787 3812 794 3826 .
811 3759 1010 3827 ratificantes
1021 3761 1142 3827 dictam
1157 3767 1276 3826 terram

145 3872 279 3938 Keerne
290 3922 298 3937 .
309 3923 316 3937 .
328 3871 431 3937 eidem
446 3871 618 3936 Dominico
635 3869 702 3936 filio
718 3869 845 3936 Fulkus
854 3869 1277 3954 perenniterpossidendam

146 3981 344 4046 ..duximus
376 3985 532 4064 perpetuo
558 3977 819 4045 confirmandam.
850 3977 976 4044 Datum
1007 4001 1065 4063 per
1081 4000 1195 4043 manus
1227 3977 1274 4042 di-

145 4089 241 4154 screti
257 4089 319 4152 viri
344 4088 491 4170 magistri
506 4086 618 4174 End-re
642 4084 795 4152 Albensis
822 4088 954 4153 ecclesie
978 4087 1136 4172 prepositi
1153 4092 1186 4152 et
1202 4087 1277 4152 aule

144 4203 255 4262 nostre
270 4195 529 4261 vicecancellarii
546 4245 553 4260 .
569 4245 576 4260 .
593 4217 678 4260 anno
695 4194 817 4260 domini
840 4194 1017 4260 Millcsimo
1048 4195 1276 4260 trecentesimo

144 4305 297 4370 vicesimo
314 4309 445 4388 octove,
460 4303 564 4388 pridie
579 4302 653 4367 idus
670 4301 695 4366 J
696 4302 772 4384 unii,
790 4302 880 4386 regni
896 4303 999 4368 nostri
1024 4323 1110 4368 anuo
1126 4301 1276 4368 similiter

147 4412 241 4478 XX⁰
257 4417 381 4478 octavo.
395 4410 648 4481 Venerabilibus
673 4409 733 4475 stb.
745 4407 777 4495 ²³)

145 4537 363 4550 ..-....-·.

253 4592 279 4653 *)
293 4591 324 4642 Is.
337 4593 452 4643 stutebb
466 4596 526 4642 317.
541 4607 576 4642 sa.
590 4593 703 4642 mazaei
715 4606 732 4642 a
744 4590 1047 4654 vallonatassa1‚uogy
1060 4606 1092 4640 az
1105 4591 1271 4655 esztergcmi

145 4684 222 4734 ersek
254 4697 324 4732 uere
356 4683 422 4732 utetn
445 4681 499 4732 oda
530 4681 642 4731 tetetctt
674 4680 799 4743 »locique
830 4679 952 4730 eiusdem
989 4679 1090 4731 comite
1113 4683 1273 4744 perpetuo«,
