3112 5466
551 457 646 519 1327.
665 474 760 519 sunu.
779 460 829 520 18.

642 853 716 918 254.

123 1015 213 1079 1327.
237 1014 324 1098 febr.
352 1015 402 1079 18.
434 1013 464 1078 A
497 1018 719 1102 napy-edredi
748 1017 911 1103 kdptalaa
942 1019 1134 1106 dizouyr‘lja,
1166 1022 1249 1108 bopy

120 1123 266 1187 lli-arachi
282 1123 456 1206 Ietvdnfia
479 1123 585 1188 Jctnos
602 1125 752 1210 bizoapoa
769 1125 881 1212 birsa'y
888 1127 1020 1214 fejdden
1036 1129 1161 1212 Detreji
1177 1131 1249 1194 Me-

311 1237 397 1318 apost
413 1231 567 1317 Geldayce
584 1232 690 1298 tir-rot
703 1232 817 1316 fele‘vel
836 1233 989 1319 clepitette
1005 1235 1048 1298 ki.

219 1440 227 1456 .
244 1441 251 1456 .
268 1392 447 1475 capitulum
464 1392 597 1458 ecclesie
613 1392 826 1459 Varadieusis
842 1443 850 1458 .
867 1443 874 1458 .
890 1394 933 1458 ad
953 1395 1175 1462 universorum
1191 1419 1248 1462 no-

119 1499 222 1564 ticiam
240 1549 247 1564 .
264 1549 271 1564 .
288 1500 433 1565 volumus
449 1502 625 1584 pervenire,
638 1501 724 1585 quod
740 1523 814 1567 cum
824 1501 998 1567 secuudum
1010 1505 1247 1570 continenciam

119 1607 296 1674 litterarum
312 1609 461 1690 magistri
475 1607 587 1684 Deseu
604 1610 730 1674 comitis
756 1609 796 1674 de
812 1609 920 1694 Bereg
945 1617 979 1676 et
1004 1618 1146 1694 quatuor
1165 1613 1247 1678 iudi-

118 1737 183 1780 cum
199 1717 359 1782 nobilium
375 1717 415 1780 de
433 1716 545 1782 eodem
564 1717 657 1784 uobis
683 1718 900 1784 exhibitarum
917 1725 951 1784 et
965 1741 1024 1803 per
1039 1741 1098 1786 nos
1114 1725 1246 1804 aperta-

118 1845 189 1888 rum.
209 1830 243 1888 et
273 1825 495 1908 inspecturum
525 1823 550 1890 J
553 1825 695 1891 ohannes
727 1824 814 1891 filius
845 1825 1004 1910 Stephani
1037 1826 1077 1891 de
1108 1827 1246 1894 Drauch

118 1931 348 1998 dimidietatem
378 1933 588 2016 possessionis
621 1931 781 2017 Gylieuus
812 1934 918 2018 ipsum
945 1936 1186 2018 contingentem
1212 1937 1245 2001 iu

120 2040 262 2124 predicto
285 2043 442 2108 comitatu
467 2041 552 2106 iuter
577 2043 688 2107 villam
711 2042 810 2108 Acha
835 2048 868 2107 et
891 2043 1028 2108 Drauch
1053 2045 1246 2110 existentem

116 2171 183 2214 eum
198 2147 349 2214 omnibus
365 2149 565 2214 utilitatibus
581 2151 647 2216 suia
672 2157 705 2214 et
729 2151 937 2234 pertinenciis
961 2153 1118 2217 universis
1135 2152 1245 2218 comiti

115 2255 240 2324 Mathia
255 2257 323 2323 filio
333 2257 465 2322 Detrici
482 2279 541 2341 pro
567 2257 736 2324 duodecim
760 2260 878 2324 marcis
903 2259 1120 2342 birsagiorum
1136 2264 1170 2324 et
1186 2259 1245 2325 ho·

115 2365 240 2430 mieidio
255 2367 290 2432 in
306 2387 370 2450 quo
396 2372 429 2430 et
453 2367 487 2430 iu
513 2367 631 2450 quibus
656 2367 742 2432 idem
768 2366 939 2432 Johauues
964 2373 1079 2433 eontra
1104 2367 1243 2432 eundem

116 2475 263 2540 comitem
294 2473 458 2539 Mathiam
488 2481 691 2541 remanserat
722 2475 941 2540 mediantibus
972 2475 1093 2542 litteris
1123 2477 1244 2540 nostris

114 2589 304 2668 perpetuare
319 2581 484 2648 debuisset
509 2605 614 2667 usque
631 2583 675 2649 ad
690 2583 886 2650 dominicam
901 2584 985 2650 Esto
1000 2584 1080 2648 mihi
1096 2585 1242 2668 proxime

113 2713 195 2758 nunc
210 2697 389 2772 venturam,
414 2691 546 2758 tandem
577 2693 658 2758 feria
674 2694 776 2758 tercia
794 2692 924 2758 dictam
950 2693 1144 2758 dominicam
1170 2713 1244 2776 pro-

113 2800 194 2864 xime
208 2799 402 2884 precedente
418 2801 567 2884 pertibus
583 2822 693 2867 eoram
710 2799 802 2868 uobis
818 2801 1034 2887 personaliter
1055 2801 1243 2867 constitutis

113 2907 195 2974 idem
210 2905 237 2972 J
238 2908 380 2974 ohannes
397 2907 483 2974 filius
500 2907 659 2994 Stephani
671 2915 821 2993 presente
839 2911 940 2976 eciam
957 2911 1070 2976 ecdem
1085 2909 1242 2993 magistro

112 3015 219 3082 Deseu
236 3018 353 3083 comite
369 3018 409 3082 de
425 3017 534 3101 Bereg
550 3017 670 3083 dietam
696 3017 934 3084 dimidietatem
950 3019 1159 3103 possessionis
1175 3015 1243 3102 Gy-

111 3125 215 3190 lianus
231 3147 252 3189 a
267 3129 360 3209 parte
376 3125 571 3190 occidentali
587 3124 681 3190 modo
698 3131 846 3209 pretacto
866 3126 970 3192 eidem
987 3127 1098 3192 comiti
1114 3125 1243 3190 Mathia

111 3233 176 3298 filio
192 3231 323 3297 Detrici
338 3253 396 3315 pro
413 3233 532 3297 eisdem
549 3232 719 3298 duodecim
742 3236 861 3300 mareis
878 3235 1094 3318 birsagiorum
1111 3240 1144 3298 et
1159 3233 1242 3298 iudi-

113 3342 159 3405 cio
185 3341 237 3405 sui
261 3341 383 3424 proprii
406 3340 574 3406 homicidii
599 3341 750 3408 videlieet
774 3365 834 3427 pro
860 3343 1100 3427 quinquaginta
1123 3342 1243 3406 marcis

111 3450 180 3514 riva
196 3470 273 3514 voce
290 3455 536 3533 spontaneaque
551 3451 718 3516 voluntate
743 3451 952 3535 perpetuavit
968 3470 1077 3516 eoram
1095 3448 1187 3514 uobis
1204 3455 1241 3513 ut

110 3556 267 3638 debebat;
285 3579 302 3622 e
320 3578 472 3623 converso
489 3564 600 3623 autem
617 3558 763 3642 prefatus
779 3581 885 3624 eomes
901 3557 1049 3622 Mathias
1066 3563 1103 3622 ut
1119 3578 1242 3622 assum-

109 3673 195 3731 serat
210 3667 245 3731 in
260 3666 415 3750 predictis
440 3666 560 3732 litteris
586 3667 666 3731 dieti
692 3667 818 3734 comitis
843 3667 883 3731 de
909 3665 1017 3748 Bereg
1042 3671 1075 3730 et
1100 3670 1240 3748 quatuor

108 3775 251 3840 iudicum
281 3774 501 3858 predictorum
527 3777 635 3840 omnia
665 3776 822 3859 premissa
854 3774 997 3856 birsagia
1024 3779 1057 3837 et
1082 3771 1239 3837 iudicium

107 3880 315 3947 homicidiale
346 3881 449 3946 eidem
475 3881 623 3948 Johauui
648 3884 776 3967 penitus
802 3889 835 3946 et
859 3882 1046 3967 perenuiter
1072 3878 1239 3961 relaxavit,

107 3989 257 4056 addendo
286 3989 393 4055 adhue
411 3990 515 4055 eidem
531 3993 662 4075 insuper
687 3993 829 4075 quinque
845 4011 970 4055 mareas
998 4009 1080 4072 quas
1096 3987 1163 4070 ipse
1180 3985 1205 4050 J
1207 4007 1239 4050 o·

108 4097 410 4164 hanuescoulessus
428 4105 527 4163 estse
546 4099 698 4164 habuisse
715 4149 745 4164 ..
771 4098 897 4163 Datum
922 4097 1004 4160 seria
1030 4101 1149 4179 quarta
1164 4117 1239 4179 pro-

107 4209 194 4272 xima
220 4213 297 4271 ante
323 4205 517 4289 dominicam
543 4206 773 4291 supradictam,
800 4226 885 4270 auno
912 4203 1034 4269 domiui
1059 4201 1112 4266 Μ0
1139 4199 1239 4267 0000

106 4317 261 4399 vigesimo
276 4315 422 4398 septimo.
439 4313 605 4399 Stephano
621 4315 794 4398 preposito,
815 4312 841 4377 J
842 4313 969 4378 ohanne
985 4312 1115 4394 lectore,
1140 4309 1238 4374 Nico-

105 4427 156 4490 lao
173 4428 310 4490 cantore
327 4427 359 4486 et
374 4421 400 4487 J
401 4421 502 4488 acobo
519 4423 651 4487 custode
670 4422 808 4487 dominis
834 4425 867 4486 et
881 4420 1046 4504 magistris
1063 4417 1238 4484 salubriter

106 4531 329 4600 existentibus.

1068 4741 1128 4808 18*
