3132 5470
565 475 662 538 1327.
677 490 747 536 sua.
769 474 795 536 6.
1175 471 1239 534 301

111 673 172 734 que
188 649 324 718 fiuvium
340 652 417 737 Ipul
434 652 539 718 eundo
558 671 656 735 supra
672 650 714 716 ad
730 651 870 716 orintem
881 650 1027 735 pervenit
1043 650 1085 714 ad
1100 651 1240 734 priorem

110 760 218 825 locum
243 761 354 844 ibique
388 759 497 826 deficit
531 767 564 826 et
598 759 793 826 terminatur
825 781 937 826 cursus
963 764 1124 824 metarum
1155 764 1241 824 terre

110 867 259 954 Kaachy
284 875 318 934 et
342 869 550 936 Lewasteluk
576 889 638 952 que
663 866 797 934 fuerunt
821 866 980 952 Mycaelis
1004 865 1064 932 filii
1091 865 1183 932 Petri
1200 865 1239 932 de

111 973 278 1042 Ztrahora
303 977 478 1060 antedicti3
514 983 658 1042 ceterum
694 996 808 1042 cursus
841 982 875 1040 et
901 974 1130 1040 distincciones
1155 982 1241 1040 mete

111 1090 275 1150 terrarum
292 1083 527 1170 Kectwossyan
544 1107 606 1170 que
632 1084 766 1150 luerunt
789 1081 990 1168 prefatorum
1015 1080 1145 1148 Nicolai
1161 1083 1240 1149 dicti

110 1188 241 1276 Ohcrep
256 1189 391 1258 Andree
408 1199 440 1258 et
455 1192 549 1258 Petri
564 1190 706 1258 filiorum
731 1190 890 1274 Mycaelis
915 1211 954 1254 ac
970 1188 1127 1274 Stephani
1144 1189 1241 1274 Nigri

111 1299 225 1364 taliter
253 1299 511 1384 distinguuntur:
546 1300 652 1384 prima
687 1299 812 1364 scilicet
851 1304 938 1364 meta
964 1299 1078 1383 incipit
1103 1319 1123 1362 a
1147 1305 1242 1384 parte

109 1409 263 1474 orientali
279 1409 371 1476 iuxta
395 1409 534 1475 rivulum
561 1415 594 1474 et
619 1414 748 1492 pratum
764 1406 990 1492 Kysrymachy
1016 1408 1071 1473 nbi
1089 1413 1139 1473 est
1154 1414 1241 1474 meta
1313 1489 1316 1497 Α

109 1522 229 1599 terrea,
253 1515 370 1582 deinde
395 1519 483 1584 venit
507 1517 549 1584 ad
574 1517 724 1584 arborem
748 1515 862 1602 nyarfa
888 1538 947 1601 pro
973 1523 1061 1582 meta
1098 1517 1240 1601 positam

107 1647 221 1690 versus
238 1630 366 1709 partem
382 1623 616 1691 occidentalem
634 1645 697 1708 que
713 1631 799 1689 mete
826 1629 957 1707 aparte
982 1624 1135 1689 orientali
1151 1647 1242 1709 sepa·
1292 1671 1295 1675 -

108 1739 184 1798 rant
211 1740 335 1798 terram
359 1731 505 1798 Drasdol
531 1755 551 1798 a
575 1738 668 1817 parte
692 1754 768 1798 vero
793 1731 999 1797 meridionali
1024 1733 1146 1798 terram
1171 1731 1242 1798 Ste-

109 1840 213 1924 phani
240 1840 320 1906 dicti
344 1840 494 1924 Vrduga
518 1847 612 1925 parte
637 1862 713 1907 vero
738 1839 997 1924 septemtrionali
1022 1845 1144 1906 terram
1160 1839 1242 1906 ¹dicti

112 1948 242 2014 Thome
257 1948 401 2032 voivode,
427 1947 544 2014 deinde
560 1949 667 2014 tendit
691 1947 734 2014 ad
758 1953 886 2034 partem
911 1947 1146 2016 occidentalem
1172 1955 1242 2014 tan-

108 2057 183 2122 dem
199 2057 349 2142 pervenit
365 2056 408 2124 ad
423 2062 543 2123 metam
568 2065 708 2124 terream
734 2077 797 2141 que
822 2062 872 2122 cst
897 2055 956 2122 sub
982 2056 1064 2141 pede
1079 2061 1243 2124 terrarum

108 2166 290 2232 arabilium
316 2187 427 2232 versus
451 2165 619 2232 meridiem
635 2166 727 2230 iuxta
742 2169 882 2249 pratum,
913 2163 1032 2231 abhinc
1063 2163 1242 2249 gradiendo

108 2273 262 2340 ascendit
287 2295 399 2338 versus
423 2279 550 2358 partem
576 2271 712 2338 eandem
737 2271 779 2338 ad
804 2271 954 2338 arborem
979 2271 1063 2338 tulfa
1095 2273 1151 2340 nbi
1168 2281 1243 2338 sunt

108 2382 173 2447 duc
199 2387 288 2446 mete
314 2387 418 2448 terrce
443 2381 645 2464 circumfusa,
680 2381 796 2448 deinde
828 2380 934 2448 tendit
967 2403 1077 2448 versus
1106 2381 1241 2447 eandem

104 2496 239 2574 partem
256 2489 386 2556 devenit
401 2489 443 2570 ad
459 2490 610 2556 arborem
642 2487 734 2572 tulfa,
766 2487 886 2554 abhinc
900 2489 1018 2554 iterato
1035 2487 1078 2554 ad
1093 2489 1242 2556 arborem

106 2599 211 2663 silicis
230 2597 288 2663 ubi
303 2603 380 2666 sunt
395 2597 458 2664 due
475 2603 559 2664 mete
576 2603 681 2664 terree
693 2603 726 2664 et
741 2597 833 2663 iuxta
843 2598 956 2663 silvam
975 2596 1079 2662 eundo
1095 2599 1243 2681 pervenit

103 2707 231 2773 iterato
248 2705 386 2772 adduas
402 2713 505 2774 metas
520 2715 644 2774 terreas
662 2729 735 2774 cum
750 2707 865 2774 arbore
881 2705 989 2789 silicis,
1000 2704 1117 2772 deinde
1133 2713 1240 2772 trans·

104 2817 177 2880 iens
210 2836 314 2900 prope
330 2816 434 2898 ipsam
450 2816 563 2882 silvam
579 2837 689 2882 versus
714 2816 882 2882 meridiem
897 2837 956 2900 per
970 2821 1073 2882 metas
1089 2817 1242 2900 antiquas

105 2922 150 2988 ad
165 2927 299 3008 partem
327 2923 560 2990 occidentalem
576 2946 675 3009 supra
699 2925 873 2991 sessionem
899 2921 1058 3008 Stephani
1084 2923 1242 2990 antedicti

102 3033 213 3098 intrat
229 3031 495 3116 alinquantnlum
511 3032 554 3098 ad
570 3032 687 3100 silvam
703 3037 736 3098 et
752 3031 843 3098 vadit
859 3053 918 3116 per
933 3029 1092 3098 fossatum
1108 3031 1241 3098 adduas

102 3145 214 3205 metas
232 3145 357 3206 terreas
374 3162 445 3206 cum
461 3140 576 3207 arbore
601 3139 742 3224 heroine,
767 3145 841 3225 post
867 3139 928 3206 hec
951 3140 986 3205 in
1010 3163 1111 3224 parvo
1127 3161 1241 3224 campo

102 3248 259 3332 pervenit
284 3247 401 3314 iterato
427 3247 471 3314 ad
495 3247 577 3314 duas
601 3253 704 3313 metas
720 3253 853 3331 terreas,
878 3246 995 3314 deinde
1026 3249 1176 3316 metatim
1191 3269 1242 3312 ve·

102 3355 230 3422 niendo
256 3356 291 3422 in
318 3356 460 3440 quadam
485 3357 537 3422 via
562 3357 709 3442 pervenit
734 3355 776 3422 ad
801 3355 882 3422 duas
906 3361 1010 3422 metas
1035 3362 1160 3438 terreas
1185 3356 1242 3422 ubi

101 3465 256 3530 declinat
273 3486 307 3530 se
324 3465 538 3549 pervertendo
556 3465 595 3532 de
621 3471 715 3550 parte
741 3465 935 3532 occidentali
960 3488 980 3531 a
1004 3471 1131 3550 partem
1148 3466 1243 3530 meri·
1351 3550 1353 3555 .

101 3573 277 3638 dionalem
293 3594 405 3639 versus
422 3579 547 3640 montes
563 3571 777 3657 graditurque
807 3595 866 3658 per
889 3573 1079 3640 methodum
1095 3575 1243 3658 pervenit

100 3681 145 3746 ad
174 3679 263 3746 duas
288 3687 391 3746 metas
417 3682 570 3764 antiquas
595 3682 688 3746 iuxta
713 3701 795 3764 quas
821 3681 884 3748 due
909 3687 995 3748 mete
1012 3682 1052 3747 de
1068 3703 1150 3748 novo
1168 3689 1244 3748 sunt

99 3795 226 3871 erecte,
253 3787 372 3854 abhinc
388 3789 554 3856 descendit
571 3789 613 3855 ad
629 3789 786 3873 angulum
802 3789 1011 3856 Funesberuk
1034 3813 1094 3874 per
1112 3797 1242 3874 pratum

100 3899 159 3964 ubi
178 3905 234 3965 est
250 3920 316 3962 una
325 3903 412 3962 meta
423 3903 531 3964 terrea
541 3904 574 3964 et
590 3899 637 3964 sic-
651 3898 696 3964 ibi
714 3899 801 3964 cadit
811 3898 852 3963 ed
862 3897 1127 3983 Wassyaupat'ak
1138 3905 1243 3966 traua·

99 4007 283 4089 condoque
320 4007 425 4090 ipsum
461 4005 738 4092 Wossyampctok
765 4006 807 4071 ad
840 4007 1085 4073 meridionalem
1115 4015 1242 4090 partem

97 4121 210 4184 intrat
227 4115 269 4180 ad
288 4115 401 4180 silvam
419 4114 475 4180 ubi
493 4121 569 4180 sunt
585 4121 671 4180 mete
688 4120 793 4180 terrae
809 4113 1001 4181 circumfusa
1018 4115 1104 4182 circa
1119 4137 1242 4200 prunas

98 4226 162 4292 sub
181 4224 304 4292 arbore
335 4223 408 4307 piri,
432 4229 507 4308 post
533 4221 594 4290 hec
618 4224 765 4289 ascendit
789 4224 832 4289 ad
856 4230 1000 4290 montem
1025 4225 1106 4290 etin
1122 4226 1242 4290 vertice

97 4334 229 4401 montis
247 4337 296 4396 est
311 4330 408 4396 arbor
424 4331 523 4398 silicis
549 4353 644 4398 cruce
661 4333 790 4416 signata
805 4354 864 4418 pro
890 4339 987 4417 meta,
1013 4334 1128 4400 deinde
1153 4334 1243 4400 vadit

96 4445 140 4510 ad
158 4463 267 4508 unam
283 4445 406 4506 metam
422 4445 563 4506 terream
579 4441 635 4506 ubi
651 4441 812 4508 vicinatur
823 4464 894 4507 cum
905 4449 994 4507 terra
1010 4440 1242 4525 Noghrymoch

94 4553 143 4618 ibi
171 4551 282 4616 eciam
308 4546 419 4613 deficit
444 4549 592 4616 vicinitas
618 4555 704 4616 terre
732 4548 890 4635 Stephani
918 4549 1121 4630 antedicti,a
1147 4556 1241 4634 parte

94 4657 316 4726 meridionali
333 4662 366 4721 et
381 4658 573 4723 occidentali
584 4680 623 4723 ae
634 4661 890 4742 septemtrionali
900 4667 950 4726 est
959 4667 1049 4725 terra
1058 4657 1242 4748 Woyssyan
