3112 5466
642 950 715 1011 212.

116 1133 208 1195 1325.
243 1129 291 1192 :iz
305 1128 374 1212 apri
389 1127 549 1212 lzdptulaa
566 1129 637 1192 eldtt
662 1153 700 1193 uz
717 1126 789 1192 Aba
813 1129 1039 1213 uentaefse'pdb'l
1055 1131 1129 1194 ‘volo'
1150 1130 1245 1194 Koue-

113 1238 207 1324 poldst
233 1238 327 1302 Pete-r
345 1233 409 1308 fiai
434 1235 527 1299 (11611
553 1237 698 1302 ele'scrolt
714 1239 863 1321 'tripolion
880 1237 1080 1302 birlolccilcct
1105 1241 1137 1302 ds
1166 1241 1245 1304 6661-

388 1343 502 1426 pdilcat
519 1350 647 1429 eppmds
663 1345 768 1409 lcbzdtt
775 1345 965 1430 feloszlju'lc.

218 1519 408 1604 Capitulum
436 1522 567 1588 ecclesie
594 1519 764 1606 Agriensis
781 1572 812 1588 ..
843 1522 884 1587 ad
912 1525 1133 1589 universorum
1158 1525 1242 1589 noti-

115 1629 192 1693 ciam
210 1679 242 1694 ..
269 1629 415 1694 volumus
445 1631 622 1714 pervenire,
654 1630 741 1714 quod
772 1628 952 1714 Gregorius
993 1629 1177 1715 Stephanus
1210 1638 1243 1696 61

116 1737 320 1821 Kompoldus
350 1737 408 1804 filii
442 1738 606 1821 magnifici
637 1741 697 1804 viri
728 1741 876 1822 magistri
907 1739 1000 1805 Petri
1031 1739 1090 1806 filii
1117 1741 1242 1806 comitis

116 1845 291 1930 Kompoldi
309 1847 348 1912 (16
364 1869 480 1930 genere
496 1845 573 1912 Aba
589 1849 631 1913 ad
648 1853 789 1913 nostram
814 1849 1029 1932 personaliter
1055 1849 1245 1914 accedentes
1327 1893 1328 1896 κ

115 1957 311 2038 presenciam
344 1963 583 2040 proposuerunt
613 1959 684 2021 visa
714 1979 799 2038 voce,
832 1957 920 2039 quod
950 1961 1100 2040 presente
1131 1961 1243 2022 nostro

116 2064 296 2129 testimonio
322 2063 472 2129 videlicet
497 2063 653 2145 magistro
674 2061 699 2127 J
701 2063 828 2129 ohanne
854 2065 987 2130 custode
1012 2071 1123 2131 nostro
1139 2087 1198 2149 per
1214 2117 1244 2131 ..

116 2170 340 2236 Chanadiuum
358 2221 388 2237 ..
421 2173 607 2256 episcopum
632 2169 827 2254 Agriensem
844 2223 851 2236 .
868 2223 875 2237 .
892 2179 925 2238 et
950 2193 1008 2256 per
1033 2195 1091 2239 nos
1116 2173 1158 2238 ad
1182 2174 1244 2238 hoc

116 2278 273 2345 destinato
301 2285 332 2343 et
359 2279 562 2363 presentibus
579 2280 732 2364 proximis
756 2280 870 2344 vicinis
896 2283 928 2344 et
953 2282 1181 2346 commetaueis
1207 2303 1245 2345 ac

115 2388 272 2452 nobilibus
299 2388 621 2471 comprovincialibus
638 2388 822 2452 eorumdem
841 2388 964 2452 scilicet
988 2389 1144 2470 magistro
1161 2388 1244 2454 0116-

114 2493 161 2577 ley
177 2493 245 2560 filio
262 2493 393 2561 Nicolai
409 2495 448 2559 (16
466 2495 577 2560 eodem
594 2516 711 2576 genere
727 2492 812 2579 Aba,
830 2497 945 2561 comite
970 2493 1071 2561 Petro
1097 2495 1137 2559 dc
1162 2494 1244 2562 Che-

114 2602 239 2686 161611,
264 2603 381 2669 comite
406 2603 511 2668 Paulo
538 2604 577 2669 (16
602 2604 739 2687 Tarcho,
766 2604 883 2669 comite
908 2603 1059 2670 Gebarth
1084 2603 1123 2668 dc
1150 2602 1241 2686 Saar,

113 2713 267 2794 magistro
283 2711 399 2776 Bodon
416 2712 455 2776 (16
472 2711 592 2796 ana,
617 2713 772 2795 magistro
799 2709 941 2778 Oliverio
966 2712 1005 2776 de
1031 2711 1182 2778 Vezeken
1208 2718 1241 2778 et

113 2821 226 2886 comite
243 2819 341 2886 Gallo
358 2820 398 2884 de
414 2820 507 2885 Tenli
523 2871 530 2886 .
546 2870 553 2885 .
570 2821 674 2904 primo
691 2821 833 2904 equaoiis
848 2822 994 2904 ipsorum
1010 2822 1043 2885 in
1053 2826 1120 2886 tres
1130 2823 1240 2904 partes

113 2928 270 3010 equaliter
286 2929 492 2994 divisisintcr
509 2929 636 2995 eosdem
656 2930 727 3012 pari
747 2929 913 2994 voluntate
931 2933 963 2993 et
980 2930 1141 2994 communi
1168 2951 1242 2994 con-

112 3057 204 3102 sensu
221 3039 255 3102 iu
272 3038 420 3104 omnibus
438 3058 548 3103 eorum
563 3037 816 3120 possessionibus
833 3037 1038 3102 hereditariis
1064 3043 1097 3102 et
1122 3037 1240 3120 aquisi-

111 3143 193 3209 ticiis
210 3146 348 3211 emticiis
365 3196 372 3210 .
389 3197 396 3210 .
414 3146 491 3211 item
516 3146 550 3209 in
574 3145 674 3210 servis
691 3151 724 3210 61
740 3145 865 3210 ancillis
881 3145 1023 3228 ipsorum
1039 3145 1139 3210 talem
1155 3146 1243 3210 inter

111 3274 142 3315 se
158 3251 309 3318 fecissent
326 3253 522 3335 divisionem,
542 3251 627 3336 quod
643 3254 675 3317 iu
693 3253 797 3336 prima
808 3252 961 3317 divisione
977 3274 1036 3336 per
1051 3253 1243 3335 magistrum

111 3356 306 3442 Gregorium
324 3367 357 3425 et
372 3359 584 3444 Stephanum,
599 3359 789 3444 Kompoldo
806 3359 936 3442 quidem
957 3361 1095 3443 excluse,
1112 3382 1241 3442 presen-

110 3468 196 3534 tibus
213 3468 333 3534 eisdem
353 3469 538 3534 testimonio
555 3474 667 3533 nostro
685 3474 718 3533 et
734 3467 898 3532 nobilibus
915 3467 1070 3550 predictis
1095 3465 1185 3534 facta
1209 3469 1244 3534 in

110 3575 214 3642 tribus
231 3577 485 3661 possessionibus
501 3577 645 3660 ipsorum
664 3575 789 3641 scilicet
805 3575 985 3640 Domozlou
1001 3557 1116 3640 ereu
1132 3583 1165 3640 et
1180 3575 1243 3642 Za·

109 3685 197 3765 rank,
219 3706 293 3750 oum
309 3684 485 3750 medietate
501 3683 712 3768 possessionis
728 3682 831 3748 Wrus
855 3683 1007 3748 videlicet
1023 3684 1176 3766 porcione
1193 3706 1243 3751 eo·

108 3792 254 3858 rumdem
279 3791 422 3858 filiorum
445 3793 593 3876 magistri
607 3791 700 3856 Petri
724 3793 758 3856 in
784 3790 895 3856 eadem
911 3791 1025 3857 habita
1049 3792 1244 3875 quequidem

107 3899 242 3966 Zarank
259 3907 292 3967 61
306 3901 464 3968 medietas
480 3903 688 3986 possessionis
707 3899 803 3968 Wres
820 3909 1057 3986 computamus
1073 3905 1195 3969 vocatis
1210 3905 1244 3970 in

108 4011 265 4075 comitatu
274 4006 497 4095 Heueswyuar
510 4009 732 4092 existentibus,
742 4007 951 4093 Kompoldus
961 4012 1091 4077 racione
1110 4012 1242 4078 iuniori·

108 4119 183 4184 tatis
200 4139 260 4184 sue
270 4119 445 4184 secundum
463 4120 556 4202 regni
573 4117 834 4183 consuetudinem
850 4119 953 4202 primo
971 4119 1111 4201 eligendi
1120 4120 1243 4187 habens

107 4223 309 4308 facultatem,
334 4232 464 4292 matura
489 4232 521 4291 et
546 4223 718 4291 sufficienti
744 4245 816 4290 oum
833 4227 898 4290 suis
923 4225 1137 4292 familiaribus
1165 4228 1244 4294 deli·

107 4331 280 4400 beracione
296 4334 467 4417 prehabita
481 4334 714 4418 possessionem
731 4332 859 4398 Kwrew
886 4349 959 4400 oum
984 4335 1184 4401 utilitatibus
1210 4343 1243 4402 et

107 4441 320 4523 pertinenciis
339 4441 403 4506 suis
429 4442 585 4507 universis
601 4490 608 4505 .
625 4491 631 4506 .
648 4461 707 4524 pro
724 4461 757 4506 se
775 4441 923 4526 eligendo
939 4443 973 4508 in
989 4464 1081 4508 suam
1105 4444 1243 4528 recepis-

108 4555 153 4614 set
170 4549 408 4633 porcionem..
426 4549 542 4614 deinde
561 4550 794 4634 possessionem
819 4548 951 4615 Zaranl(
968 4571 1041 4615 oum
1066 4550 1242 4616 medietate

106 4656 321 4748 possessionis
336 4657 434 4724 Wres
449 4658 599 4724 videlicet
614 4659 767 4744 porcione
782 4659 926 4745 ipsorum
941 4657 1083 4728 filiorum
1093 4661 1213 4746 magist
1233 4661 1239 4674 '
