3132 5470
718 465 904 515 ausoouoar
920 454 1137 516 ouutuurla.

897 853 969 913 338.

372 1015 462 1077 1328.
481 1015 542 1078 Pal
567 1015 752 1100 orszrlpbiro'
767 1014 838 1078 eled
854 1039 875 1080 α
894 1015 1155 1100 Repeti-Reducis
1171 1015 1393 1100 nemzetse'pbdl
1412 1015 1469 1078 cell

365 1123 508 1187 Ruecczi
525 1124 644 1187 Reddas
661 1147 700 1187 aa
715 1146 905 1208 oppon-ozon
925 1110 1147 1208 reemzetse‘pbdl
1171 1123 1247 1188 eald
1263 1124 1372 1208 Izsepi
1387 1123 1469 1185 ,usee-

365 1231 431 1310 cnl,
447 1231 576 1295 Brileo'cz
594 1232 791 1318 Kortve‘lyeS,
809 1229 925 1312 Aerios,
945 1234 1059 1296 Merra
1076 1235 1108 1295 r's
1136 1229 1227 1317 Spole
1243 1243 1325 1297 nevit
1342 1230 1469 1314 Zcmple'u

365 1341 550 1424 octrmepyee'
566 1339 712 1404 birtokole
730 1341 819 1404 ierint
835 1341 1016 1424 appeare‘pre
1031 1341 1093 1424 lep.
1117 1335 1166 1404 Aa
1183 1339 1332 1404 olelevelet
1357 1361 1377 1400 a
1401 1363 1470 1400 nece-

366 1457 424 1510 eett
441 1447 562 1512 Boldzs
578 1472 635 1533 epp
647 1449 765 1532 perbea
781 1457 919 1512 neutotto
926 1447 983 1535 fo'l
1000 1448 1190 1532 reppererat
1215 1447 1281 1511 Pal
1306 1447 1472 1530 orszctptiro'

366 1555 449 1634 alost,
466 1556 502 1618 ki
516 1565 568 1619 oet
586 1556 745 1620 ttdlete'beo
761 1580 781 1618 u
798 1557 960 1620 secatae
975 1556 1109 1619 kiconot
1124 1557 1244 1620 crerint
1245 1555 1392 1641 foplcltc
1401 1553 1470 1616 bele:

473 1715 648 1781 ..litteras
677 1720 806 1782 nostras
826 1717 1045 1800 privilegiales
1070 1737 1157 1782 anno
1173 1715 1297 1781 domini
1322 1714 1374 1778 M⁰
1388 1709 1472 1778 COOl

365 1821 457 1888 ΧΧ0
472 1829 585 1890 octavo
602 1823 765 1890 confectas
789 1823 881 1890 nobis
898 1823 1130 1889 demonstravit
1154 1845 1213 1889 sua
1237 1845 1298 1888 nos
1322 1823 1400 1888 serie
1415 1821 1473 1886 edo·

365 1937 475 1998 centes
491 1933 578 2016 quod
610 1955 683 1998 eum
698 1934 731 1998 in
748 1933 917 2017 presencia
931 1931 1051 1997 nobilis
1066 1933 1128 1997 viri
1145 1933 1272 1998 comitis
1296 1929 1422 1996 Nicolai
1441 1928 1472 1993 de

364 2040 472 2105 Peren
502 2043 688 2108 viceiudieis
719 2042 866 2127 Philippi
899 2041 1035 2108 condam
1060 2042 1199 2127 palatini
1216 2092 1223 2106 .
1240 2093 1247 2106 .
1264 2042 1306 2106 lis
1321 2041 1403 2106 inter
1416 2041 1476 2106 Ma-

364 2148 475 2213 theum
505 2149 609 2216 filium
624 2149 650 2217 J
652 2152 788 2218 ohannis
802 2152 843 2216 de
858 2151 937 2236 Isyp
954 2156 1098 2217 actorem
1115 2151 1157 2217 ab
1172 2172 1239 2216 una
1255 2155 1351 2234 parte
1368 2155 1400 2214 et
1412 2149 1476 2214 Bla-

364 2257 447 2322 sium
472 2256 575 2323 filium
600 2258 770 2324 Michaelis
796 2259 836 2323 de
867 2258 1021 2326 Rakolch
1047 2281 1087 2324 ex
1112 2259 1218 2324 altera
1244 2309 1250 2323 .
1276 2309 1284 2322 .
1313 2257 1476 2323 diutissima

363 2367 522 2431 ventilata
552 2367 586 2430 in
618 2367 824 2433 iudiciariam
849 2369 1051 2452 presenciam
1082 2365 1247 2451 magnifici
1278 2367 1340 2432 riri
1367 2365 1474 2432 comitis

367 2470 552 2542 Alexandri
568 2477 645 2543 olim
661 2475 777 2542 iudicis
794 2477 882 2541 curie
898 2477 987 2559 regie
1004 2527 1011 2540 .
1029 2527 1036 2540 .
1053 2475 1244 2556 devenisset,
1261 2475 1391 2540 tetidem
1405 2473 1474 2538 idem

366 2581 523 2650 Matheus
540 2635 547 2650 .
563 2635 570 2649 .
587 2586 621 2649 in
647 2585 818 2668 quindenis
843 2583 1021 2650 resideneie
1047 2584 1207 2648 exercitus
1231 2583 1352 2666 regalis
1382 2601 1473 2647 coram

362 2693 474 2758 eodem
491 2695 608 2759 consite
624 2690 813 2759 Alexandro
831 2692 1048 2776 comparendo
1074 2697 1190 2757 contra
1214 2691 1394 2776 predictum
1409 2688 1473 2754 Bla-

362 2802 443 2865 sium
460 2851 467 2865 .
483 2851 490 2866 .
506 2803 726 2886 proposuisset
740 2807 778 2866 ut
793 2802 861 2886 ipse
878 2805 911 2865 et
920 2800 1085 2884 predictus
1095 2800 1227 2866 Blasius
1240 2798 1328 2864 filius
1344 2799 1471 2863 llichee-

363 2909 403 2972 lis
419 2907 459 2973 de
475 2911 577 2993 stirpe
593 2914 626 2973 et
641 2911 853 2992 generatione
869 2907 1275 2993 Bogathrodowanortum
1292 2912 1326 2972 et
1339 2927 1471 2991 procrea·

362 3017 485 3082 cionem
501 3018 692 3084 habuissent
709 3024 743 3083 et
759 3040 798 3082 ex
815 3039 852 3083 eo
869 3019 1084 3102 possessiones
1101 3017 1199 3082 Pauli
1215 3015 1276 3080 filii
1294 3013 1418 3100 Gyopol
1438 3011 1470 3075 de

360 3127 508 3208 proxima
522 3127 609 3191 linea
625 3125 849 3208 generationis
865 3126 1008 3208 ipsorum
1034 3125 1203 3190 existentis
1219 3173 1225 3187 .
1244 3173 1251 3188 .
1267 3122 1418 3189 heredum
1432 3142 1472 3185 so-

360 3233 444 3298 lacio
461 3234 607 3299 destituti
624 3241 657 3299 et
672 3255 750 3300 nece
769 3235 914 3318 corrupti
940 3233 1100 3316 Rakolch‚
1124 3232 1344 3315 Kurthuclus,
1367 3229 1473 3295 Arari·

359 3338 477 3407 Morva
494 3347 526 3406 et
543 3340 633 3426 Synk
650 3347 762 3408 vocate
778 3343 812 3406 in
828 3343 984 3408 comitatu
1010 3341 1220 3406 Zemliniensi
1237 3341 1409 3406 existentes
1422 3335 1470 3401 sibi

360 3455 392 3512 et
408 3449 554 3532 predicto
570 3449 684 3515 Blasio
702 3451 914 3516 eonrmuniter
929 3447 1139 3534 pertinerent,
1150 3447 1190 3512 de
1207 3446 1326 3530 quibus
1342 3443 1471 3530 ipsenul-

360 3557 426 3622 lam
442 3557 627 3640 porcionem
654 3559 711 3622 sed
726 3558 892 3642 predictus
909 3558 1041 3622 Blasius
1057 3558 1187 3640 penitus
1204 3561 1237 3621 et
1252 3557 1287 3620 in
1303 3560 1371 3620 toto
1386 3555 1415 3618 in
1429 3551 1467 3616 sui

359 3668 462 3732 iuris.
479 3717 486 3732 .
503 3667 698 3750 derogamen
713 3667 902 3751 possideret,
920 3672 952 3732 et
969 3689 1043 3732 cum
1059 3665 1245 3732 huiusmodi
1260 3660 1471 3750 proposicioni·

359 3774 420 3840 bus
435 3776 597 3859 perceptis
614 3775 783 3841 ,Iohannes
800 3774 886 3842 filius
911 3775 1103 3860 Morkolphi
1129 3777 1162 3840 in
1189 3796 1330 3859 persona
1346 3770 1469 3837 eiusdem

360 3883 486 3949 Blasii.
504 3935 511 3948 .
528 3882 731 3968 exsrugendo
748 3885 882 3950 eandem
892 3885 1127 3969 possessionem
1137 3883 1289 3949 Bakoleh
1304 3883 1397 3948 titulo
1406 3879 1470 3946 iuris

359 3993 548 4057 hereditarii
565 3999 819 4075 prememoratas
834 4014 910 4057 vero
926 3992 1008 4057 alias
1023 3993 1243 4076 possessiones
1258 3989 1469 4070 Kurthnelpus

362 4099 472 4166 Araeh
497 4099 617 4163 Morua
644 4105 676 4163 et
701 4097 790 4183 Synk
808 4103 1010 4182 nuncupatas
1027 4099 1340 4165 evidentissimorum
1363 4099 1465 4162 instru-

360 4213 541 4274 mentorum
572 4207 689 4274 robore
714 4207 859 4290 predicto
885 4206 997 4272 Blasio
1024 4208 1189 4290 pertinere
1214 4212 1248 4270 et
1272 4207 1469 4292 prescriptam

359 4320 591 4404 possessionem
603 4306 759 4383 ¹Ralroleh
785 4316 818 4380 in
835 4316 925 4380 nullo
942 4316 1109 4400 sepedicto
1140 4314 1247 4380 Paulo
1272 4315 1340 4381 filio
1356 4307 1469 4398 Gyopol

359 4429 498 4494 attinere
524 4433 556 4491 et
588 4425 758 4491 attinuisse
784 4425 957 4506 allegasset
981 4423 1135 4506 idemque
1160 4443 1268 4489 comes
1299 4417 1470 4488 Alexander

360 4543 527 4617 tamquam
553 4534 681 4598 debitus
698 4534 886 4598 observator
913 4532 1039 4597 iusticie
1064 4531 1107 4596 ad
1133 4533 1381 4598 testimonialem
1395 4547 1469 4592 cem-

360 4643 585 4730 probaciouem
601 4643 696 4708 huius
712 4647 749 4706 ut
765 4643 836 4727 ipsa
851 4641 1011 4727 possessio
1028 4639 1179 4706 Rakoleh
1195 4641 1296 4725 ipsius
1311 4638 1402 4704 Pauli
1416 4633 1467 4698 filii
