3172 5462
328 452 389 522 116
674 467 862 521 insonnem
878 457 1096 521 oxnlnvrln.

322 643 478 720 perpetuo
494 638 686 720 postulavit;
711 659 769 703 nos
792 639 903 720 itaque
920 687 927 701 .
944 687 950 701 .
967 637 1181 720 peticionibus
1198 638 1341 704 eiusdem
1365 637 1458 705 Wel·

322 747 414 828 uingi
445 745 618 828 diligenter
634 745 756 810 auditis
771 752 1023 828 revocantesque
1040 747 1073 810 in
1098 749 1287 812 memoriam
1312 746 1457 812 fidelium

324 854 530 918 serviciorum
545 853 699 936 preclaris
715 855 855 918 meritis
872 904 879 918 .
897 875 960 937 que
975 853 1079 918 idern.
1096 903 1104 918 .
1121 853 1270 920 exhibuit
1286 863 1319 920 et
1335 857 1457 939 impen-

324 959 381 1043 dit,
407 959 447 1024 de
471 961 588 1044 quibus
612 959 674 1026 hec
698 961 900 1045 potissimum
925 962 1115 1046 recolentes,
1141 963 1228 1044 quod
1254 970 1399 1028 castrum
1427 971 1458 1028 et

323 1068 487 1134 civitatem
503 1075 648 1134 nostram
663 1069 893 1136 Posoniensem
920 1091 982 1152 que
997 1091 1056 1152 per
1074 1069 1171 1135 duces
1186 1067 1325 1136 Austris
1343 1079 1376 1136 et
1393 1069 1459 1136 Sti-

322 1177 369 1242 rie
386 1177 613 1260 potencialiter
629 1177 838 1244 detinebatur
854 1199 911 1242 suc
937 1175 1025 1243 fideli
1050 1179 1229 1242 ministerio
1256 1185 1289 1243 et
1306 1178 1458 1262 diligenti

322 1285 556 1367 procuracione
572 1286 832 1369 recuperavimus
848 1281 996 1368 sio'quod
1012 1285 1098 1348 idem
1123 1283 1311 1368 Wluengus
1326 1288 1459 1351 restitu-

324 1393 424 1458 cionis
440 1399 474 1458 et
490 1395 748 1476 recuperacionis
765 1395 864 1459 castri
880 1399 913 1457 et
929 1393 1070 1458 civitatis
1086 1391 1293 1457 Posoniensis
1308 1394 1458 1475 predicte

324 1507 357 1565 et
372 1502 494 1566 motiva
510 1521 549 1566 ac
565 1499 707 1566 efficiens
723 1501 865 1584 quodam
879 1500 975 1567 modo
1002 1519 1098 1565 causa
1122 1498 1193 1584 fuit,
1218 1505 1371 1583 preterea
1387 1523 1459 1566 cum

325 1610 412 1676 idem
428 1609 604 1694 Wluingus
620 1618 762 1676 castrum
778 1619 926 1676 nostrum
941 1609 1154 1676 Korlathkeu
1174 1615 1325 1676 vocatum
1342 1617 1460 1676 contra

324 1718 505 1801 predictum
520 1717 690 1784 Matbeum
707 1719 871 1784 infidelem
880 1727 1028 1784 nostrum
1043 1719 1204 1783 detineret
1219 1724 1253 1783 et
1270 1716 1460 1802 Stephanus

326 1825 490 1892 Bohemus
507 1827 717 1894 consobrinus
733 1829 876 1894 eiusdem
892 1827 1030 1912 Mathey
1047 1850 1119 1892 oum
1130 1827 1341 1893 multitudine
1352 1829 1460 1910 gentis

328 1957 383 2000 sue
400 1940 514 2000 contra
538 1936 643 2018 ipsum
662 1943 804 2002 castrum
831 1943 977 2002 nostrum
1002 1937 1142 2002 venisset
1166 1935 1253 2000 idem
1279 1935 1460 2018 Wluingus

327 2041 447 2107 eisdem
462 2042 610 2108 hostibus
626 2045 745 2110 nostris
760 2050 910 2129 potenter
926 2065 1097 2108 occurrens
1113 2044 1268 2109 adversus
1286 2065 1341 2110 eos
1357 2043 1459 2108 virili·

327 2157 378 2213 ter
387 2149 551 2216 dimicavit
560 2157 593 2216 et
604 2154 749 2235 quamvis
759 2151 1026 2236 inipsooonlliotu
1035 2151 1284 2218 letaliterfuorit
1292 2153 1460 2218 sauciatus

328 2263 361 2321 et
384 2258 538 2324 tredecim
570 2261 744 2326 servientes
769 2262 818 2326 sui
843 2261 964 2326 luerint
989 2263 1154 2326 interemti
1180 2268 1291 2326 tamen
1317 2262 1357 2326 de
1382 2262 1461 2344 ipsis

326 2366 473 2432 hostibus
491 2367 660 2433 victoriam
679 2368 875 2434 laudabilem
901 2371 1088 2454 reportavit,
1114 2376 1258 2435 cetorum
1283 2369 1371 2434 idern
1387 2368 1463 2433 Wl-

326 2495 449 2558 uengus
473 2474 540 2540 sere
563 2476 707 2560 pociores
724 2483 756 2541 et
771 2477 946 2542 nobiliores
971 2477 1146 2542 Alamanie
1170 2479 1290 2542 milites
1316 2477 1360 2541 ad
1384 2473 1463 2541 fidei

327 2589 435 2648 nostre
461 2583 584 2648 cultum
609 2584 747 2649 adduxit
771 2591 804 2649 et
829 2587 947 2650 nostris
973 2587 1114 2650 serviciis
1139 2585 1326 2668 applicavit,
1352 2585 1462 2648 volen-

327 2698 377 2758 tes
393 2693 495 2774 igitur
511 2699 561 2758 tot
577 2699 610 2757 et
625 2695 726 2758 tantis
742 2694 882 2758 serviciis
898 2695 963 2758 suis
979 2693 1172 2776 specialibus
1183 2694 1272 2777 regio
1289 2713 1462 2758 occurrere

327 2820 400 2864 oum
424 2797 542 2882 favore,
566 2801 746 2884 predictum
771 2809 914 2867 castrum
938 2801 1051 2884 Echog
1071 2807 1104 2866 et
1127 2801 1291 2884 predictas
1307 2800 1462 2884 possessi·

327 2927 413 2990 ones,
429 2907 553 2972 scilicet
573 2915 714 2992 quatuor
729 2911 943 2994 possessiones
959 2910 1052 2974 iuxta
1071 2915 1216 2974 castrum
1231 2907 1265 2973 id
1282 2909 1463 2972 existentes

327 3014 361 3077 in
372 3015 528 3079 comitatu
543 3014 792 3100 Neugradicnsi,
808 3018 887 3082 item
897 3019 1112 3100 possessiones
1123 3015 1342 3100 Scenthegud,
1352 3015 1463 3097 Daan,

326 3120 458 3207 Parlag,
474 3123 596 3208 nyalu
613 3146 684 3190 cnm
701 3124 824 3190 tributo
841 3125 928 3208 quod
947 3126 1067 3191 ibidem
1093 3125 1237 3209 exigitur
1253 3131 1286 3188 et
1302 3122 1393 3187 Huri
1410 3145 1463 3188 vo-

328 3235 418 3294 catas
434 3231 468 3294 in
485 3233 641 3298 comitatu
656 3231 816 3297 Pestiensi
843 3235 1028 3316 existentes,
1054 3234 1132 3297 item
1157 3233 1377 3316 possessiones
1394 3230 1465 3295 Ke-

326 3339 501 3404 rekwdvvar
518 3346 550 3404 et
565 3337 675 3424 Alcby
692 3347 822 3406 vocatas
837 3343 871 3405 in
888 3343 1046 3406 comitatu
1064 3341 1103 3406 do
1129 3339 1247 3405 Zonnlr
1273 3341 1465 3420 existentes,

325 3449 403 3512 item
419 3449 651 3532 possessionem
676 3448 781 3532 Wysk
806 3457 953 3515 vocatam
979 3472 1051 3514 curn
1076 3449 1199 3514 tributo
1226 3449 1314 3532 quod
1339 3448 1465 3513 ibidem

327 3557 468 3640 exigitur
485 3564 518 3622 et
534 3579 606 3622 cum
622 3559 874 3642 possessionibus
890 3560 932 3624 ad
950 3559 1084 3624 eandem
1101 3558 1324 3642 spectantibus
1336 3558 1465 3622 scilicet

326 3663 491 3748 Perezlen,
507 3664 678 3748 Starchan,
694 3665 864 3731 Preuchen
881 3673 914 3731 et
930 3666 1101 3732 Scemered
1111 3666 1233 3732 vocatis
1250 3666 1284 3728 in
1300 3665 1464 3729 comitutu

326 3770 493 3838 Huntensi
509 3773 729 3854 existentibus
745 3775 824 3838 itenr
849 3777 1083 3858 possessionem
1109 3771 1284 3838 Crrnchaza
1309 3778 1464 3837 vocatam

325 3882 360 3946 in
376 3881 531 3948 comitatu
547 3880 786 3965 Neugradiensi
804 3883 995 3946 existentem
1019 3882 1158 3947 hominis
1184 3881 1253 3944 sine
1270 3879 1391 3944 herede
1410 3879 1466 3944 de-

326 3988 470 4055 cedentis
487 3996 519 4055 et
545 4012 646 4055 exeo
673 3992 743 4055 iure
767 3991 809 4056 ad
833 3997 979 4056 nostram
1006 3991 1213 4055 collacionem
1239 3989 1466 4072 pertinentem

329 4119 401 4163 cum
417 4099 541 4164 tributo
558 4098 645 4182 quod
661 4099 781 4164 ibidem
797 4121 894 4183 super
910 4104 1008 4182 ponte
1035 4097 1184 4180 exigitur,
1211 4117 1283 4161 cunr
1309 4095 1465 4160 omnibus

326 4207 510 4273 earumdem
536 4207 733 4273 utilitatibus
759 4213 792 4272 et
816 4208 1024 4291 pertinenciis
1048 4205 1205 4269 universis
1231 4203 1289 4268 sub
1315 4205 1467 4288 antiquis

326 4317 420 4379 metis
438 4323 470 4380 et
485 4316 630 4381 terminis
648 4315 764 4398 quibus
780 4337 838 4398 per
853 4314 1015 4400 prefatum
1042 4313 1066 4378 J
1068 4309 1226 4377 ohannem
1252 4311 1365 4376 habite
1384 4314 1468 4376 exti-

327 4430 438 4490 terunt
454 4430 487 4489 et
501 4446 655 4508 possesse,
672 4446 711 4488 ex
727 4429 816 4489 certa
842 4431 955 4489 nostra
979 4423 1118 4488 sciencia
1143 4419 1312 4484 dedimus.
1330 4469 1337 4484 .
1354 4419 1466 4485 eidem

325 4533 502 4616 Weluingo
519 4533 559 4597 de
575 4532 816 4616 Horsundorpb
832 4540 865 4597 et
880 4555 937 4616 por
961 4553 1035 4596 eum
1060 4531 1126 4594 suis
1151 4527 1324 4593 heredibus
1389 4531 1466 4594 iure

325 4645 504 4726 perpetuo.
523 4691 530 4705 .
546 4640 671 4706 Datum
687 4663 744 4725 per
770 4663 884 4706 rnanus
911 4641 1042 4705 discreti
1072 4637 1131 4702 viri
1158 4637 1307 4722 magistri
1323 4634 1469 4704 Andree
