3172 5462
360 476 424 540 110
710 487 901 544 sorensem
916 475 1134 540 osulurrln.

888 874 960 938 100.

358 1039 454 1103 1323.
480 1035 528 1103 As
553 1037 624 1124 apri
647 1034 808 1124 kdptclao
824 1035 896 1102 eleut
915 1035 1035 1101 Olcodt‘
1053 1033 1127 1117 Pa'l,
1143 1035 1249 1102 Detlca
1265 1044 1348 1102 oecit
1363 1033 1488 1100 Borsod

355 1145 690 1234 odrmepyeidirtokdt
701 1144 967 1233 semeptMittcs
987 1145 1149 1212 comesnek
1168 1145 1247 1211 drdk
1256 1151 1340 1212 dron
1351 1143 1486 1231 bandja

586 1277 603 1320 s
618 1255 765 1322 hotdrait
780 1277 803 1320 a
816 1253 1035 1340 kdptalooool
1050 1254 1256 1342 mcpjdratja.

466 1411 626 1483 Ommlrns
641 1414 755 1484 christi
770 1413 921 1482 fidelibus
936 1463 944 1482 .
961 1463 969 1482 .
984 1415 1165 1501 capitulum
1190 1413 1326 1482 ecclesie
1351 1409 1488 1499 Agrian-

359 1523 403 1592 sis
419 1573 452 1592 ..
479 1523 523 1592 ad
546 1525 770 1592 universorum
797 1523 954 1591 noticiam
977 1527 1090 1590 tenore
1114 1521 1318 1610 presencium
1342 1521 1487 1590 volumus

357 1633 534 1720 pervenire,
549 1633 638 1719 quod
653 1631 760 1700 Paulo
776 1630 843 1700 filio
859 1629 885 1698 J
886 1631 980 1700 scobi
996 1631 1036 1698 de
1052 1629 1161 1699 Olnod
1186 1652 1226 1698 ex
1250 1652 1317 1699 una
1331 1635 1436 1718 parte,
1451 1651 1488 1695 cx

359 1743 465 1809 altera
479 1763 554 1810 vero
570 1741 687 1810 comite
711 1739 851 1808 Nicolao
868 1740 955 1807 dicto
971 1739 1012 1806 de
1029 1737 1153 1826 Somug
1176 1761 1286 1806 eoram
1310 1740 1404 1807 nobis
1419 1759 1487 1826 pcr-

358 1849 515 1916 sonaliter
532 1849 716 1917 constitutis
739 1847 825 1915 idem
847 1847 974 1915 Paulus
1000 1849 1172 1934 proposuit
1196 1848 1270 1914 viva
1292 1867 1380 1934 soce,
1403 1845 1488 1932 quod

359 1957 523 2044 quandam
537 1959 770 2044 possessionem
784 2007 793 2024 .
808 2007 817 2024 .
831 1955 945 2024 Deths
957 1958 1149 2023 vocatcmin
1158 1957 1316 2024 comitatu
1335 1954 1488 2023 Borsudi-

360 2067 429 2132 ensi
445 2066 644 2151 existentem,
668 2064 757 2134 facts
773 2065 927 2132 divisione
952 2085 1026 2132 cum
1050 2063 1209 2132 Ladizlac
1234 2071 1269 2133 et
1292 2065 1391 2133 Reda
1413 2063 1488 2132 filiis

359 2171 452 2240 Petri
467 2172 578 2240 fratris
593 2174 644 2241 sui
659 2173 703 2241 ad
712 2195 746 2240 se
759 2171 967 2260 (devolutam,
984 2195 1058 2240 cum
1074 2171 1238 2260 omnibus)
1255 2173 1488 2242 utilitatibus..

359 2281 580 2350 vendidisset.
596 2331 604 2350 .
620 2283 731 2350 comiti
746 2281 887 2350 Nicolao
902 2304 962 2368 pro
988 2285 1119 2349 centum
1143 2282 1261 2349 marcis
1285 2284 1383 2369 plene
1405 2303 1489 2349 rece·

359 2390 425 2475 ptis
441 2389 483 2457 ab
508 2390 621 2458 eodem
636 2439 665 2458 ..
680 2390 752 2456 iure
775 2393 933 2476 perpetuo
949 2387 1200 2476 possidendam.
1216 2415 1239 2474 .;
1255 2392 1389 2476 insuper
1412 2388 1489 2457 obli·

359 2499 450 2583 gavit
463 2519 498 2565 se
513 2497 599 2564 idem
614 2496 739 2565 Paulus
756 2496 891 2585 (ipsum)
907 2498 1058 2565 comitem
1074 2496 1250 2565 Nicolaum
1275 2499 1318 2566 ab
1344 2497 1488 2565 omnibus

357 2607 489 2672 racione
504 2605 646 2674 eiusdem
663 2604 885 2694 (possessionis
900 2607 1057 2692 impetere
1071 2605 1252 2674 nitentibus
1271 2604 1446 2673 defendere
1459 2652 1488 2672 ..

359 2719 393 2781 et
407 2713 546 2800 predicti
563 2713 740 2782 Ladislaus
765 2720 799 2781 et
822 2714 920 2783 Rada
942 2713 1004 2782 filii
1027 2713 1130 2799 Petri,
1153 2715 1231 2782 item
1255 2714 1383 2783 Paulus
1406 2713 1489 2780 filius

359 2817 496 2908 Georgii
506 2820 667 2890 etPetrus
676 2820 763 2890 filius
773 2821 937 2890 'dheodori
947 2819 1035 2910 cum)
1045 2819 1185 2888 Nicolao
1200 2821 1268 2889 filio
1278 2821 1380 2888 Isaak
1389 2819 1488 2888 fratrc

358 2934 393 2997 et
407 2933 517 2998 tutore
532 2931 684 3017 ipsorum,
698 2929 824 2999 nobiles
840 2929 881 2998 de
895 2929 1043 3014 Pethuri,
1058 2928 1249 2997 Lukachius
1264 2927 1352 2996 filius
1368 2929 1489 2996 Thone

358 3035 419 3106 filii
435 3037 548 3128 (Pauli
564 3039 604 3106 de
628 3038 704 3107 Nelr
718 3039 815 3107 ricini
831 3043 865 3108 et
880 3040 1092 3106 commetanei
1107 3035 1267 3126 eiusdem)
1280 3038 1489 3125 possessionis

358 3145 471 3215 Detha
486 3170 594 3216 coram
609 3147 703 3216 nobis
727 3150 942 3236 personaliter
966 3149 1135 3216 constituti
1159 3148 1236 3216 huic
1260 3147 1444 3216 vendicioni
1459 3151 1489 3212 et

360 3256 517 3342 empcioni
534 3279 725 3325 consensum
740 3257 950 3343 prebuerunt,
974 3279 1100 3325 necnon
1125 3258 1282 3343 magister
1306 3257 1489 3340 (Dionisius

359 3359 444 3430 filius
460 3361 564 3431 Blasii
580 3364 621 3431 de
635 3363 826 3451 Bolch)pro
843 3386 876 3432 se
892 3373 926 3432 et
940 3387 1000 3451 pro
1016 3365 1189 3433 Dominieo
1204 3365 1272 3433 filio
1288 3387 1347 3432 suo
1364 3386 1489 3451 compa·
1577 3371 1578 3374 ’

359 3471 460 3541 rende
484 3495 582 3560 super
605 3477 857 3562 perpetuacione
888 3475 990 3562 ipsius
1014 3477 1224 3562 possessionis
1249 3475 1363 3544 Detha
1387 3475 1489 3542 eidem

358 3582 469 3649 comiti
494 3579 633 3651 Nicolac
664 3589 833 3670 tamquam
858 3585 1004 3671 proximo
1030 3583 1103 3672 (suo
1127 3585 1277 3652 similiter
1302 3567 1490 3653 consensum
1576 3607 1577 3614 ¹

357 3689 502 3777 prebuit)
528 3697 562 3768 et
584 3713 768 3778 assensum3
799 3698 884 3760 mete
912 3699 1022 3761 autem
1046 3693 1165 3778 quibus
1190 3691 1304 3760 eadem
1334 3693 1490 3779 possessio

357 3799 471 3867 Detha
486 3799 707 3869 circumdatur
722 3853 730 3870 .
746 3853 754 3869 .
769 3802 832 3869 hoc
847 3801 961 3869 ordine
985 3801 1255 3889 (exprimuntur):
1281 3801 1372 3888 quod
1386 3803 1490 3888 prims

357 3914 445 3976 mets
459 3909 575 3996 incipit
590 3931 611 3977 a
625 3915 720 3996 parte
738 3911 919 3997 aquilonali
941 3933 1040 3998 super
1064 3933 1130 3978 una
1154 3915 1242 3980 meta
1265 3912 1375 3997 posita
1399 3911 1490 3976 iuxta

357 4013 492 4084 fluvium
511 4015 668 4105 Heuycw,
693 4019 734 4085 de
759 4041 824 4104 quo
850 4018 1016 4104 egreditur
1040 4019 1083 4086 ad
1109 4020 1268 4087 orientem
1292 4023 1325 4085 et
1353 4015 1490 4102 (eundo)

358 4123 479 4192 directe
495 4125 538 4193 ad
553 4126 656 4212 ipsam
670 4128 804 4213 plagam
818 4127 926 4214 iungit
942 4132 1085 4213 quatuor
1098 4131 1203 4194 metas
1218 4149 1317 4213 super
1331 4149 1399 4194 una
1415 4148 1491 4212 qua·

357 4256 430 4302 rum
455 4235 543 4304 cadit
558 4237 592 4303 in
608 4237 774 4323 fossatum,
790 4239 871 4305 etin
887 4237 1000 4305 eodem
1025 4235 1204 4306 reflectitur
1219 4237 1263 4305 ad
1277 4237 1413 4324 plagam
1428 4258 1491 4304 me-

357 4341 550 4410 ridionalem
565 4349 599 4412 et
614 4344 719 4412 cundo
743 4345 865 4412 directe
883 4345 918 4411 in
942 4345 1012 4430 ipsc
1037 4343 1160 4414 fossato
1185 4345 1275 4413 cadit
1298 4347 1333 4411 in
1357 4343 1491 4414 fluvium

359 4445 498 4538 Scynun,
507 4453 542 4518 in
551 4456 662 4519 meatu
672 4453 764 4520 cuius
773 4452 879 4520 eundo
894 4453 1001 4538 iungit
1015 4457 1119 4521 metas
1129 4459 1216 4520 terra
1231 4452 1257 4520 J
1258 4451 1397 4521 ohannis
1413 4452 1492 4519 dicti

358 4556 482 4644 Raima,
506 4580 603 4647 super
633 4560 753 4647 quibus
788 4561 875 4630 cadit
905 4563 939 4628 in
969 4561 1104 4630 fluvium
1133 4561 1281 4648 Heuyow
1312 4567 1347 4627 et
1378 4567 1492 4630 contra
1572 4637 1573 4650 χ

358 4673 502 4736 meatum
518 4667 660 4736 eiusdem
685 4669 791 4738 eundo
817 4669 860 4737 ad
883 4671 1071 4758 aquilonem
1094 4671 1185 4740 renit
1207 4669 1252 4739 ad
1274 4673 1409 4760 portum
1435 4668 1492 4740 Ss-
1572 4671 1573 4700 ⁴
