3112 5466
694 451 879 496 uuoounonr
897 435 1111 496 ouulurnln.

805 871 809 884 ·
866 834 937 894 189.

336 997 429 1059 1325.
447 1019 518 1080 unq.
535 995 564 1058 8.
591 994 738 1058 Bcncdek
756 1005 867 1057 orrestcr·
894 993 1074 1078 szolfsobiro'
1088 994 1161 1057 eloti
1187 995 1292 1058 Pindi
1317 993 1387 1057 Illc's
1398 995 1440 1076 fio

440 1103 505 1165 Poll
521 1106 553 1165 (ἴε
568 1103 756 1188 ffiucrrunlroi,
773 1103 981 1185 erokmqukn
1000 1111 1031 1165 ὀἳ
1049 1105 1151 1167 ro'szre
1168 1103 1352 1190 foloszljcil.

439 1260 510 1326 Nos
526 1262 681 1344 magister
697 1261 897 1326 Benedictus
913 1281 1018 1326 comos
1034 1261 1191 1328 nobilium
1204 1261 1442 1328 notumfeoimns

333 1371 489 1434 universis
506 1369 624 1451 quibus
641 1369 771 1453 expedit
787 1370 990 1454 presencium
1006 1391 1065 1454 per
1075 1377 1220 1436 tenorem
1236 1370 1323 1453 quod
1337 1369 1441 1434 Paulus

331 1477 521 1544 filiusHelie
534 1477 776 1564 ue(Piud)eu1n
787 1480 895 1563 pueris
906 1480 973 1544 suis
982 1478 1194 1546 hereditatem
1206 1501 1318 1546 eorum
1327 1481 1358 1544 in
1367 1481 1441 1562 quin-

332 1609 394 1670 que
411 1593 521 1670 partes
538 1587 672 1652 divisam
689 1593 766 1652 sunt
783 1587 930 1670 confessi,
948 1609 1085 1670 quarum
1101 1588 1183 1654 duas
1199 1610 1259 1672 pro
1277 1595 1441 1653 scetuxore

332 1696 465 1760 terciam
483 1693 548 1760 filie
564 1695 727 1760 Muhtelte
744 1701 894 1778 quartum
911 1693 1010 1780 Oleyt
1037 1697 1183 1778 quintam
1203 1695 1272 1761 filio
1297 1719 1352 1761 suo
1365 1695 1440 1760 Han·

332 1803 427 1869 choni
453 1804 583 1868 dimisse
608 1809 772 1868 testantur
798 1805 857 1868 teli
875 1805 1062 1870 condicione
1088 1805 1174 1888 qnod
1200 1806 1228 1870 si
1254 1807 1327 1888 quis
1351 1827 1384 1869 ex
1405 1805 1440 1868 eis

332 1912 506 1995 infringere
538 1913 635 1976 vellet
667 1911 749 1977 dues
780 1935 904 1978 marces
939 1913 1099 1996 deponere
1131 1919 1307 1978 teneretur.
1338 1912 1440 1976 Delum

332 2023 480 2106 proxime
504 2023 619 2104 quintu
643 2021 725 2088 ferio
740 2028 815 2088 ante
840 2021 1012 2107 Laurenci,
1039 2046 1123 2088 enno
1149 2023 1270 2088 domiui
1295 2023 1346 2088 Μ0
1361 2019 1441 2087 COOl

333 2130 486 2210 vigesimo
505 2131 628 2210 quinto.

441 2292 590 2358 Hellapjr'm
600 2291 693 2356 pocset
703 2291 887 2342 toredelreivel
899 2309 905 2356 ;
920 2293 1050 2358 ererletije
1060 2309 1077 2342 a
1087 2293 1347 2344 m.tu‹1.Almdemis
1357 2293 1440 2354 kfinyr·

333 2383 458 2434 tetn'slnan.
471 2383 569 2434 Kt'rzli:
589 2382 697 2432 Kovtos
710 2382 830 2432 Ntndor.
1229 2377 1231 2382 ’

864 2747 937 2809 190.

337 2907 431 2971 1325.
448 2908 558 2987 Beda,
575 2931 648 2992 orry.
669 2910 716 2972 16.
734 2907 856 2971 Bolu'zs
864 2907 1131 2992 frlloudszmceter
1148 2910 1181 2971 c's
1197 2908 1287 2972 Hout
1298 2911 1444 2990 orirmeyyr

329 3017 507 3104 fr'le'sprinja
524 3039 561 3079 uz
576 3016 680 3080 cletta
696 3016 764 3078 cillo
779 3015 910 3078 bircilrot
921 3018 1069 3099 clasitju,
1081 3018 1162 3101 leoqy
1174 3015 1283 3100 Gyrdo
1290 3011 1445 3100 fioisollill

690 3126 804 3188 lnirom
820 3124 893 3207 c'viy
911 3147 947 3187 no
965 3123 1119 3206 itc'ly'orrck.

445 3300 577 3366 Blasius
592 3301 747 3385 magister
763 3281 941 3384 egasonum
959 3299 1079 3366 domini
1095 3301 1181 3384 regis
1200 3307 1233 3364 et
1250 3322 1354 3366 oomes
1367 3297 1448 3363 Hun-

337 3407 460 3473 thensis
476 3408 603 3474 dilectis
620 3409 680 3473 sibi
697 3409 854 3492 magistro
873 3405 1028 3472 Ohuluulr
1053 3407 1220 3472 vioeiudioi
1245 3429 1303 3472 suo
1328 3413 1360 3472 et
1381 3424 1449 3488 que-

336 3521 411 3580 tuor
427 3517 587 3582 iudicibus
614 3516 771 3582 nobilium
795 3515 834 3580 de
852 3516 964 3580 eodem
989 3516 1194 3581 comitatu..
1220 3537 1293 3582 cum
1318 3515 1450 3581 deminus

336 3629 448 3688 noster
463 3646 520 3688 rex
537 3625 703 3690 universes
720 3645 833 3689 causes
850 3621 990 3688 filiorum
1007 3620 1116 3706 Gyule
1132 3627 1200 3688 tem
1216 3645 1274 3706 per
1290 3623 1372 3707 ipsos
1387 3641 1452 3686 con·
1552 3633 1553 3640 ’

336 3736 388 3795 tra
420 3731 582 3814 quoslibet
614 3755 710 3818 quam
741 3755 800 3818 per
831 3733 912 3798 elios
945 3737 1060 3797 contre
1090 3733 1178 3816 ipsos
1212 3753 1269 3816 per
1305 3729 1452 3815 quoslibet

336 3845 441 3904 ructes
459 3841 510 3904 vel
525 3841 700 3906 movendos
718 3863 790 3906 cum
807 3842 873 3905 suis
889 3841 1008 3906 litteris
1025 3845 1058 3903 et
1076 3841 1180 3906 eciam
1205 3841 1392 3906 verbotenus
1406 3857 1453 3900 us-

337 3970 399 4032 que
416 3953 483 4012 tres
499 3969 600 4012 annos
616 3949 746 4013 iusserit
761 3949 939 4033 prorogari,
954 3947 1106 4013 fidelitati
1122 3955 1230 4014 vestre
1246 3947 1338 4012 firmo
1352 3945 1452 4012 domus
1551 4017 1552 4022 ἵ

336 4056 369 4119 iu
403 4060 565 4138 precepto,
592 4061 751 4138 quatenus
776 4057 862 4138 ipsos
885 4054 969 4122 filios
994 4054 1103 4138 Gyule
1129 4055 1254 4121 scilicet
1278 4055 1452 4138 magistrum

337 4163 536 4248 Gregorium
552 4169 585 4229 et
600 4165 718 4230 fratres
735 4185 810 4230 suos
825 4165 859 4229 in
876 4165 975 4230 nullis
992 4175 1164 4229 causarum
1189 4164 1335 4230 articulis
1359 4165 1452 4226 vestro

338 4276 440 4340 astari
464 4276 556 4339 iuxta
590 4275 826 4340 continenciam
850 4273 1037 4340 earumdem
1061 4275 1246 4340 litterarum
1271 4272 1384 4358 prefati
1404 4267 1454 4331 do·

337 4384 417 4448 mini
432 4386 536 4448 nostri
551 4385 637 4466 rogis
655 4384 848 4468 compellere
864 4383 993 4450 faciatis
1008 4382 1168 4450 tribunali
1185 4433 1191 4448 .
1207 4433 1214 4448 .
1231 4382 1353 4448 Datum
1362 4375 1453 4454 Buce,

337 4491 480 4556 secundo
512 4489 565 4556 (lie
590 4489 816 4557 Assumcionis
848 4491 945 4556 beate
978 4491 1120 4575 virginis,
1146 4513 1231 4556 anno
1268 4487 1380 4555 domini
1404 4481 1453 4546 Μο

325 4597 439 4663 (1000
456 4598 547 4663 XX⁰
566 4601 687 4684 quinto.
