3172 5462
538 487 539 492 ’
556 467 650 536 1324.
666 492 761 537 rnna.
781 471 831 538 17.
1202 475 1264 540 113

235 649 337 700 Tamts
352 651 456 715 erdelyi
469 651 618 716 vajddnak,
642 653 727 704 mivol
740 653 904 718 Thenguerd
919 654 1076 704 birodalme
1091 657 1168 720 ripso
1182 658 1264 708 Nico-

125 741 171 788 lao
183 738 245 790 fillo
259 741 370 791 Nicolai
383 743 487 804 absque
500 742 632 793 heredum
647 744 749 794 solacio
770 744 896 794 debitum
917 745 1047 795 vniverse
1069 747 1159 796 cernis
1172 751 1260 798 exsol-

126 833 209 880 vente
223 844 258 879 ex
272 831 424 881 collacione
436 831 629 882 munificencie
648 833 764 897 regalis<
789 836 805 883 6
827 833 875 883 rea
896 833 1016 898 szdllott,
1038 850 1070 884 ez
1093 836 1262 901 edomenyos

126 917 233 969 rdszere
249 921 395 984 1336·ban,
409 921 580 986 Visegrddon
596 923 641 972 »in
662 923 801 973 dominica
822 923 1025 974 Reminisceret
1040 925 1177 976 kidllltott
1189 942 1264 992 meg·

125 1010 229 1060 erositd
242 1011 400 1076 atimtabdl,
415 1012 542 1076 melynek
555 1013 619 1062 zdld
639 1016 742 1077 selyem
752 1014 880 1066 zsindron
894 1013 979 1078 litggd
992 1016 1125 1078 pecsettel
1148 1017 1263 1067 clldtott

125 1101 258 1166 credetije
283 1117 402 1168 megvan
424 1119 456 1152 az
470 1118 539 1154 orez.
552 1104 607 1155 lter
629 1105 728 1156 kinost.
752 1110 818 1156 oszt.
840 1107 896 1156 Jes.
920 1107 997 1157 Jaur.
1014 1112 1055 1158 30.
1071 1111 1095 1160 d.
1109 1109 1175 1174 dipl.
1190 1109 1261 1158 uer:

127 1195 207 1241 2983.
226 1193 327 1244 Kczli:
349 1195 429 1259 Nagy
443 1195 543 1258 Gyula.

661 1594 735 1656 103.

128 1755 226 1819 1324.
243 1752 588 1841 Budafelbc'cr'a,fcbr.
607 1755 658 1818 17.
685 1755 838 1840 Laurpcrd
858 1757 1044 1842 orczdpdiro'
1068 1755 1261 1838 Mtkldsfior

125 1863 216 1926 Peroe
242 1861 373 1926 Saokoli
396 1861 493 1926 Roda
514 1862 676 1944 ellene‘ben,
701 1864 815 1928 Ratun
844 1864 1013 1930 tiriolo-ra
1029 1867 1160 1937 nearest,
1178 1867 1260 1950 melp

125 1971 209 2033 Bc'lo
226 1970 340 2054 tii-otp
354 1970 614 2056 adomdoyoza'sa
631 1971 715 2034 altat
731 1979 761 2035 b't
777 1972 883 2054 illem,
909 1973 1085 2059 olcmdopoi
1110 1973 1259 2037 aldoardo-

560 2081 674 2142 tcicdru
691 2078 827 2143 kdtelczi.

234 2253 305 2322 Nos
332 2258 487 2342 magister·
511 2257 709 2343 Lampertus
734 2256 831 2324 iudex
857 2257 944 2323 curie
969 2257 1091 2324 domini
1116 2260 1201 2342 regis
1226 2267 1260 2325 et

125 2385 234 2432 comes
250 2363 495 2450 Ohanadiensis,
515 2365 629 2432 damus
654 2387 714 2451 pro
739 2367 902 2449 memoria,
928 2367 1015 2449 quod
1040 2366 1146 2432 Peteu
1169 2366 1258 2432 filius

123 2473 259 2538 Nicolai
289 2474 382 2538 iuxta
413 2473 649 2539 continenciam
673 2474 844 2539 literarum
870 2474 1093 2539 citatoriarum
1120 2475 1258 2558 capituli

121 2579 304 2646 Nitriensis
329 2581 363 2645 in
388 2582 509 2647 octaris
534 2579 783 2648 Purificacionis
814 2581 947 2664 virginis
978 2581 1117 2663 gloriose
1144 2589 1259 2648 contra

121 2688 253 2754 Bodam
270 2689 310 2754 de
321 2688 446 2774 Zalraly
462 2690 606 2773 legitime
622 2691 759 2755 citatum
774 2689 988 2774 personaliter
1004 2693 1168 2755 astantem
1183 2713 1257 2774 pro·

121 2798 235 2880 posuit
266 2797 301 2861 in
325 2796 412 2862 hunc
436 2796 576 2874 modum,
603 2797 690 2880 quod
714 2797 800 2862 idem
824 2797 919 2864 Boda
945 2797 1109 2880 quandam
1133 2819 1257 2882 posses-

120 2906 246 2970 sionem
262 2925 355 2970 suam
370 2903 483 2971 Ratun
498 2912 647 2972 vocatam
666 2905 709 2971 ad
734 2906 878 2989 quinque
904 2911 1016 2970 aratra
1040 2903 1258 2976 sufficientem

120 3013 221 3079 titulo
248 3013 435 3078 collacionis
462 3013 658 3079 serenissimi
683 3014 839 3098 principis
864 3013 985 3078 domini
1013 3012 1094 3078 Bele
1119 3013 1257 3080 condam

121 3120 229 3185 incliti
255 3122 341 3204 regis
365 3121 538 3206 Hungarie
555 3122 642 3186 clare
667 3123 820 3189 memorie
845 3121 906 3187 sibi
931 3121 1147 3206 pertinentem
1174 3122 1255 3187 deti-

119 3233 214 3294 neret
228 3229 263 3291 in
280 3230 330 3295 sui
346 3230 559 3314 preiudicium
576 3236 608 3295 et
624 3230 802 3314 iacturam;
819 3237 933 3295 contra
949 3249 1045 3312 quem
1058 3237 1254 3295 memoratus

120 3335 220 3402 Beda
235 3337 405 3421 respondit
421 3359 439 3402 e
458 3359 622 3421 conuerso,
639 3337 726 3422 quod
741 3339 808 3422 ipse
824 3339 927 3422 ipsam
943 3338 1175 3422 possessionem
1192 3338 1257 3404 Ra·

119 3452 179 3510 tun
195 3465 262 3508 non
279 3444 440 3512 detineret
456 3467 516 3510 nec
531 3445 619 3530 apud
636 3466 670 3511 se
689 3445 833 3529 haberet,
860 3446 917 3511 sed
941 3447 1010 3530 ipse
1035 3447 1140 3511 Peteu
1166 3445 1253 3512 filius

117 3552 253 3620 Nicolai
279 3553 319 3618 de
335 3555 537 3637 possessione
562 3575 620 3620 sua
645 3553 814 3619 Kelechen
839 3559 954 3619 vocata
979 3575 1139 3639 occupare
1163 3560 1196 3620 et
1212 3555 1255 3620 ab

117 3663 189 3746 ipso
206 3662 335 3727 auferre
351 3663 512 3728 niteretur
538 3661 629 3726 etin
654 3662 744 3727 nullo
769 3661 900 3726 racione
925 3662 1104 3745 prescripta
1139 3683 1248 3745 posses

118 3771 222 3836 sionis
238 3771 352 3836 Ratun
368 3791 426 3854 per
441 3771 547 3853 ipsum
563 3768 669 3834 Peteu
685 3767 881 3852 prohiberet,
898 3789 1008 3833 rerum
1034 3769 1112 3852 quia
1136 3789 1255 3834 memo·

118 3887 215 3944 ratus
241 3878 347 3944 Peteu
371 3879 475 3962 ipsam
506 3877 741 3961 possessionem
766 3898 858 3942 suam
881 3875 995 3942 Ratun
1021 3882 1172 3943 uocatam
1196 3897 1255 3962 per

116 3988 226 4070 ipsum
257 3985 385 4052 Bodam
412 3987 550 4052 detineri
581 3985 785 4070 proponebat
818 3983 999 4068 prelibatus
1026 3991 1135 4050 autem
1161 3983 1256 4050 Boda

115 4117 182 4160 non
208 4095 314 4179 ipsam
339 4095 573 4178 possessionem
597 4093 712 4160 Ratun
737 4093 795 4158 sed
819 4091 989 4158 Kelechen
1015 4093 1180 4178 possidere
1206 4115 1254 4158 re·

115 4201 299 4288 spondebat
329 4223 389 4267 nec
419 4202 506 4268 idem
535 4199 641 4266 Peteu
665 4200 795 4284 prefata
818 4201 1035 4266 instrumenta
1058 4199 1140 4266 Bele
1166 4201 1252 4284 regis

113 4311 219 4394 ipsius
235 4310 323 4392 regie
340 4309 526 4376 collacionis
541 4309 674 4374 modum
696 4309 901 4375 continencia
916 4308 959 4374 ad
975 4328 1106 4392 presens
1122 4307 1253 4383 valebat

113 4417 279 4502 exhibere,
293 4439 355 4503 pro
372 4439 408 4483 ec
425 4417 649 4483 adiudicantes
666 4416 866 4482 decrevimus
883 4417 970 4501 quod
991 4413 1137 4500 prefatus
1147 4413 1252 4480 Peteu

111 4527 262 4611 predicta
278 4527 495 4592 instrumenta
511 4525 592 4590 Bele
617 4525 703 4608 regis
728 4525 762 4590 in
788 4525 910 4592 octavis
934 4523 1033 4588 medii
1059 4519 1252 4605 Quadrage-

111 4638 192 4701 sime
208 4657 296 4700 nunc
312 4635 455 4701 venturis
472 4655 582 4700 coram
598 4633 690 4699 nobis
707 4633 859 4698 exhibere
880 4636 1039 4712 teneatur,
1066 4635 1103 4695 ut
1128 4629 1249 4696 discus·

159 4771 317 4810 mrousom
334 4758 496 4806 cunturrla
513 4771 541 4808 n.
559 4760 621 4810 adr.
1123 4743 1143 4802 8
