3172 5462
356 427 397 490 96
705 444 894 493 antonnonr
913 433 1130 494 cantuaria.

350 604 492 690 fluvium,
518 606 607 672 vadit
622 627 680 691 per
695 608 811 673 vallem
838 611 871 673 et
887 609 1033 674 ascendit
1049 614 1191 676 montem
1207 631 1311 696 usque
1328 609 1372 676 ad
1392 609 1493 676 silvas

352 714 504 781 densosas
529 737 591 800 que
616 715 768 782 dicuntur
791 715 1068 783 Fekethewerdeu
1087 725 1120 784 et
1148 719 1238 784 vadit
1269 739 1328 804 per
1344 717 1489 784 eandem

351 825 464 889 silvam
473 843 591 908 magno
601 824 711 908 spacio
728 846 838 890 versus
853 830 964 909 partes
981 825 1158 892 occidentis
1175 832 1210 892 et
1225 826 1302 892 inde
1319 824 1493 892 descendit

349 939 382 998 et
405 933 493 997 venit
511 931 554 998 ad
569 955 718 1016 magnam
737 935 823 998 viam
839 955 941 1018 usque
958 935 1001 1000 ad
1016 940 1120 1001 metas
1136 943 1224 1002 terre
1241 935 1377 1001 ecclesie
1395 935 1492 1000 beate

348 1043 482 1125 virginis
509 1041 549 1105 de
575 1041 694 1125 Turch‚
718 1041 794 1107 inde
820 1043 929 1108 tendit
952 1063 1011 1128 per
1036 1043 1172 1109 eandem
1197 1045 1281 1109 viam
1298 1049 1332 1109 et
1346 1045 1448 1108 venit
1462 1045 1492 1107 in

336 1151 486 1236 »primam
511 1155 634 1215 metam
658 1150 699 1216 ad
723 1151 904 1235 predictum
921 1149 1055 1217 fiuvium
1070 1151 1211 1218 Zemerd
1237 1157 1270 1218 ct
1285 1151 1414 1217 ibidem
1432 1157 1493 1216 ter-

348 1258 499 1323 minatur.
509 1257 636 1323 Datum
645 1258 679 1323 in
696 1257 818 1323 octavis
834 1257 1054 1344 Pentecostes,
1071 1281 1157 1326 anno
1174 1261 1295 1326 domini
1305 1259 1490 1326 Millesimo

349 1368 573 1434 trecentesimo
583 1367 733 1432 vicesimo
749 1367 859 1433 tercio,
875 1365 945 1433 Nos
961 1369 1072 1452 itaque
1090 1391 1129 1434 ex
1145 1369 1307 1436 relacione
1324 1369 1410 1434 dicti
1422 1391 1492 1434 con-

349 1479 462 1541 ventus
472 1481 739 1559 recognoscentes
755 1477 860 1559 ipsam
874 1477 1110 1560 possessionem
1126 1478 1197 1543 sine
1213 1477 1399 1562 preiudicio
1412 1478 1492 1542 iuris

350 1585 449 1649 alieni
466 1584 507 1648 ad
523 1585 628 1669 ipsum
644 1585 835 1668 magistrum
851 1583 969 1649 Donch
985 1585 1150 1650 devenisse
1168 1592 1202 1650 et
1215 1607 1274 1670 per
1289 1587 1402 1670 ipsum
1419 1605 1490 1669 pre-

349 1691 444 1758 dictis
468 1691 591 1758 Joanni
616 1697 649 1758 et
673 1690 808 1757 Andree
833 1690 902 1757 fore
919 1693 1082 1778 collatam,
1108 1692 1321 1759 donacionem
1338 1693 1488 1758 eiusdem

349 1801 496 1884 magistri
512 1800 630 1868 Donch
640 1822 737 1886 super
746 1800 894 1885 predicta
903 1802 1105 1886 possessione
1116 1801 1252 1868 Tribule
1268 1801 1393 1868 eisdem
1412 1801 1488 1867 filiis

349 1908 475 1976 Bensee
500 1908 621 1976 saetam
645 1907 870 1975 ratificamus.
888 1910 1055 1976 ‚volentes
1080 1915 1118 1976 ut
1142 1909 1240 1975 iidem
1270 1909 1426 1976 Joannes
1459 1917 1489 1976 et

348 2015 501 2084 Andreas
517 2016 577 2083 filii
592 2017 717 2083 Beuseo
733 2039 772 2082 ac
788 2039 899 2083 eorum
914 2016 1050 2083 heredes
1067 2067 1073 2082 .
1091 2068 1097 2082 .
1113 2017 1294 2102 predictam
1310 2019 1490 2102 possessio

350 2149 423 2192 nem
448 2127 583 2193 Tribola
609 2146 680 2190 cum
697 2125 844 2191 omnibus
860 2125 1059 2192 utilitatibus
1076 2177 1083 2190 .
1100 2177 1106 2192 .
1123 2148 1187 2191 non
1205 2127 1309 2192 solum
1327 2148 1365 2190 ex
1384 2125 1488 2192 dona-

351 2235 441 2300 cione
458 2234 536 2299 dicti
552 2235 700 2318 magistri
723 2233 843 2299 Donch
867 2233 1044 2300 sedeciam
1061 2256 1100 2298 ex
1116 2239 1226 2299 nostre
1244 2234 1485 2300 donacionis..

349 2343 446 2418 titulo
472 2349 505 2408 et
529 2344 599 2408 iure
617 2393 647 2408 ..
679 2347 812 2407 teneant
837 2347 870 2407 et
894 2342 1038 2408 habeant
1063 2393 1069 2406 .
1097 2393 1104 2408 .
1129 2341 1254 2408 Datum
1279 2363 1339 2426 per
1368 2364 1489 2406 suanus

350 2449 482 2517 discreti
499 2451 559 2516 viri
574 2450 723 2534 magistri
746 2448 880 2515 Andree
896 2449 1028 2516 lectoris
1047 2449 1183 2516 ecclesie
1200 2446 1489 2533 Quinqueecclesi-

350 2561 433 2626 ensis
458 2559 531 2626 aule
555 2565 665 2625 nostre
689 2559 947 2624 vicecancellarii
963 2557 1076 2624 dilecti
1092 2563 1125 2623 et
1140 2545 1376 2639 fidelisnostri,
1395 2581 1484 2623 anno

351 2667 473 2734 domini
497 2667 675 2734 Millesimo
694 2667 919 2733 tercentesimo
944 2667 1093 2732 vicesimo
1117 2667 1228 2750 tercio,
1245 2672 1362 2750 quarto
1379 2687 1486 2731 nonas

352 2777 556 2862 Novembris,
581 2781 673 2863 regni
688 2785 797 2844 autem
812 2779 919 2844 nostri
935 2800 1018 2844 anno
1035 2777 1186 2844 similiter
1201 2778 1353 2843 vicesimo
1370 2779 1485 2843 tercio.

352 2884 603 2955 Venerabilibus
619 2937 625 2951 .
643 2936 651 2952 .
667 2884 762 2972 stb.*)

458 2996 556 3061 Fbggd
579 2995 672 3060 pecstt
684 2997 859 3062 nyomaiva13
873 2994 1005 3060 eredetije
1018 3011 1051 3047 aa
1065 3011 1133 3048 orsa.
1147 2997 1211 3047 ltdr.
1225 2996 1324 3047 kinost.
1337 2999 1405 3047 oszt
1417 2997 1487 3060 dipl.

353 3084 428 3135 itstr:
443 3087 522 3136 aloc.
535 3085 616 3136 Kozli
628 3102 634 3136 ε
646 3085 750 3136 Vincas
764 3086 863 3137 (labor.

840 3231 999 3241 ——----

891 3363 942 3424 90.

355 3485 449 3552 1323.
475 3484 640 3552 november
667 3487 716 3550 13.
744 3484 857 3551 Istocin
874 3486 994 3571 haayai
1005 3485 1162 3571 ple'bdaos
1187 3487 1221 3550 c's
1237 3484 1412 3572 ocsapre'mi
1427 3485 1488 3548 Isu-

354 3597 460 3660 6666616
485 3596 674 3682 diacopitjo,
690 3597 772 3682 bopp
789 3596 906 3660 Kddczi
922 3595 1118 3677 Ldriaczflo
1134 3595 1408 3677 Mdr·toa,fldaole
1422 3595 1489 3658 Ja'·

354 3705 479 3769 aosaalc
495 3707 639 3790 bzoeppc't
655 3706 687 3768 es
702 3705 783 3788 oejdt
802 3703 949 3767 Meoosdi
964 3677 1122 3788 adpostont
1138 3703 1489 3788 bitbdrdednyaepyed·

450 3815 482 3876 e's
499 3815 673 3897 bozomciap
690 3811 796 3874 indoti
810 3810 1039 3875 cooetele'satre
1056 3813 1148 3875 ae‘zve
1166 3810 1384 3896 kieldpiteoa‘t.

457 3933 529 4002 Nos
539 3934 724 4020 Stephanus
740 3933 898 4018 plebanus
914 3933 1048 4000 ecclesie
1065 3932 1278 3999 beateMarie
1293 3931 1423 4018 virginis
1442 3932 1491 3997 de

352 4043 467 4128 Banya
492 4051 525 4109 et
549 4043 722 4109 canonicus
747 4042 879 4111 ecclesie
904 4041 1166 4127 Wesprimionsis
1191 4061 1250 4126 per
1265 4039 1490 4108 venerabilem

460 4258 486 4328 *)
496 4261 527 4312 L.
537 4261 652 4312 sontebb
664 4265 706 4312 82.
718 4275 753 4312 sn.
764 4263 842 4324 alstt,
853 4262 925 4312 ezrel
937 4276 954 4310 a
965 4261 1141 4312 saltondssnl:
1151 4260 1285 4311 Demeter
1298 4259 1395 4310 tdmck
1407 4259 1490 4309 tren·

353 4351 426 4404 caeni
435 4352 543 4417 fbispdn
555 4352 641 4403 calme
651 4353 759 4416 helyett
770 4353 820 4403 »de
828 4353 980 4418 Budrugh«
995 4353 1052 4418 ctl;
1066 4352 1187 4403 tovdbbt
1199 4349 1406 4402 lelsoroltstnak
1419 4351 1491 4415 mdg

351 4443 454 4494 Miklos
475 4443 626 4508 tbtorszagi
639 4442 702 4505 ban,
713 4443 829 4506 flopron,
842 4444 870 4494 66
883 4443 1034 4494 Komarom
1047 4442 1168 4506 megydk
1179 4441 1325 4506 fdispdnjs,
1348 4455 1359 4489 s
1379 4435 1489 4488 Mikros

353 4531 488 4598 pozsonyi
498 4532 616 4597 ibinpan,
627 4535 739 4598 Gyorgy
749 4532 821 4583 mint
833 4531 946 4584 saeremi
956 4532 1065 4598 piispdk
1075 4530 1235 4598 emllttetik,
1245 4531 1296 4581 Pal
1306 4528 1404 4580 maesti
1413 4529 1490 4581 ben·

353 4625 400 4674 nal
412 4639 429 4674 a
441 4623 559 4690 bodrogi
572 4623 693 4688 fdispdni
707 4625 775 4674 calm
789 4623 931 4676 elmaradt.
