3112 5466
543 437 636 497 1325.
654 453 740 496 sna.
759 436 809 496 sc.
1188 437 1251 498 215
1339 403 1346 414 ’

116 613 320 696 principatus
337 611 465 677 deserta
480 613 633 695 populari
662 614 797 696 collegio
823 612 1057 678 studiosissime
1073 611 1254 696 adornare3

118 742 178 784 nos
203 721 306 803 igitur
332 739 437 784 comes
454 715 645 786 Alexander
660 721 758 786 iudex
774 722 862 786 curie
879 721 1000 786 domini
1024 722 1111 805 regis
1138 721 1253 786 castel-

119 829 278 910 lanusque
304 827 344 892 de
360 827 541 910 Bystrizcia
570 837 747 896 ceterorum
774 852 902 914 quoque
928 835 1109 895 castrorum
1134 831 1168 894 in
1195 831 1254 895 cir·

119 937 217 1020 onitu,
234 936 276 1002 ad
293 936 449 1000 noticiam
464 945 632 1020 presentes
647 939 848 1003 intuencium
865 987 871 1002 .
889 988 896 1003 .
912 938 1059 1003 volumus
1075 939 1251 1021 pervenire,

120 1045 209 1128 quod
225 1045 337 1109 fidelia
353 1046 488 1110 selsicia
505 1045 616 1111 dilecti
633 1046 725 1111 nobis
746 1047 894 1112 advocati
919 1046 1053 1112 Pezoldi
1079 1045 1119 1110 de
1144 1045 1254 1111 Zilma

121 1153 250 1218 cinam
266 1157 378 1218 nostra
392 1153 602 1236 respicientes
619 1153 733 1218 damus
750 1160 784 1218 et
801 1153 994 1218 contulimus
1012 1152 1115 1217 eidem
1141 1159 1252 1243 nostro

120 1263 277 1328 advocato
303 1263 434 1345 suisque
464 1262 638 1329 heredibus
673 1285 730 1328 seu
760 1263 997 1328 successoribus
1028 1263 1185 1328 universis
1210 1263 1253 1328 ad

122 1371 381 1454 congregandum
397 1392 494 1436 novos
509 1374 646 1456 populos
663 1373 827 1456 quandam
842 1373 1081 1456 plantacionem
1093 1372 1255 1438 desertam

124 1501 178 1563 per
193 1477 220 1543 J
223 1485 295 1543 utez
310 1478 446 1544 Petrum
474 1501 570 1544 causa
596 1479 807 1546 desolacionis
824 1480 971 1544 relictam
996 1501 1097 1563 prope
1121 1501 1256 1545 vacuam

123 1612 159 1653 ex
175 1590 243 1654 alia
258 1595 352 1672 parte
369 1611 452 1672 aque
463 1587 603 1654 Hreduh
614 1595 727 1655 vocate
743 1591 839 1656 sitam
856 1587 982 1654 Orazna
992 1596 1148 1670 uocatam,
1158 1590 1254 1654 metis

122 1699 203 1762 sicut
219 1698 322 1780 ipsam
339 1698 364 1762 J
366 1704 438 1763 ntea
455 1697 575 1762 Petrus
591 1699 682 1780 prius
711 1697 835 1780 babuit,
860 1699 931 1762 iure
955 1697 1153 1762 hereditario
1179 1719 1253 1781 per·

125 1813 219 1888 petuo
251 1804 488 1888 possidendam,
521 1812 557 1870 ut
589 1805 748 1889 quidquid
772 1804 919 1888 prefatus
944 1805 1120 1871 advocatus
1144 1811 1254 1871 noster

125 1917 186 1978 sive
203 1913 341 1978 heredes
361 1935 418 1979 seu
434 1935 635 1979 successores
652 1916 699 1979 sui
716 1915 855 1979 universi
880 1916 913 1980 in
934 1913 1021 1979 dicta
1044 1913 1252 1997 plantacione

128 2030 155 2087 et
171 2022 354 2088 hereditate
370 2021 448 2088 boni
466 2028 652 2087 construere
678 2029 736 2088 aut
752 2044 833 2107 quos
855 2023 1001 2087 homines
1017 2022 1135 2086 ibidem
1153 2021 1254 2088 addu-

127 2151 193 2194 cere
224 2131 392 2214 potuerint
423 2130 560 2195 liberam
594 2130 738 2196 habeant
768 2129 975 2212 facultatem
1007 2129 1120 2194 (lamus
1152 2129 1254 2193 eciam

126 2239 209 2304 dicto
228 2244 339 2304 nostro
350 2239 505 2304 advocato
522 2240 651 2322 suisque
668 2239 778 2304 liberis
795 2246 828 2304 et
844 2239 1081 2304 successoribus
1097 2239 1254 2302 universis

126 2346 301 2411 dominium
336 2346 468 2430 plenum
494 2347 528 2410 in
553 2347 779 2430 prenominata
806 2346 989 2412 hereditate
1016 2346 1055 2409 de
1081 2368 1146 2428 qua
1170 2344 1254 2409 nulli

125 2455 250 2537 penitus
266 2455 401 2518 servicia
417 2454 559 2537 exceptis
576 2453 669 2519 nobis
686 2461 718 2519 et
733 2476 792 2537 pro
812 2459 924 2520 nostra
950 2454 1095 2518 utilitate
1113 2457 1253 2516 tanturn-

125 2562 218 2628 inodo
244 2563 379 2646 singulis
405 2562 498 2626 annis
523 2560 633 2626 decem
659 2583 777 2645 pensas
793 2563 1000 2648 syenensiuni
1024 2560 1185 2626 bonorum
1201 2559 1255 2623 de-

126 2673 290 2735 nariorum
307 2671 341 2734 in
367 2669 418 2734 die
443 2669 553 2734 littere
579 2669 703 2734 solvere
729 2677 911 2753 teneantur,
937 2670 977 2734 de
1003 2669 1152 2735 omnibus
1176 2689 1251 2734 vero

129 2781 198 2844 aliis
213 2779 353 2844 serviciis
370 2785 403 2842 et
418 2777 670 2861 fatigacionibus
685 2781 814 2862 penitus
830 2781 895 2844 sint
924 2779 1050 2844 exemti.
1076 2777 1203 2843 Datum
1218 2777 1252 2840 in

125 2887 229 2952 Zilma
246 2887 377 2952 civitate
393 2893 513 2967 nostra,
530 2907 616 2951 anno
633 2886 755 2950 domini
770 2887 824 2951 Μ0
841 2883 941 2952 0000
957 2887 1106 2951 vicesimo
1125 2885 1251 2970 quinte,

124 3003 199 3060 ante
213 2996 330 3061 sestam
347 2995 436 3059 beati
452 2993 625 3059 Michaelis
642 2995 829 3078 archangeli
852 2994 934 3059 feria
951 3001 1052 3059 sexta.

229 3158 352 3222 Hartydn
366 3159 517 3208 tereuezec
529 3159 616 3222 siiggd
638 3157 785 3222 pecsette13
807 3158 934 3221 credetijc
957 3173 988 3206 az
1002 3171 1071 3207 orsz.
1085 3156 1139 3206 ltrir
1152 3157 1252 3205 kinost.

125 3251 193 3296 oszt.
205 3249 236 3298 N.
247 3249 279 3298 a.
290 3249 315 3297 A
339 3251 398 3297 943.
415 3252 436 3296 1.
451 3247 517 3310 dipl.
532 3248 602 3296 lteir:
619 3251 696 3298 2322.
709 3247 806 3298 szli:
821 3248 923 3297 Vincze
937 3247 1036 3296 Geibor.

608 3446 764 3454 ...ρ-...-

654 3643 726 3704 197.

126 3807 220 3870 1325.
237 3805 416 3892 rlcipnona
433 3816 507 3890 sept.
524 3809 576 3869 30.
605 3804 718 3868 XXII.
734 3805 840 3868 Jonas
852 3809 945 3887 pcipe
963 3803 1029 3866 lbbb
1046 3806 1252 3887 aprirzaszer-

381 3913 487 3976 zarath
503 3937 524 3976 a
540 3911 715 3976 ‹le'zsmcito'l
731 3913 928 3994 mealessr'pct
944 3910 995 3974 ccl.

230 4075 397 4139 Johannes
407 4075 575 4158 episcopus
586 4092 696 4137 servus
706 4093 871 4135 servorum
881 4070 933 4134 dei
943 4069 1069 4135 dilectis
1079 4067 1250 4134 inOhristo

120 4179 249 4246 filiabus
256 4183 409 4247 universis
421 4180 632 4246 abbatissiset
641 4178 1044 4244 conventibusmonialium
1051 4175 1250 4242 inclusarum

121 4291 194 4353 sire
208 4289 324 4354 ordinis
340 4295 451 4354 sancte
468 4287 565 4354 Clare
582 4289 647 4352 sive
663 4288 767 4352 sancti
783 4287 937 4352 Damiani
947 4308 1005 4351 seu
1019 4285 1187 4350 minorissa
1204 4284 1249 4348 di-

121 4399 387 4462 cantursalutem
404 4403 436 4461 et
453 4396 665 4481 apostolicam
681 4394 950 4460 benediccionem.
962 4393 1181 4460 Sacravestra
1200 4413 1249 4456 re-

121 4503 207 4587 ligio
222 4527 281 4586 que
296 4507 329 4569 in
344 4506 550 4570 monasteriis
566 4504 680 4568 vestris
697 4525 717 4568 a
733 4503 825 4568 nobis
842 4509 874 4567 ot
893 4502 965 4566 aliis
989 4501 1135 4585 personis
1151 4500 1185 4563 in
1203 4500 1249 4565 eis

119 4612 312 4697 degentibus
328 4613 387 4682 sub
404 4635 501 4683 onere
516 4612 697 4682 voluntario
707 4609 1040 4700 paupertatisiugiter
1057 4609 1183 4692 colitur,
1200 4609 1248 4677 sic
