3172 5462
537 425 631 490 1323.
646 445 722 492 ucv.
740 427 769 492 2.

628 679 680 744 89.

90 807 182 870 1323.
199 830 273 872 nov.
284 808 314 870 2.
325 806 353 871 I.
364 805 490 893 Kdroiy
506 806 618 893 kirely
631 807 745 871 Duces
755 806 1105 894 zdlyomifdispdnnak
1116 807 1218 876 Bense

79 913 146 994 fiai
160 915 288 978 rdezdre
304 924 360 978 tete
382 914 581 999 adomdnydt
601 937 622 978 a
642 913 774 999 deyom
796 915 980 1000 vdrmeqyei
1001 914 1129 981 Tridrde
1154 915 1217 981 dir-

500 1022 605 1087 tokrc'l
615 1023 803 1107 creperdaiti.

194 1143 336 1212 Carolus
347 1167 454 1213 ..rex.
466 1197 473 1212 .
484 1145 526 1212 ad
535 1146 758 1212 universorum
777 1146 931 1212 noticiam
940 1146 1057 1213 harum
1066 1149 1147 1214 serie
1163 1171 1217 1216 rc·
1227 1187 1244 1208 κ

87 1252 197 1318 lumus
206 1254 383 1338 pervenire,
394 1253 482 1336 quod
491 1252 681 1337 magnificus
691 1254 740 1318 vir
749 1254 904 1338 magister
920 1255 1039 1322 Donch
1056 1277 1161 1322 comes
1177 1257 1216 1322 de

86 1359 182 1426 Zolio
191 1359 296 1426 fidelis
312 1366 422 1426 noster
441 1360 639 1427 adnostram
655 1362 811 1427 accedens
826 1363 1036 1448 presenciam,
1052 1365 1216 1448 quandam

86 1477 208 1535 terram
219 1490 275 1534 seu
284 1471 516 1554 possessionem
527 1468 819 1536 Tribulevoeatam
829 1472 863 1534 in
875 1472 1032 1537 comitatu
1042 1470 1137 1538 Zoiio
1148 1474 1214 1538 exi·

86 1583 237 1659 stentem,
247 1599 345 1660 qnam
355 1598 395 1641 ex
405 1576 580 1642 collacione
589 1581 702 1642 nostra
712 1577 891 1660 possedisse
900 1599 934 1643 se
946 1578 1083 1662 dicebat,
1094 1577 1215 1646 confes-

86 1706 139 1749 sus
165 1691 217 1749 est-
242 1683 267 1748 J
269 1685 367 1750 oanni
389 1689 421 1748 et
436 1681 571 1748 Andree
591 1683 666 1749 filiis
692 1683 817 1750 Bensee
843 1686 1057 1752 servientibus
1077 1688 1142 1752 suis
1158 1709 1217 1772 pro

86 1793 229 1856 serviciis
240 1813 351 1858 eorum
361 1813 394 1857 se
406 1791 531 1856 dedisse
542 1796 574 1856 et
583 1792 728 1875 donasse,
738 1799 852 1876 petens
869 1815 889 1858 a
904 1793 997 1858 nobis
1016 1801 1053 1859 ut
1069 1793 1218 1862 donacio-

84 1921 158 1964 nem
184 1900 328 1966 eiusdem
351 1900 504 1986 predictis
530 1901 742 1967 servientibus
761 1901 827 1966 suis
843 1901 883 1968 de
902 1901 1050 1987 predicta
1065 1905 1219 1987 possessi·

86 2029 146 2072 one
171 2007 296 2075 factam
319 2015 425 2074 ratam
435 2009 592 2075 habentes
609 2015 720 2075 nestro
737 2009 945 2093 dignaremur
959 2011 1127 2096 privilegio
1144 2033 1219 2079 ecn-

86 2113 331 2201 firmare;unde
347 2118 425 2200 quia
435 2117 475 2182 de
485 2117 585 2201 ipsius
597 2123 683 2182 terre
700 2117 859 2200 qualitate
875 2123 908 2183 et
925 2120 1108 2202 quantitate
1126 2121 1218 2186 nobis

85 2224 206 2289 veritas
215 2246 281 2289 non
298 2223 478 2308 constabat,
489 2223 639 2290 fidelibus
657 2225 777 2290 nostris
793 2227 966 2292 conventui
981 2229 1168 2293 monasterii
1179 2228 1218 2292 de

87 2329 198 2395 Turch
213 2333 335 2398 nostris
350 2333 469 2398 litteris
480 2333 627 2398 dedimus
642 2334 675 2398 in
691 2333 862 2416 mandatis,
877 2341 915 2400 ut
925 2357 997 2400 cum
1007 2333 1135 2402 Thema
1149 2333 1217 2402 filio

86 2438 236 2504 Ladislai
269 2440 321 2505 rel
345 2439 445 2505 Petro
470 2439 572 2506 fratre
598 2439 740 2506 eiusdem
765 2441 895 2507 homine
919 2448 1032 2508 nostro
1056 2442 1218 2509 hominem

85 2569 198 2613 eorum
222 2569 283 2633 pro
302 2549 485 2614 testimonio
504 2549 767 2615 transmitterent
796 2547 1002 2632 fidedignnm,
1029 2569 1137 2614 coram
1153 2572 1217 2634 quo

84 2655 171 2721 idem
182 2655 400 2722 homonoster
417 2655 595 2741 predictam
607 2662 728 2722 terram
738 2657 1037 2741 seupcssessicnem
1048 2657 1183 2723 Tribule
1194 2707 1219 2725 ..

85 2771 248 2830 statueret
263 2765 418 2848 predictis
437 2765 462 2830 J
464 2766 560 2831 oanni
577 2770 610 2830 et
626 2763 760 2830 Andree
776 2771 932 2850 perpetue
948 2765 1219 2852 possidendam,

86 2873 293 2956 quiquidem
311 2878 486 2938 conventus
512 2873 645 2938 ecclesie
664 2873 758 2938 beate
776 2873 909 2956 virginis
926 2871 965 2936 de
982 2871 1090 2938 'durch
1106 2871 1219 2938 fideles

85 2984 190 3048 nestri
206 2983 300 3049 nobis
309 2984 546 3067 rescripserunt
560 2983 596 3048 in
611 2982 698 3048 hunc
707 2982 847 3067 mudum,
873 2982 961 3066 quod
970 2984 1049 3068 ipsis
1065 3005 1138 3048 cum
1148 3005 1219 3068 pre·

85 3091 173 3158 dieto
191 3090 319 3157 Thema
334 3091 401 3157 filio
416 3091 563 3156 Ladislai
579 3090 708 3157 homine
723 3097 835 3156 nostro
851 3113 951 3156 uuum
968 3112 1007 3155 ex
1022 3091 1102 3175 ipsis
1119 3092 1224 3156 virum

86 3199 242 3266 idoneum
266 3201 521 3266 transmisissent
544 3221 604 3284 pro
630 3199 815 3264 testimonio
840 3199 882 3264 ad
913 3199 1136 3284 exequendum
1151 3221 1223 3284 pre-

85 3309 191 3391 missa,
219 3309 275 3392 qui
300 3315 338 3374 ut
353 3308 482 3373 demum
496 3308 618 3373 reversi
643 3307 688 3372 eis
705 3305 909 3372 concorditer
924 3307 1121 3391 retulissent,
1137 3306 1224 3392 quod

85 3415 253 3499 predictus
268 3415 365 3481 homo
389 3420 500 3481 noster
516 3436 624 3482 coram
640 3413 786 3498 predicto
803 3415 989 3480 testimonio
1006 3436 1117 3480 eorum
1134 3435 1223 3480 aece-

87 3523 166 3588 dens
183 3523 352 3588 adfaciem
364 3521 511 3607 predicte
527 3527 614 3587 terre
624 3543 681 3586 seu
690 3523 901 3606 possessionis
917 3521 1059 3588 Trebule
1075 3527 1223 3588 vocate..

87 3632 224 3697 eandem
235 3681 242 3696 .
254 3681 260 3696 .
271 3631 465 3715 supradietis
476 3629 502 3696 J
502 3629 599 3696 oanni
616 3635 649 3696 et
659 3627 792 3695 Andree
802 3628 878 3694 filiis
888 3629 1014 3694 Bensee
1031 3631 1222 3696 statuissent

87 3746 247 3825 perpetuo
257 3739 502 3826 possidendam
513 3740 604 3803 cuius
615 3738 745 3821 quidem
758 3744 843 3804 terre
855 3744 938 3804 mete
948 3745 1044 3823 prout
1053 3739 1139 3803 idem
1150 3759 1222 3804 con-

85 3855 202 3914 ventus
225 3851 261 3913 in
287 3847 405 3914 eisdem
430 3848 551 3913 litteris
576 3847 643 3912 ruis
667 3847 760 3913 nobis
777 3847 953 3931 rescripsit,
969 3846 1031 3911 hoc
1047 3846 1159 3911 ordine
1176 3847 1221 3910 di·

86 3957 295 4039 stingvuntur
305 3981 311 4021 :
322 3947 428 4041 prima
436 3956 554 4040 incipit
563 3977 583 4020 a
591 3953 688 4020 fluvio
700 3953 859 4020 Zemered
871 3960 904 4020 et
916 3954 1083 4020 descendit
1094 3955 1222 4018 inviam

87 4085 239 4146 magnam
265 4069 298 4128 et
322 4064 412 4129 vadit
438 4085 540 4148 usque
556 4063 599 4128 ad
614 4063 726 4128 villam
753 4062 950 4128 Kouachow
967 4067 1000 4126 et
1015 4083 1074 4146 per
1090 4060 1222 4126 fluvium

86 4169 287 4237 Kewachew
301 4169 448 4236 ascendit
458 4176 490 4236 et
499 4170 574 4236 inde
590 4172 710 4236 transit
724 4169 858 4236 fluvium
874 4175 907 4235 et
923 4169 1089 4235 descendit
1105 4169 1147 4235 ad
1163 4171 1221 4234 sic·

87 4295 161 4343 cum
180 4277 378 4344 Kowachew
397 4277 483 4361 quod
499 4277 619 4343 dicitur
634 4297 737 4362 zaraa,
769 4277 885 4342 deinde
900 4277 1046 4362 procedit
1062 4280 1095 4342 et
1111 4297 1220 4342 ascen·

89 4387 137 4452 dit
155 4386 198 4454 ad
213 4388 339 4471 lignum
355 4386 425 4454 tilie
442 4392 475 4452 et
490 4387 536 4452 ibi
553 4392 603 4452 est
618 4391 706 4452 meta
721 4391 838 4470 terrea,
853 4384 929 4450 inde
945 4385 1093 4470 precedit
1108 4405 1219 4450 versus

89 4494 239 4561 arborem
266 4494 378 4577 querci
403 4516 500 4579 super
517 4493 628 4560 eodem
644 4497 753 4560 monte
770 4501 803 4560 et
825 4493 871 4560 ibi
888 4499 937 4559 est
951 4497 1041 4558 meta
1056 4497 1171 4576 terrea,
1189 4497 1223 4558 et

88 4600 162 4667 inde
179 4601 349 4669 descendit
366 4607 398 4668 et
414 4604 502 4668 venit
517 4600 560 4668 ad
575 4599 708 4668 fluvium
725 4602 885 4670 'Phoraua
901 4606 934 4667 et
949 4601 1068 4667 transit
1085 4599 1222 4666 eundem
