3112 5466
512 461 605 522 1325.
623 479 694 522 sor.
715 461 740 522 1.
1130 467 1193 526 223

168 637 301 687 Zdrlatdn
316 637 413 687 hirom
427 639 574 703 pecstttel;
590 639 702 704 eredetij
707 654 720 687 e
733 655 749 687 a
762 639 795 688 N.
809 641 1002 704 Muzenmban,
1015 657 1032 692 a
1045 643 1144 707 Kallay
1158 659 1193 693 cs.

85 727 198 778 latraban.
212 728 310 778 Kozri:
331 729 457 792 Taganyi
470 730 503 779 K.

595 1148 669 1208 203.

87 1325 161 1387 13:25.
176 1347 248 1388 aon.
267 1327 294 1389 1.
310 1324 341 1388 A
352 1327 512 1411 pozaoayi
526 1326 685 1411 lco‘ptaloo
702 1327 774 1390 elo'tt
790 1351 810 1390 a
826 1327 939 1392 Szdszi
956 1327 1070 1391 caaldd
1080 1329 1192 1394 beiram

209 1434 431 1518 rrernzetse'pbb'l
446 1435 515 1497 cillo‘
529 1436 637 1518 topjoi
654 1435 852 1499 barrochiis-ar
859 1436 1045 1522 feloszrja‘h

171 1661 202 1674 ..
220 1611 397 1694 capitulum
415 1612 548 1676 ecclesie
567 1611 809 1678 Posoniensis..
826 1611 1195 1679 adunivcrsorumuoti-

86 1717 193 1784 ciam..
212 1719 358 1784 volumus
374 1719 550 1804 pervenire,
567 1719 655 1802 quod
671 1719 695 1784 J
698 1719 825 1784 ohanne
840 1719 906 1785 filio
923 1719 948 1784 J
950 1720 1050 1804 ambi,
1066 1719 1091 1784 J
1093 1721 1194 1786 acobo

86 1821 138 1889 filio
146 1823 292 1910 Gregorii
309 1833 342 1890 et
357 1826 458 1890 Petro
473 1826 541 1892 filio
559 1824 716 1910 Stephani
727 1831 764 1892 cle
773 1853 886 1914 gloriere
898 1829 1022 1893 Xolcbo
1034 1849 1092 1911 pro
1110 1849 1144 1892 se
1161 1835 1194 1894 et

84 1953 131 2012 pro
145 1933 286 1999 omnibus
302 1935 457 2017 proximis
474 1939 506 1997 et
523 1935 668 2017 cognatis
684 1935 750 1998 suis
779 1934 818 1998 de
845 1933 911 1998 Zaa
937 1933 977 1998 ab
1003 1957 1068 2000 una
1092 1942 1194 2019 parte,

85 2038 201 2107 Nicolao
219 2042 286 2108 filio
312 2041 482 2125 «Iohannis,
498 2043 622 2107 Fintha
649 2042 716 2108 filio
743 2043 907 2107 Dominici
933 2049 966 2107 et
989 2043 1101 2107 Endre
1127 2044 1194 2108 filio

84 2145 225 2214 Johannis
241 2154 277 2216 du
292 2176 403 2236 {fenero
427 2155 553 2232 Warna,
570 2151 647 2214 item
663 2149 769 2214 Paulo
793 2149 860 2216 filio
878 2149 1075 2235 Pangraczy,
1093 2151 1193 2216 Petro

85 2251 137 2319 filio
159 2255 320 2322 Dominici
338 2263 370 2321 et
385 2257 491 2322 Paulo
517 2255 584 2321 filio
610 2257 783 2322 Michaelis
809 2261 845 2324 de
870 2284 981 2345 ,qe-aere
1006 2254 1129 2328 'ltrdrcr
1155 2260 1195 2324 de

85 2362 178 2428 eadem
193 2365 260 2432 Zaa
276 2365 426 2434 similiter
442 2387 501 2450 pro
518 2387 551 2430 se
568 2371 601 2428 et
617 2387 675 2448 pro
692 2366 839 2431 omnibus
859 2367 1013 2448 proximis
1030 2373 1062 2430 et
1079 2390 1194 2450 cogna-

82 2471 116 2534 tis
136 2473 194 2537 suis
218 2473 260 2538 ab
285 2475 390 2539 altera
417 2496 525 2539 coram
551 2473 643 2538 nobis
669 2475 883 2557 personaliter
909 2475 1093 2540 constitutis
1117 2482 1192 2540 aunt

85 2581 211 2667 confessi,
227 2583 315 2666 quod
331 2584 392 2666 ipsi
408 2585 624 2666 possessiones
641 2605 751 2648 eorum
776 2583 923 2666 superior
949 2583 1017 2648 Zau
1042 2583 1194 2648 videlicet

83 2689 245 2756 etinferior
261 2691 328 2755 Zaz
353 2699 557 2775 nuncupatas
586 2690 790 2756 concorditer
814 2692 847 2755 in
872 2697 939 2754 tres
962 2697 1072 2774 partes
1098 2698 1196 2774 prout

81 2795 198 2862 inferius
214 2799 339 2863 dicetur
356 2799 548 2882 divisissent,
565 2799 688 2864 scilicet
703 2821 723 2863 a
739 2804 831 2882 parte
847 2799 922 2862 ville
934 2798 1024 2883 Leeg
1041 2821 1196 2882 unapars

81 2925 142 2967 cnm
157 2907 218 2970 suis
234 2907 430 2971 utilitatibus
448 2909 595 2972 cessisset
611 2905 636 2970 J
638 2906 757 2971 ohanni
773 2905 839 2972 filio
851 2905 876 2970 J
877 2906 969 2972 acobi
987 2930 1060 2971 cnm
1077 2929 1195 2972 memo-

80 3012 147 3076 ratis
161 3015 313 3096 proximis
330 3015 396 3078 suis
414 3019 445 3077 et
463 3015 616 3097 cognatis,
633 3013 695 3078 due
712 3036 786 3080 vero
807 3019 916 3098 partes
943 3014 983 3078 de
1008 3020 1101 3098 parte
1117 3015 1193 3078 ville

81 3115 159 3182 Belre
180 3122 326 3186 similiter
353 3144 426 3186 cum
453 3123 518 3186 suis
544 3121 741 3187 utilitatibus
768 3123 938 3188 cessissent
963 3121 1101 3188 Nicolao
1127 3122 1194 3187 filio

79 3223 227 3294 Johannis
253 3252 325 3294 cum
341 3232 497 3314 proximis
513 3232 579 3295 suis
597 3231 636 3294 de
653 3252 770 3314 genere
795 3229 917 3295 Waras
943 3236 975 3294 et
997 3231 1103 3296 Paulo
1128 3231 1194 3296 filio

78 3331 238 3417 Pangracii
255 3361 327 3402 cum
345 3339 411 3402 suis
428 3339 583 3422 proximis
600 3337 640 3403 de
657 3361 774 3422 genere
791 3338 1158 3422 Pudwriureperpetuo
1170 3389 1194 3405 ..

78 3442 285 3526 uniusquidem
303 3445 467 3511 divisionis
478 3451 561 3510 mete
578 3497 585 3510 .
602 3497 608 3510 .
625 3447 686 3510 hoc
705 3446 816 3512 ordine
828 3446 1065 3528 distinguntur:
1081 3448 1195 3530 incipit

78 3549 152 3613 enim
167 3553 270 3634 prima
286 3559 373 3618 meta
389 3575 487 3637 penes
503 3553 635 3618 fluvium
651 3553 731 3617 Beel
749 3551 804 3617 ubi
822 3557 896 3616 sunt
922 3553 985 3617 due
1010 3560 1093 3617 mete
1111 3557 1195 3637 capi-

76 3657 157 3742 tales,
172 3659 289 3726 abhinc
304 3661 394 3726 vadit
409 3683 519 3726 versus
535 3662 645 3726 villam
661 3661 728 3726 Zaa
748 3667 780 3724 et
790 3663 835 3725 sic
852 3661 958 3725 eundo
975 3663 1093 3726 transit
1108 3663 1196 3726 ultra

79 3766 232 3844 quandam
248 3770 363 3834 sallem
390 3775 422 3832 et
446 3768 491 3833 ibi
508 3774 584 3833 sunt
609 3767 671 3832 due
696 3775 790 3853 mete,
816 3769 931 3833 deinde
957 3771 1075 3834 transit
1100 3791 1196 3851 super

74 3875 165 3956 ipsam
179 3877 288 3941 uillam
305 3876 372 3942 Zaa
389 3883 421 3941 et
437 3879 482 3942 sic
500 3877 603 3942 eundo
620 3899 718 3960 penes
735 3883 841 3942 ortum
865 3875 977 3940 Endrc
994 3876 1034 3940 ab
1051 3875 1195 3941 inferiori

72 3989 155 4063 parte
170 3989 247 4048 sunt
263 3984 324 4050 due
340 3991 434 4066 mete,
450 3984 569 4049 abhinc
585 3984 674 4049 vadit
698 3985 835 4050 ulterius
853 3990 885 4048 et
901 3985 947 4048 sic
961 3982 1066 4047 eundo
1083 3983 1116 4047 in
1132 3981 1194 4047 fine

73 4091 240 4156 sessionum
258 4093 504 4175 generacionum
520 4091 640 4155 Waras
658 4097 734 4155 sunt
751 4090 812 4154 due
830 4096 923 4172 mete,
934 4089 1050 4155 deinde
1066 4095 1195 4173 proten·

72 4195 149 4261 ditur
165 4221 277 4262 versus
302 4200 465 4284 quandam
490 4200 653 4283 publicam
677 4201 761 4263 riam
788 4221 886 4283 penes
912 4221 1006 4281 quam
1034 4203 1108 4261 sunt
1133 4198 1194 4260 duc

71 4312 155 4390 mete,
170 4306 289 4371 abhinc
304 4307 393 4372 radit
409 4309 544 4372 ulterius
562 4313 594 4370 et
610 4307 656 4372 sic
672 4307 776 4372 eundo
794 4307 856 4371 due
874 4313 948 4370 sunt
966 4310 1059 4384 mete,
1076 4303 1192 4368 deinde

73 4414 170 4479 adhuc
186 4415 390 4500 procedendo
406 4418 492 4480 seuit
509 4416 550 4480 ad
567 4416 729 4500 quandam
746 4416 830 4479 risun
847 4436 996 4496 magnam
1015 4414 1100 4476 circa
1124 4413 1196 4476 Η11-

71 4544 160 4586 muru·
193 4526 382 4588 existentem
401 4547 463 4607 que
481 4524 569 4588 ducit
585 4545 696 4586 rursus
713 4523 821 4586 villam
849 4522 952 4605 Grlye
969 4520 1024 4584 ubi
1042 4525 1115 4584 sunt
1133 4518 1195 4583 dne

72 4637 154 4716 mete,
170 4632 292 4696 abhinc
308 4632 513 4716 protenditur
538 4653 646 4696 versus
672 4630 803 4696 fluvium
829 4629 980 4694 Humuro
1007 4636 1039 4692 et
1065 4627 1105 4692 ab
1132 4629 1197 4694 alia
