3130 5470
671 505 860 556 ausouvom
878 497 1095 557 onulvrrtn.

850 894 924 955 342.

323 1054 418 1120 1329.
442 1055 609 1142 Viaepra'd‚
632 1057 707 1140 jau.
740 1055 792 1120 25.
818 1055 846 1120 Ι.
879 1054 1005 1142 Karoly
1021 1053 1134 1140 kirtly
1150 1079 1171 1120 a
1187 1055 1313 1138 Nyitra
1328 1058 1442 1118 adrace-

319 1165 394 1250 9ῃοὶ
409 1162 515 1228 leoloei
530 1172 690 1228 monaster
719 1163 925 1247 odadr-joth
950 1162 1191 1250 Koloffalcdau
1221 1161 1444 1248 cisazadllitjc.

431 1321 503 1390 Nos
518 1323 666 1389 Karalus
682 1373 689 1388 .
707 1373 713 1388 .
729 1344 788 1388 rex
804 1373 811 1388 .
827 1373 835 1388 .
852 1319 1071 1406 significamus
1088 1373 1094 1388 .
1112 1373 1120 1388 .
1137 1323 1225 1406 quod
1241 1323 1398 1390 accedens
1407 1321 1445 1388 ad

327 1431 473 1496 nostram
488 1431 690 1518 presenciam
706 1430 877 1515 religiosus
892 1431 942 1495 vir
957 1428 1060 1496 frater
1074 1429 1252 1498 Ladislaus
1268 1430 1372 1497 abbas
1385 1451 1446 1496 mo·

323 1539 458 1603 nasterii
474 1538 569 1606 beato
585 1539 718 1623 virginis
749 1537 789 1603 de
823 1534 902 1604 Olus
932 1537 1026 1604 nobis
1052 1536 1134 1604 dixit
1159 1540 1322 1606 maiestati
1348 1546 1449 1604 nostre

325 1644 494 1714 humiliter
526 1645 740 1734 supplicando
757 1646 843 1731 quod
869 1639 947 1730 qriia
971 1645 1078 1712 forum
1102 1648 1293 1714 monasterii
1318 1649 1370 1712 sui
1384 1667 1449 1732 pre·

326 1754 407 1821 dicti
424 1752 503 1822 Olus
517 1755 699 1840 nuncupati
714 1755 748 1820 in
765 1755 923 1821 comitatu
939 1753 1101 1821 Nitriensi
1117 1755 1284 1822 existentis
1310 1754 1398 1842 quod
1412 1754 1449 1820 ab

328 1863 463 1948 antiquo
480 1863 664 1930 celebratur
679 1865 713 1930 in
730 1862 843 1929 eadem
858 1869 992 1948 propter
1007 1864 1163 1948 temporis
1179 1865 1336 1949 impacati
1353 1862 1451 1948 quali·

326 1975 430 2038 tatem
461 1973 645 2038 anullatum
676 1971 880 2038 destructum
907 1977 941 2036 et
971 1972 1102 2056 penitus
1136 1971 1337 2037 exinanitum
1364 1976 1453 2054 essct,

327 2081 431 2164 ipsum
448 2078 555 2146 forum
571 2081 605 2144 in
630 2081 803 2164 pristinum
827 2084 949 2146 statum
974 2101 1125 2146 revocare
1150 2085 1183 2144 et
1207 2085 1394 2146 restaurare
1417 2078 1451 2144 de

327 2188 529 2272 benignitate
544 2189 636 2274 regia
646 2187 862 2274 dignaremur,
873 2187 993 2281 etflquia
1004 2185 1097 2253 nobis
1108 2186 1148 2252 de
1164 2185 1252 2252 dicto
1268 2186 1340 2253 foro
1351 2192 1452 2252 utrum

328 2302 474 2382 tempore
498 2297 762 2382 predecessorum
787 2302 974 2364 nostrorum
999 2295 1099 2360 fuerit
1123 2296 1164 2360 in.
1182 2294 1271 2362 dicta
1298 2297 1377 2362 villa
1392 2319 1451 2362 nro·

317 2403 464 2494 ¹naeterii
480 2405 530 2470 sui
546 2405 630 2470 sicut
646 2404 775 2470 dicebat
791 2403 991 2470 celebratum
1008 2425 1068 2469 nec
1083 2424 1132 2486 ne,
1148 2403 1241 2469 nobis
1258 2405 1378 2470 veritae
1393 2425 1451 2470 non

332 2510 512 2594 constabat,
531 2509 681 2577 fidelibus
705 2513 825 2578 nostris
851 2511 994 2596 capitulo
1019 2510 1180 2577 Nitriensi
1205 2515 1243 2576 ut
1268 2513 1387 2577 scirent
1401 2533 1451 2576 seu

331 2619 536 2703 inquirerent
552 2620 579 2685 si
596 2617 719 2686 dictum
734 2619 842 2686 forum
865 2621 900 2704 in
923 2621 994 2705 ipsa
1020 2620 1098 2686 villa
1123 2616 1201 2684 Olus
1228 2625 1374 2705 tempore
1403 2643 1453 2686 no·

332 2733 474 2792 atrorum
482 2726 746 2812 predecessorum
755 2727 855 2793 fuerit
871 2727 1069 2794 celebratum
1087 2726 1270 2794 omnimode
1287 2728 1449 2794 veritatem

334 2855 393 2922 per
409 2836 537 2903 litteras
569 2843 696 2904 nostras
721 2837 963 2920 mandavimus;
996 2836 1085 2919 quod
1109 2835 1289 2919 capitulum
1304 2835 1394 2902 nobis
1408 2857 1451 2901 re-

326 2944 536 3029 scripserunt
551 2946 585 3010 in
600 2945 688 3011 hunc
702 2945 843 3028 modum,
860 2944 947 3029 quod
964 2945 1050 3010 sicut
1066 2965 1087 3009 a
1102 2942 1265 3009 nobilibus
1282 2951 1316 3010 et
1326 2965 1452 3028 conpro-

335 3051 526 3118 vincialibus
550 3051 651 3137 ipsius
674 3053 750 3119 ville
775 3054 858 3118 scire
884 3058 915 3117 et
941 3053 1105 3137 inquirere
1121 3053 1306 3136 potuissent
1321 3052 1453 3117 universi

336 3159 563 3226 universaliter
588 3165 621 3226 et
636 3161 847 3245 singulariter
872 3161 992 3244 singuli
1016 3160 1205 3226 retulissent
1229 3159 1318 3243 quod
1332 3161 1364 3226 in
1382 3161 1453 3225 villa

336 3267 415 3335 Olus
430 3267 578 3354 prodicta
594 3290 721 3354 semper
737 3275 771 3336 et
786 3269 828 3335 ab
845 3269 980 3352 antiquo
1005 3268 1112 3336 forum
1127 3269 1266 3334 liberum
1283 3268 1397 3334 fuisset
1412 3288 1456 3333 ce-

340 3376 503 3442 lebratum
529 3375 585 3444 sed
602 3383 736 3462 propter
753 3379 908 3464 temporis
923 3377 1078 3462 impacati
1093 3377 1257 3444 maliciam
1277 3377 1320 3444 ad
1335 3397 1458 3461 presens

337 3484 544 3550 annullatum
560 3486 733 3568 extitisset3
744 3485 830 3552 undo
841 3509 914 3552 cum
929 3508 988 3553 nos
998 3485 1180 3570 predictum
1198 3485 1377 3568 capitulum
1387 3483 1458 3550 fide-

329 3592 384 3658 los
409 3599 536 3658 nostros
557 3593 684 3676 plenius
708 3592 875 3661 informati
900 3595 1181 3679 recognoverimus
1210 3595 1316 3679 ipsum
1354 3591 1454 3659 sorum

337 3707 483 3784 tempore
498 3704 684 3767 nostrorum
708 3701 971 3786 predecessorum
989 3701 1188 3768 celebratum
1204 3707 1238 3766 et
1251 3703 1459 3786 temporeim-

334 3813 456 3893 pacato
471 3808 652 3894 dispersum
679 3811 760 3876 etin
785 3809 909 3877 statum
923 3811 1096 3896 pristinum
1120 3815 1305 3876 restaurare
1330 3811 1459 3876 velimus

340 3916 598 4000 etintendamus‚
608 3918 773 3986 universos
789 3925 988 3986 mercatores
1005 3925 1037 3986 et
1053 3919 1135 3985 alios
1152 3919 1372 4002 cuiuscunque
1381 3939 1457 3982 com·

340 4022 476 4090 dicionis
501 4031 535 4091 et
560 4031 665 4091 status
689 4026 836 4092 homines
862 4049 1085 4093 assecuramua
1120 4032 1233 4094 tenore
1264 4025 1457 4113 presencium

341 4131 430 4216 quod
445 4132 488 4198 ad
503 4133 608 4219 ipsum
633 4133 740 4200 forum
754 4135 790 4200 in
805 4135 986 4220 predictam
1010 4136 1122 4201 villam
1148 4135 1226 4201 Olus
1253 4135 1334 4202 feria
1350 4138 1456 4220 quarta

342 4240 513 4307 cuiuslibet
528 4243 707 4326 septimane
724 4263 834 4308 secura
851 4244 1044 4310 conveniant
1061 4250 1094 4310 et
1110 4265 1185 4310 suas
1197 4244 1456 4310 commutaciones

342 4348 501 4414 emciones
531 4349 735 4416 vendiciones
759 4371 816 4416 seu
840 4351 1084 4435 negociaciones
1108 4351 1212 4417 libare
1238 4357 1409 4418 exerceant
1427 4351 1459 4413 in

342 4455 456 4521 eodem
470 4455 531 4522 sub
547 4461 660 4523 nostra
687 4459 892 4541 proteccione
908 4459 1042 4543 speciali
1059 4465 1092 4524 et
1116 4459 1185 4524 vice
1210 4459 1315 4525 nostri
1339 4458 1396 4525 sub
1411 4455 1459 4523 de·

341 4562 485 4629 tensione
501 4563 701 4631 honorabilis
717 4566 778 4632 viri
794 4567 943 4651 magistri
959 4567 1071 4634 Endre
1081 4564 1238 4633 Albensis
1256 4567 1461 4650 ecclesiepre·

341 4672 438 4760 positi
462 4672 536 4738 aule
561 4678 671 4740 nostre
696 4675 953 4742 vicecancellarii
978 4677 1047 4742 sine
1072 4676 1142 4742 ulla
1167 4675 1284 4744 tributi
1301 4675 1462 4742 exaccione
