3112 5466
328 443 392 512 260
682 457 869 546 nuvodrronr
888 444 1104 512 onulsrrlv.

856 845 931 908 240.

328 1010 423 1072 1326.
441 1033 511 1072 arou.
536 1009 565 1070 8.
585 1008 613 1070 Α
631 1009 736 1072 lelesza'
752 1017 882 1070 convent
904 1007 1013 1092 Fulvrp
1039 1007 1211 1070 eciderunt
1229 1007 1351 1092 jeleali,
1366 1007 1430 1090 bopp

331 1117 468 1188 lev'urz
489 1117 569 1198 fluit
594 1116 696 1180 [lauret
723 1119 755 1178 e's·
774 1116 863 1194 Palu,
882 1113 964 1180 Cleo
988 1125 1071 1180 need
1102 1115 1253 1200 Zemplc'n
1279 1115 1434 1200 vri-rraeppei

730 1222 877 1286 dirlolcbo
893 1223 1057 1286 bellefaire.

431 1369 586 1468 Philippo
618 1383 765 1468 palatino
797 1381 984 1467 Stephanus
1009 1384 1191 1466 prepositus
1218 1391 1253 1448 et
1287 1387 1434 1449 conventus

328 1492 461 1555 ecclesie
487 1498 598 1556 sancte
624 1492 728 1556 crucis
754 1490 793 1554 de
817 1489 916 1554 Lelea
934 1541 940 1554 .
958 1541 964 1554 .
981 1492 1141 1574 petivistis
1167 1513 1225 1556 nos
1249 1513 1307 1576 per
1329 1492 1435 1556 litteras

323 1605 428 1664 vestre
459 1599 669 1664 sublimitatis
708 1598 795 1682 quod
828 1619 901 1662 cum
932 1597 1072 1663 Nicolao
1111 1598 1179 1664 filio
1218 1597 1372 1664 Johunnis
1404 1594 1435 1658 de

322 1706 482 1772 Banouoh
512 1707 640 1772 homino
671 1713 776 1772 vestro
808 1712 954 1776 nostrum
988 1708 1189 1774 mitteremus
1214 1707 1367 1773 homiuem
1387 1725 1435 1788 pro

322 1815 507 1880 testimonio
523 1813 586 1880 fide
603 1815 816 1899 dignumque
832 1819 982 1899 presente
998 1814 1083 1880 idem
1108 1815 1204 1883 homo
1230 1823 1331 1882 vestre
1353 1811 1435 1878 domi·

325 1923 469 1987 nacionis
507 1930 655 2005 presente
693 1945 757 1988 uno
789 1944 828 1988 ex
860 1930 1001 2005 quatuor
1037 1922 1198 1989 iudicibus
1228 1922 1377 1989 nobilium
1403 1918 1435 1982 de

323 2031 472 2116 Zemplin
498 2031 717 2096 introduceret
743 2031 931 2096 Emerioum
957 2036 990 2096 et
1014 2030 1157 2097 Paulum
1173 2031 1258 2098 filios
1281 2026 1435 2096 Laurencii

324 2139 367 2204 ad
382 2141 615 2223 possessionem
632 2161 742 2205 eorum
760 2137 850 2205 Oheb
866 2147 1015 2205 vocatam
1041 2161 1141 2223 quam
1156 2140 1241 2204 idem
1257 2137 1438 2204 Laurencius

330 2269 402 2312 cum
419 2248 544 2314 duobus
555 2247 631 2313 filiis
648 2249 713 2313 suis
724 2248 898 2313 Thomaet
913 2247 1013 2313 Petro
1031 2269 1140 2312 eoram
1157 2247 1272 2313 curiali
1289 2247 1394 2312 comite
1407 2242 1439 2305 de

327 2355 477 2440 Zemplin
503 2363 535 2421 et
552 2363 693 2439 quatuor
708 2356 868 2421 iudicibus
884 2355 1041 2421 nobilium
1061 2355 1100 2421 de
1126 2355 1237 2420 eodem
1262 2356 1351 2420 iuxta
1372 2350 1439 2417 obli·

325 2465 492 2547 gacionem
518 2486 628 2530 eorum
654 2465 838 2546 amiserunt,
865 2469 897 2527 et
913 2461 1070 2528 divideret
1086 2463 1440 2548 eandempossessionem

326 2573 359 2636 in
390 2573 533 2656 quinque
560 2577 670 2657 partes
696 2571 867 2655 coequales
902 2578 934 2636 et
967 2569 1056 2637 facta
1085 2572 1243 2638 divisione
1276 2570 1442 2655 porcionem

324 2679 466 2744 Emerici
502 2686 534 2745 et
570 2679 667 2745 Pauli
700 2685 945 2763 prenotatorum
981 2680 1015 2744 in
1047 2679 1160 2745 eadem
1193 2680 1284 2746 Cheb
1315 2678 1442 2744 habitan

329 2789 447 2854 eisdem
462 2789 648 2854 restitueret
673 2795 704 2853 et
730 2789 909 2877 assignaret
925 2809 997 2853 cum
1029 2788 1091 2872 ipsi
1108 2785 1277 2854 Emericus
1292 2793 1323 2853 et
1336 2784 1445 2852 Paulus

326 2897 473 2981 superius
507 2899 664 2963 nominati
689 2891 877 2982 porcionem
901 2897 1044 2980 ipsorum
1070 2897 1102 2961 in
1127 2897 1237 2962 eadem
1262 2895 1443 2981 possessione

330 3027 395 3068 non
412 3005 603 3088 amisissent,
614 3005 697 3070 sicut
707 3010 812 3070 vestre
822 3004 1037 3088 magnitudini
1048 3005 1082 3069 in
1093 3006 1344 3088 congregacione
1352 2987 1448 3066 vestra¹

326 3113 360 3177 in
394 3114 515 3178 octavis
540 3113 629 3178 beati
654 3111 828 3178 Michaelis
854 3111 1043 3196 archangeli
1067 3113 1214 3198 proxime
1238 3111 1396 3197 preteritis
1417 3109 1445 3170 iu

325 3219 457 3285 civitate
487 3219 619 3285 Pothok
651 3219 815 3284 celebrata
840 3241 898 3302 per
923 3225 1065 3304 quatuor
1088 3220 1210 3285 iudices
1234 3219 1388 3285 nobilium
1409 3213 1443 3278 de

325 3325 476 3409 Zemplin
506 3327 713 3393 manifestum
738 3327 855 3392 fuisset
879 3328 1054 3412 evidenter,
1088 3329 1166 3411 quia
1190 3329 1224 3393 in
1259 3326 1445 3410 obligatione

326 3432 471 3516 predicte
490 3435 698 3518 possessionis
713 3436 777 3519 ipsi
792 3433 963 3502 Emericus
980 3443 1014 3500 et
1028 3435 1152 3502 Paulus
1179 3457 1251 3501 cum
1277 3431 1444 3501 Laurencio

331 3547 425 3624 patre
441 3542 584 3625 ipsorum
600 3549 633 3608 et
658 3542 783 3608 duobus
807 3542 965 3610 fratribus
991 3544 1177 3610 eorumdem
1200 3544 1292 3609 nullo
1317 3549 1447 3625 tempore

327 3649 518 3732 extitissent,
535 3657 655 3734 etpost
679 3651 741 3716 hoc
756 3653 869 3716 seriem
894 3634 998 3718 tocius
1015 3651 1178 3717 divisionis
1194 3650 1406 3717 restitucionis
1420 3651 1447 3709 et

328 3759 559 3841 assignacionis
575 3758 665 3824 vobis
681 3760 714 3823 in
731 3760 848 3826 nostris
863 3761 982 3825 litteris
1002 3759 1249 3826 rescriberemus
1260 3783 1267 3841 3
1280 3782 1338 3825 nos
1361 3759 1450 3841 igitur

329 3866 445 3931 vestris
455 3867 670 3950 peticionibus
687 3867 947 3952 obtemperantes
963 3873 1000 3933 ut
1015 3872 1165 3933 tenemur
1180 3889 1321 3934 unacum
1336 3865 1450 3952 prelato

332 3973 460 4038 homine
476 3981 581 4039 vestro
600 3981 632 4040 et
645 3976 802 4057 magistro
820 3975 960 4041 Nicolao
976 3973 1042 4040 filio
1058 3974 1157 4041 Pauli
1166 3976 1242 4040 bani
1261 3971 1451 4041 iudicenobi-

328 4082 408 4147 lium
425 4081 465 4146 de
482 4081 644 4168 Zemplim
661 4079 743 4169 (lgy)
760 4089 907 4150 nostrum
929 4085 1072 4149 misimus
1088 4084 1252 4149 hominem
1269 4085 1371 4148 virum
1394 4079 1452 4144 ido-

327 4213 422 4255 neum
453 4189 496 4255 ad
526 4192 683 4274 premissa
714 4191 910 4275 exequenda,
942 4194 997 4277 qui
1029 4191 1159 4257 demum
1190 4191 1233 4257 ad
1259 4213 1317 4257 nos
1341 4185 1450 4256 reversi

215 4323 219 4330 ⁴
328 4297 532 4364 concorditer
548 4299 740 4382 retulerunt,
756 4300 844 4382 quod
860 4299 942 4365 seria
952 4300 1093 4365 secunda
1102 4300 1251 4384 proxima
1261 4305 1335 4384 post
1345 4299 1451 4364 festum

333 4403 489 4470 Omnium
516 4404 711 4472 Sanctorum
737 4409 946 4474 accessissent
971 4408 1014 4473 ad
1038 4408 1155 4474 faeiem
1170 4408 1316 4492 predicte
1341 4427 1453 4491 posses·

329 4513 428 4577 sionis
444 4519 477 4578 et
494 4519 724 4581 convocassent
740 4516 861 4582 vicinos
877 4523 911 4583 et
927 4523 1165 4582 commetaneos
1181 4516 1326 4582 eiusdem
1353 4515 1454 4581 videli-
1527 4517 1528 4586 l

329 4624 380 4685 oet
403 4618 592 4687 Johannem
622 4621 724 4688 filium
757 4623 888 4689 Nicolai
920 4625 960 4689 de
992 4623 1091 4710 Oheb,
1121 4624 1262 4690 Paulum
1294 4622 1456 4689 officialem
1527 4587 1528 4640 l
