3152 5472
339 434 402 496 626
695 448 885 498 aaroosoar
902 439 1118 497 ornluvrrln,

332 608 393 676 bus
410 632 447 676 ac
461 610 642 695 specialiter
658 611 696 677 de
712 611 790 677 villa
806 611 875 678 Jad
891 663 898 678 .
914 663 921 677 .
938 613 1017 678 dicit
1026 613 1121 679 nobis
1130 613 1286 697 magister
1296 612 1321 678 J
1322 615 1448 680 ohannes

332 718 438 784 dictus
454 717 584 785 Hennel
608 719 695 785 filius
720 718 884 787 Johannis
908 719 968 786 filii
993 718 1134 806 Geubul‚
1159 721 1246 805 quod
1270 743 1326 788 vos
1350 728 1445 788 contra

331 828 582 914 quamplurimas
598 827 812 894 inhibiciones
828 849 901 893 suas
917 829 1134 895 mediantibus
1154 829 1259 897 literis
1278 831 1390 895 nostris
1406 831 1420 894 f
1433 869 1443 880 ·

331 939 399 1000 ctas
418 936 621 1002 ususfructus
649 943 681 1002 st
697 937 855 1003 utilitates
872 937 1037 1004 cuiusdam
1052 939 1263 1023 possessionis
1280 959 1335 1003 sue
1357 936 1445 1022 Epeo·

331 1043 435 1129 dorph
449 1048 560 1110 vocate
576 1065 615 1109 ac
631 1044 673 1110 ad
689 1045 821 1110 eandem
837 1047 1088 1130 pertinencium.
1105 1047 1442 1132 ‚percepissetissuper

331 1173 395 1236 quo
411 1151 561 1218 fidelitati
576 1159 682 1218 vestre
698 1205 705 1219 .
722 1204 729 1219 .
745 1152 936 1219 mandamus
951 1204 958 1220 .
975 1205 982 1220 .
1000 1159 1160 1238 quatenus
1176 1154 1216 1220 ab
1232 1176 1295 1220 usu
1319 1204 1348 1222 ..
1372 1153 1443 1220 dicte

329 1262 538 1344 possessionis
548 1261 740 1347 Ependorf.
757 1313 764 1328 .
781 1263 884 1328 eidem
895 1261 1041 1329 Johanni
1056 1286 1117 1348 pro
1128 1261 1338 1330 fidelitatibus
1353 1265 1411 1328 suis
1437 1312 1443 1328 .

330 1369 404 1436 date
425 1375 540 1438 contra
549 1371 651 1456 ipsius
661 1370 861 1438 voluntatem
872 1393 927 1438 vos
938 1371 1067 1438 omnino
1079 1374 1243 1438 continere
1255 1377 1287 1437 et
1296 1371 1449 1456 prohibere

336 1475 478 1544 debeatis
504 1483 537 1544 et
553 1480 579 1544 si
591 1501 672 1563 quas
681 1479 818 1545 iniurias
827 1480 878 1544 val
893 1478 1011 1545 damna
1026 1481 1060 1544 in
1077 1480 1167 1545 dicta
1182 1479 1447 1564 percepcionsuti·

336 1585 465 1652 litatum
476 1586 561 1652 dicte
577 1587 787 1671 possessionis
804 1587 906 1653 eidem
921 1587 946 1654 J
948 1587 1068 1653 ohanni
1077 1588 1268 1653 intulissetis
1287 1588 1349 1672 ipsi
1359 1587 1404 1651 rel
1440 1627 1449 1637 -

334 1691 409 1759 dere
425 1693 543 1760 damna
568 1694 680 1760 eadem
706 1701 738 1760 et
764 1693 1019 1761 satisfaccionem
1045 1695 1195 1760 exhibere
1221 1701 1254 1760 et
1284 1695 1450 1779 impendere

334 1801 488 1884 debeatis,
499 1807 531 1867 et
547 1803 634 1868 aliud
644 1803 728 1868 sicut
740 1807 884 1868 nostram
894 1803 1017 1886 regiam
1026 1803 1288 1888 indignacionem
1304 1804 1450 1868 incurrere

331 1909 513 1977 formidatis
539 1933 603 1977 non
619 1909 746 1995 facturi,
763 1917 911 1977 caventes
926 1933 966 1978 nc
983 1933 1080 1997 snper
1104 1911 1192 1978 facto
1218 1911 1330 1977 eodem
1355 1919 1451 1976 contra

331 2040 387 2084 vos
425 2040 483 2104 per
513 2020 619 2104 ipsum
645 2019 684 2084 dc
715 2024 822 2085 cetero
853 2022 1039 2106 porrigatur
1069 2021 1273 2104 querimonia
1303 2018 1447 2104 aliqualis.

329 2125 453 2192 Datum
473 2129 507 2194 in
516 2126 708 2214 Waradino,
719 2129 752 2192 in
763 2129 885 2194 octavis
895 2127 981 2194 beati
991 2127 1162 2194 Michaelis
1172 2127 1367 2212 archangeli,
1376 2148 1448 2193 anno

330 2235 452 2303 domini
467 2236 522 2304 Μ0
538 2235 639 2305 0000
654 2236 787 2304 XXX⁰
803 2239 952 2306 secundo.

436 2401 589 2468 Httlapjtn
612 2401 706 2467 peceat
718 2403 913 2466 toredtlveivel,
939 2419 956 2454 a
977 2403 1071 2468 peccet
1093 2405 1165 2454 elatt
1185 2403 1316 2452 osasvalr
1331 2400 1446 2453 olvashs·

327 2491 393 2543 tok:
407 2493 510 2544 relacio
522 2491 659 2558 woyuods
672 2493 801 2559 Thome;
826 2493 957 2558 credetije
979 2493 1161 2554 Bethlenben,
1183 2507 1201 2541 a
1222 2506 1263 2556 gr.
1286 2492 1401 2542 Bethlem
1417 2504 1440 2538 cs

326 2583 462 2636 lttrtban.
489 2581 586 2634 szli:
608 2581 696 2634 Szabb
710 2583 823 2648 Karoly.

816 2761 970 2774 ——n—-ae

860 2997 933 3060 535.

330 3162 425 3224 1332.
443 3161 603 3246 Pozeoay,
621 3173 692 3225 noo:
709 3162 737 3224 1.
751 3160 1076 3246 Pozsonyodrmepye
1093 3161 1265 3246 otiapa‘ojo
1280 3159 1448 3225 esbirdtdr·

325 3269 378 3334 sai
393 3270 421 3334 I.
438 3267 564 3354 Ko'roly
580 3269 760 3353 kirdlyaolc
772 3268 918 3354 jelcatila
934 3270 1017 3354 boqy
1027 3267 1148 3332 Petcad
1163 3265 1447 3353 delyadqdolqdbon

665 3401 686 3441 a
702 3376 893 3462 oizapa‘lotot
909 3375 1115 3460 teljssitcttdlc.

435 3585 442 3602 .
459 3587 466 3602 .
482 3535 609 3602 Karolo
627 3587 633 3602 .
650 3587 657 3601 .
673 3537 743 3620 regi
758 3536 910 3621 magister
925 3535 1015 3603 Foco
1030 3537 1206 3602 vicecomes
1216 3535 1341 3601 comitis
1357 3531 1448 3598 Poso

323 3645 443 3710 niensis
469 3651 501 3710 et
526 3650 666 3729 quatuor
690 3643 811 3710 iudices
830 3643 986 3710 nobilium
1003 3644 1042 3709 de
1058 3644 1193 3710 eodem.
1218 3693 1226 3710 .
1252 3645 1377 3710 litteras
1402 3661 1448 3704 ve·

324 3759 389 3818 stre
409 3753 608 3819 celsitudinis
623 3755 803 3837 recepimus
822 3754 857 3818 in
872 3753 960 3818 huno
975 3753 1123 3818 modum:
1148 3751 1219 3819 Nos
1244 3751 1388 3818 Karolns
1411 3798 1418 3814 .
1440 3797 1447 3812 .

322 3880 403 3927 rex.
420 3862 548 3926 .comiti
564 3862 743 3928 vicecomiti
759 3866 792 3926 ct
806 3860 966 3926 iudicibus
981 3862 1138 3927 nobilium
1155 3883 1215 3927 nec
1239 3882 1305 3928 non
1329 3859 1445 3925 univer·

323 3970 367 4034 sis
382 3967 545 4035 nobilibus
561 3970 594 4035 in
612 3970 768 4036 comitatu
783 3968 974 4035 Posonicnsi
991 3969 1176 4035 constitutis
1193 4021 1200 4035 .
1217 4021 1224 4036 .
1242 3992 1316 4035 oum
1330 3988 1387 4033 nos
1413 3985 1448 4028 er

321 4082 434 4144 tenore
449 4079 609 4162 privilegii
636 4077 795 4163 Stephani
819 4079 905 4162 regis
921 4079 955 4144 in
976 4083 1148 4164 conspecto
1173 4083 1285 4144 nostre
1310 4075 1447 4142 maimbo-

321 4187 364 4252 tis
379 4187 414 4251 in
429 4185 548 4252 iudicio
565 4187 676 4252 exibiti
693 4208 731 4253 co
748 4185 834 4270 quod
858 4193 960 4254 metas
992 4209 1048 4253 seu
1076 4187 1230 4252 terminos
1245 4183 1447 4270 possessionis

320 4291 447 4360 Petend
462 4297 626 4361 nominate
642 4295 676 4360 in
702 4295 858 4361 comitatu
872 4295 1204 4381 predictoeristentis
1229 4296 1334 4379 ipsum
1356 4291 1448 4378 privi-

321 4399 441 4484 legium
457 4425 521 4468 non
546 4401 730 4468 continebat
744 4404 779 4468 in
795 4424 893 4469 causa
909 4424 1004 4488 super
1020 4402 1106 4470 sacto
1123 4402 1267 4468 ciusdem
1282 4399 1446 4487 possessio

320 4510 370 4574 nis
386 4511 471 4576 inter
488 4511 655 4595 religiosas
665 4511 811 4577 dominas
828 4510 1087 4578 sanctimoniales
1103 4510 1142 4576 dc
1158 4509 1271 4576 Insula
1287 4509 1446 4596 Leporum

322 4637 361 4682 ex
374 4640 439 4684 una
464 4623 564 4706 parte,
581 4623 614 4686 et
639 4618 765 4686 nobiles
791 4621 847 4705 qui
874 4641 906 4686 se
932 4621 1033 4686 eciam
1058 4618 1097 4684 de
1113 4619 1314 4704 possessione
1345 4616 1445 4684 Peten
