3112 5466
306 439 371 501 248
483 456 486 467 “
655 451 842 498 ANJOUKOR1
860 439 1078 497 onulsrrln.

303 621 467 700 presentes
483 620 643 698 quatenus
659 615 798 680 mittatis
814 613 976 679 hominem
993 615 1135 679 vestrum
1150 612 1213 678 fide
1223 615 1354 698 dignum
1375 637 1425 698 pro

251 781 256 794 .
304 725 486 789 testimonio
512 745 623 788 coram
639 745 702 806 quo
719 723 918 788 Laurencius
943 720 1030 788 filius
1055 719 1210 790 Ambrosi
1236 724 1287 788 vel
1312 721 1426 788 Johan-

296 851 361 895 -nes
378 830 482 897 dictus
497 830 633 896 Kobzus
658 831 761 896 altero
777 831 910 897 absente
925 831 1022 896 homo
1042 838 1152 896 noster
1167 831 1272 896 sciant
1287 837 1319 896 et
1333 831 1426 913 inqui·

308 943 385 1006 rant
400 939 439 1004 de
464 939 627 1023 premissis
642 939 819 1022 veritatem,
844 944 877 1003 et
902 943 977 1022 post
1000 938 1059 1003 hec
1083 943 1182 1023 prout
1205 939 1324 1004 veritas
1348 939 1427 1004 robis

310 1048 491 1112 constiterit
507 1047 546 1112 de
562 1047 681 1112 eisdem
706 1047 799 1112 nobis
814 1046 954 1112 fideliter
969 1047 1163 1112 rescribatis.
1177 1046 1304 1112 Datum
1313 1047 1346 1110 in
1354 1043 1426 1111 Alto

307 1155 424 1222 Castro
440 1155 521 1221 feria
531 1162 650 1240 quarta
665 1157 813 1239 proxima
829 1161 904 1220 ants
919 1161 1050 1221 octavas
1065 1155 1152 1221 beati
1161 1153 1187 1219 J
1188 1155 1283 1222 aeobi
1292 1154 1427 1239 apostoli,

308 1285 394 1329 anno
410 1263 531 1330 domini
547 1263 600 1328 Μ0
616 1261 719 1331 00οθ
735 1261 827 1328 XX⁰
847 1269 947 1328 sexto.

415 1427 440 1476 A
453 1425 538 1477 budai
552 1427 741 1491 kalptalannalr
756 1430 834 1476 1326.
847 1440 910 1492 aug.
924 1427 1018 1476 4·iken
1032 1428 1091 1477 kelt
1100 1426 1290 1491 jelenteseblll,
1300 1429 1369 1491 moly
1378 1443 1425 1475 sze·

307 1515 366 1566 rint
378 1530 395 1564 a
408 1515 540 1580 ktptalau
553 1516 673 1566 Iaorincz
696 1515 860 1566 kanonokot
880 1515 991 1566 Kobzos
1013 1517 1099 1568 Janos
1118 1517 1219 1581 kirolyi
1241 1519 1333 1567 ember
1355 1517 1426 1566 melle

307 1605 468 1668 kikiildvtn,
481 1621 512 1656 az
526 1607 593 1657 ezek
605 1605 674 1655 altat
688 1605 833 1670 tsljesitett
845 1605 981 1670 vizsgtlst
999 1607 1109 1670 lolytan
1123 1623 1140 1656 a
1153 1621 1256 1670 panesa
1270 1607 1381 1656 raltnak
1393 1606 1426 1654 bi-

308 1692 444 1759 zonyiilt3
461 1695 625 1760 akaptalan
645 1694 835 1760 jelenteatnek
857 1695 988 1760 eredetije
1010 1707 1128 1760 megvau
1150 1711 1182 1746 az
1205 1711 1274 1746 orsz.
1297 1699 1325 1746 lt.
1339 1696 1425 1746 lineet.

310 1793 377 1840 oszt.
390 1789 466 1840 Mon.
477 1789 539 1839 Pos.
555 1792 597 1839 62.
612 1793 636 1840 2.
650 1788 716 1854 ulpl.
732 1790 763 1838 lt.
779 1792 858 1839 2370.
871 1789 970 1840 Kozli:
989 1789 1093 1840 Vinoze
1106 1789 1207 1839 Gabor.

313 2401 408 2462 1326.
425 2421 498 2482 erup.
518 2401 545 2462 1.
563 2397 593 2462 A
609 2399 738 2482 apitrai
752 2397 912 2482 triptotam
938 2399 1010 2463 clo'tt
1029 2399 1114 2484 Zopy
1130 2399 1269 2482 Bokenfi
1283 2399 1384 2466 Jotol
1397 2401 1425 2462 is
1539 2459 1540 2468 ,

301 2505 355 2589 fio
370 2507 485 2588 Jo'aos,
502 2507 634 2572 Zomolo
650 2509 682 2571 e's
699 2506 944 2594 Heppfolutolek
968 2517 1050 2572 acolt
1067 2507 1267 2573 birtokca'kot
1283 2508 1361 2592 ery
1375 2507 1424 2570 Pc'·

615 2615 686 2699 iapi
701 2615 874 2681 thaooaolr
891 2615 1141 2701 clariloposttja‘lr.

419 2771 453 2839 N
454 2796 489 2839 os
505 2775 683 2859 capitulum
699 2775 829 2839 ecclesie
851 2772 1026 2840 Nitriensis
1043 2825 1050 2841 .
1066 2827 1073 2841 .
1090 2774 1307 2859 significamus
1322 2825 1329 2842 .
1345 2825 1351 2841 .
1367 2777 1425 2840 uni·
1538 2837 1539 2852 ἦ

312 2885 421 2968 versis,
447 2883 534 2966 quod
558 2885 619 2950 viri
643 2883 767 2950 nobiles
791 2885 947 2966 magister
977 2882 1003 2948 J
1005 2885 1147 2949 ohannes
1176 2884 1264 2951 filius
1287 2885 1373 2950 Petri
1394 2883 1426 2947 de

311 2989 400 3076 Zegy
416 2991 457 3058 ab
473 3015 538 3057 uua
553 2998 647 3077 parte
674 2998 706 3058 et
723 3015 827 3059 comes
843 2992 989 3059 Jacobus
1015 2991 1100 3058 filius
1125 2993 1242 3058 Buken
1267 2993 1307 3058 de
1331 2992 1426 3058 eaden

313 3122 352 3166 ac
367 3097 392 3164 J
394 3099 536 3165 ohannes
551 3098 637 3166 filius
654 3100 797 3166 eiusdem
813 3122 852 3166 ex
877 3101 982 3166 altera
997 3121 1106 3166 coram
1122 3101 1216 3166 nobis
1232 3101 1428 3186 personaliter

312 3205 481 3273 constituti
505 3207 591 3272 idem
608 3229 712 3273 comes
728 3206 754 3273 J
755 3207 875 3272 acobus
890 3207 1021 3272 retulit.
1038 3256 1045 3272 .
1062 3207 1149 3290 quod
1164 3215 1298 3292 propter
1312 3208 1428 3272 nimiam
1537 3293 1538 3296 Ἴ

312 3315 414 3400 ipsius
429 3315 645 3398 indigenciam
669 3337 765 3400 quam
781 3317 815 3381 in
832 3313 1055 3380 satisfaccione
1080 3314 1164 3380 dotis
1181 3323 1213 3380 et
1228 3337 1334 3381 rerum
1348 3337 1428 3400 para·
1537 3305 1538 3310 ἵ

314 3424 489 3490 farnalium
504 3423 570 3488 filie
580 3423 710 3489 Nicolai
720 3423 780 3489 filii
790 3424 893 3490 Berzo
911 3446 950 3489 ex
965 3431 1060 3509 parte
1069 3425 1277 3509 possessionis
1288 3423 1429 3509 Stephani

313 3532 478 3615 quondam
494 3532 604 3598 fratris
620 3535 670 3599 sui
686 3533 791 3599 facere
817 3533 955 3599 debebat
979 3535 1165 3617 necessarie,
1190 3534 1346 3618 quasdam
1369 3554 1430 3617 pos·

314 3641 470 3705 sessiones
486 3662 542 3706 seu
558 3647 661 3706 terras
677 3663 752 3708 suas
778 3663 876 3707 unam
891 3641 1041 3706 videlicet
1056 3639 1193 3707 Zomola
1208 3648 1353 3707 vocatam
1368 3662 1429 3705 oum

311 3745 439 3812 duabus
455 3748 543 3813 silvis
559 3735 709 3814 videlicet
733 3771 798 3814 una
822 3747 1051 3833 Warouberky
1076 3755 1109 3813 et
1132 3749 1199 3814 alia
1224 3747 1431 3814 Dedacherdei
1536 3759 1537 3806 l

314 3855 437 3919 vocatis
452 3876 555 3939 usque
570 3857 654 3922 viam
672 3860 906 3923 sconart-ardoni
921 3863 1069 3922 vocatam
1086 3863 1209 3941 aparte
1219 3879 1293 3922 vero
1303 3855 1432 3922 inferiori

317 3983 419 4046 usque
434 3969 536 4028 metas
557 3967 729 4050 fortassee
754 3986 774 4029 a
799 3969 891 4048 parte
916 3971 1024 4029 autem
1049 3965 1199 4029 orientali
1225 3985 1327 4048 usque
1342 3967 1430 4027 metas

314 4073 549 4137 amterlmlatou
565 4071 669 4137 dictes
686 4078 718 4136 et
733 4070 852 4136 abhinc
876 4091 978 4156 usque
993 4076 1096 4137 metas
1121 4073 1330 4155 possessionis
1345 4065 1430 4149 mogi·

313 4179 373 4244 stri
389 4176 535 4262 Zobona‚
551 4181 628 4244 item
654 4180 752 4244 aliam
776 4185 897 4244 terram
923 4177 1178 4264 Hygfaluteleke
1202 4187 1346 4244 vocatam
1368 4193 1429 4240 cum

313 4286 380 4351 suis
395 4286 592 4354 utilitatibus
608 4295 640 4352 et
655 4287 749 4352 metis
776 4287 918 4370 antiquis
943 4292 1041 4370 prout
1065 4287 1153 4370 ipsas
1181 4293 1284 4353 terras
1300 4287 1428 4370 presente

313 4397 424 4458 nostro
441 4395 624 4460 testimonio
640 4394 760 4460 adhoc
785 4393 940 4477 deputato
965 4392 1206 4459 reambularent
1230 4390 1428 4478 presentibus·

315 4523 377 4584 qne
393 4503 657 4584 generacionibus
673 4503 827 4588 proximis
844 4509 876 4567 et
892 4503 1118 4568 commetaneis
1137 4503 1203 4568 suis
1228 4509 1260 4568 et
1286 4497 1429 4568 consenci-
1534 4509 1535 4528 ¹

316 4606 444 4674 entibus
461 4607 562 4672 eidem
579 4610 733 4692 magistro
750 4609 775 4674 J
777 4609 896 4674 ohanni
913 4631 972 4692 pro
989 4607 1098 4674 decem
1109 4609 1226 4674 marcis
1242 4609 1430 4674 denariorum
