3130 5470
600 435 694 504 1329.
713 459 787 504 ann.
808 444 837 504 8.
1218 446 1279 508 391

257 613 391 666 zdrlatan
412 612 461 665 1161
491 617 585 680 peccet
606 623 783 686 nyomaiva13
806 621 936 688 eredetiJ'e
954 637 987 672 az
1006 637 1075 673 orsz.
1100 623 1155 675 ltdr
1180 624 1280 677 kinost.

149 707 217 754 oszt.
230 703 264 756 N.
277 705 311 759 R.
325 705 358 758 A.
376 710 452 759 1198.
468 711 510 760 13.
523 709 589 775 dipl.
603 712 674 764 lter:
696 715 775 764 2530.
788 713 869 766 Kdzli
880 729 887 764 :
900 713 1003 764 Vinoze
1016 711 1118 768 senor.

635 909 792 924 νῆ’-’ῃ

148 1303 245 1370 1329.
269 1305 438 1392 Viseqrdd,
454 1331 526 1393 apr.
543 1308 573 1371 8.
589 1309 654 1374 Pu'l
679 1309 865 1396 orsza'gbiro
879 1335 917 1377 oz
943 1309 1094 1396 Elefdnti
1117 1310 1221 1376 Dezsd
1247 1313 1281 1378 e‘s

259 1413 347 1498 Edsy
363 1415 495 1501 Ma'tpda
510 1416 1034 1504 1616111Ῑ11616696111616166661
1050 1419 1185 1484 61161161.

257 1591 328 1658 Nos
345 1614 451 1660 comes
466 1591 592 1660 Paulus
608 1595 706 1660 index
722 1596 811 1662 curie
827 1596 949 1663 domini
964 1597 1052 1681 regis
1068 1646 1075 1662 .
1092 1645 1099 1661 .
1117 1587 1290 1680 significa-¹

150 1721 221 1766 mus
238 1750 246 1764 .
262 1749 270 1764 .
286 1702 443 1766 universis
469 1701 556 1785 qnod
573 1723 645 1768 cum
660 1703 709 1768 vir
725 1702 916 1786 magnificus
932 1705 1087 1787 magister
1110 1702 1222 1770 Doseu
1239 1704 1279 1770 de

149 1808 309 1874 Elefanth
325 1809 522 1875 castellanus
538 1809 578 1876 (16
594 1809 761 1877 Seboswar
776 1812 809 1876 in
826 1832 863 1878 eo
889 1817 927 1877 ut
942 1809 1090 1878 Mathias
1106 1807 1193 1878 filius
1208 1808 1287 1880 An?

150 1917 227 1983 dree
243 1918 284 1983 (16
300 1917 396 2003 Ewsy
420 1919 454 1984 in
470 1919 634 1985 dominica
650 1918 732 1986 Esto
749 1919 827 1985 mibi
855 1942 940 1987 anno
957 1919 1116 1986 dominice
1131 1921 1282 1988 incarna-

150 2027 252 2092 cionis
268 2026 323 2091 M⁰
339 2023 441 2093 000⁰
455 2025 548 2091 XX⁰
564 2033 685 2105 octavo
694 2029 853 2113 preterita
862 2028 905 2095 ad
921 2027 1112 2094 descensum
1127 2028 1232 2095 Poteu
1243 2030 1283 2095 de

149 2132 290 2200 walns
305 2134 480 2202 Laurencii
506 2137 547 2201 (16
571 2132 687 2203 Ahton
712 2143 745 2202 61
770 2135 935 2202 Dominici
961 2135 1002 2202 (16
1027 2135 1194 2222 Zalauygh
1211 2159 1282 2220 ser·¹

149 2244 309 2309 riencium
336 2266 468 2310 suorum
494 2245 723 2328 potencialiter
746 2244 896 2311 manibus
921 2245 1057 2310 armatis
1081 2244 1208 2310 veniret
1239 2266 1278 2310 ac

152 2357 282 2416 centum
300 2374 427 2418 marcas
459 2359 662 2438 promtornm
678 2353 887 2420 denariorum
902 2375 1033 2419 suorum
1049 2353 1127 2436 ipsis
1144 2354 1295 2419 serviem·

151 2461 239 2526 tibus
256 2462 321 2526 suis
336 2459 518 2527 interfectis
534 2461 575 2526 ab
592 2461 712 2528 eisdem
727 2462 902 2528 abstulerit
918 2483 1056 2546 quornm
1072 2459 1282 2529 homicidium

152 2575 185 2635 61
200 2577 338 2636 mortem
354 2593 388 2636 66
404 2573 578 2655 acquirere
588 2572 746 2638 nouvelle
761 2577 908 2656 tempore
919 2591 976 2636 sue
986 2569 1219 2655 proposicionis
1236 2568 1286 2656 alf

151 2679 281 2764 legarat
296 2681 359 2746 nisi
375 2680 527 2746 damnum
554 2687 587 2747 et
601 2681 754 2746 iniuriam
771 2681 833 2746 sibi
858 2681 1039 2765 irrogatam
1056 2699 1089 2744 se
1105 2677 1281 2764 acquisitu·
1297 2681 1299 2692 ’

152 2811 224 2854 rum
240 2786 423 2855 affirmarat
438 2795 538 2874 prout
552 2791 587 2856 in
603 2791 685 2856 serie
701 2789 886 2856 litterarum
900 2793 1086 2854 nostrarum
1118 2785 1284 2854 adiudica-

155 2899 279 2964 cionem
295 2899 523 2965 testimonialia
539 2900 765 2983 productionis
790 2920 888 2984 snper
903 2899 980 2983 ipsis
1006 2897 1131 2964 damnis
1157 2895 1285 2962 iniuriis

158 3005 378 3073 confectarum
395 3009 633 3074 continenciam
657 3005 797 3074 lucidius
814 3011 849 3072 et
865 3005 1045 3090 expressius
1060 3003 1211 3088 babetur,
1227 3025 1285 3090 pu·
1302 3001 1304 3008 '

158 3115 255 3199 gilem
270 3137 488 3202 congressum,
504 3116 652 3202 prefatus
677 3121 786 3182 autem
810 3113 959 3180 Mathias
985 3110 1073 3177 filius
1098 3107 1214 3178 Andre
1245 3111 1286 3177 de

157 3221 253 3308 Eusy
269 3225 303 3289 in
320 3245 357 3290 6ο
373 3226 459 3290 utin
476 3224 652 3309 potenciali
668 3223 838 3289 oblacione
864 3218 1026 3287 dictarum
1052 3224 1184 3286 centum
1199 3239 1282 3286 mar·

159 3353 269 3398 carum
286 3355 325 3400 ac
342 3356 440 3420 super
465 3334 592 3400 iniuriis
609 3331 671 3398 sibi
686 3331 840 3416 irrogatis
864 3329 1018 3408 innocens
1044 3329 1164 3394 existat
1179 3333 1212 3394 et
1227 3328 1285 3393 im·

157 3441 271 3524 munis,
287 3443 432 3527 pugilem
446 3443 688 3524 incongressum
722 3457 802 3523 quos
817 3437 966 3504 meliores
984 3440 1016 3502 et
1031 3435 1185 3520 agiliores
1200 3436 1287 3501 inve-

159 3550 227 3614 nire
243 3545 427 3634 potuissent
457 3550 540 3616 feria
556 3550 671 3635 quinta
686 3547 834 3634 proxima
850 3549 924 3630 post
950 3544 1143 3610 dominicam
1166 3543 1296 3632 Letare

159 3659 192 3723 in
209 3665 383 3745 conspectu
399 3659 487 3743 regie
502 3657 682 3723 maiestatis
708 3675 804 3740 super
821 3653 911 3738 equis
928 3657 961 3718 61
975 3652 1010 3717 16
1026 3651 1124 3716 armis
1140 3649 1289 3716 militari·

160 3767 219 3833 bns
234 3774 436 3854 pugnaturos
448 3772 598 3832 statuere
614 3764 808 3844 debuissent,
825 3760 959 3827 tandem
974 3759 1123 3844 utrisque
1138 3759 1288 3844 partibus

162 3899 272 3944 eorum
287 3877 455 3962 pugilibus
471 3876 570 3942 armis
585 3874 712 3940 bellicis
728 3869 903 3937 muniendo
920 3873 953 3934 61
968 3867 1128 3934 bellorum
1143 3889 1289 3934 necessa-

161 3989 217 4053 n'is
232 3987 398 4052 vestiendo
414 3988 449 4052 in
460 4006 536 4050 area
547 3983 732 4056 certaminis
741 3987 779 4046 ut
790 3978 953 4045 debebant
963 3976 1096 4043 statutis
1112 3981 1290 4060 antequam

161 4100 289 4184 pugiles
304 4097 452 4183 parcium
469 4094 633 4160 hostiliter
650 4095 762 4157 contra
788 4088 925 4153 invicem
951 4107 984 4150 66
1010 4085 1220 4150 dimicaturos
1236 4105 1292 4168 op·

163 4207 344 4290 posuissent
359 4203 504 4288 predicte
519 4206 630 4288 partes
646 4197 898 4265 cordavolentcs
915 4193 1088 4261 conciliare
1099 4190 1294 4258 conturbata

162 4315 317 4398 pacisque
333 4313 501 4378 relatrices
517 4309 589 4375 fieri
606 4309 773 4393 cupientes
789 4310 828 4370 ut
844 4303 947 4370 omnis
962 4301 1111 4367 rancoris
1126 4303 1160 4365 61
1174 4297 1294 4364 invidie

163 4422 263 4492 fomes
279 4420 479 4508 usquemodo
495 4420 581 4484 inter
597 4438 631 4482 66
646 4414 761 4480 habita
776 4409 941 4476 radicibus
957 4408 1077 4475 evulsis
1092 4406 1241 4491 sopiatur
1257 4409 1308 4469 61

164 4537 276 4598 eterno
292 4530 384 4615 pacis
399 4528 510 4594 favore
525 4525 627 4592 veluti
642 4523 731 4609 pacis
748 4520 890 4586 calnmni
914 4518 1047 4608 valeant
1062 4513 1227 4598 gratulari
1243 4535 1295 4580 66-

164 4660 222 4725 per
236 4637 395 4724 predictis
420 4635 547 4704 damnis
563 4638 693 4699 centum
709 4649 893 4695 marcarum
918 4628 1121 4710 promtornm
1148 4620 1295 4688 denario·
