3240 5460
334 441 377 526 10
689 454 877 504 aurocrosr
893 444 1109 505 omissum.

332 623 402 686 tam
427 640 466 685 ex
489 621 644 704 precepto
669 617 791 686 domini
814 619 919 685 nostri
942 619 1029 702 rogis
1045 639 1144 702 quam
1168 618 1270 685 eciam
1296 639 1336 684 ex
1351 615 1464 684 debito

331 727 470 793 nominis
487 733 520 794 et
535 728 667 794 honoris
683 727 787 792 nostri
803 726 843 792 de
858 725 1037 810 tranquillo
1056 733 1089 792 et
1104 725 1239 811 pacifico
1255 730 1345 793 statu
1360 726 1464 810 partis

333 834 563 902 Transsilvane
579 837 752 920 invigilare
768 837 944 920 cupientes,
962 856 1001 900 ex
1018 835 1152 901 consilio
1168 834 1343 901 venerandi
1359 835 1463 919 patris

332 945 453 1010 domini
469 942 603 1010 Andros
620 944 672 1010 dei
697 949 730 1010 et
756 945 932 1029 apostolice
957 944 1042 1010 sedis
1058 943 1168 1029 gracia
1184 944 1327 1028 episcopi
1343 942 1464 1010 Trans·

329 1053 445 1118 silvani
461 1059 495 1118 et
510 1053 646 1138 capituli
662 1053 729 1119 loci
745 1053 895 1137 eiusdem,
906 1052 1056 1136 magistri
1073 1049 1214 1118 Simonis
1231 1052 1357 1117 comitis
1373 1049 1463 1119 Sicu·

329 1164 437 1228 lorum
452 1162 566 1230 fratris
581 1163 686 1228 nostri
703 1166 737 1228 et
760 1161 918 1228 nobilium
934 1161 1040 1228 tocius
1055 1162 1160 1246 partis
1176 1161 1404 1227 Transsilvane
1421 1161 1462 1227 de

329 1276 454 1354 septem
470 1271 677 1337 comitatibus
694 1269 878 1338 Siculorum
894 1271 1019 1354 pariter
1036 1275 1069 1335 et
1087 1267 1253 1336 Saxonum
1269 1270 1411 1336 consiliis
1428 1273 1463 1336 et

329 1360 530 1446 erasionibus
545 1382 732 1464 interiectis,
743 1403 827 1446 anno
839 1380 960 1446 domini
970 1380 1024 1446 Μ0
1040 1377 1141 1448 0000
1150 1380 1300 1446 vicesimo
1312 1380 1462 1465 secundo,

327 1490 363 1554 in
379 1490 501 1555 octavis
517 1489 631 1572 Pasce,
647 1491 681 1554 in
697 1491 769 1556 loco
786 1487 949 1556 Kereztus
974 1493 1087 1555 vocato
1105 1489 1392 1573 congregacionem
1408 1510 1461 1573 ge·

328 1599 473 1664 noralem
488 1597 722 1682 habuissemus,
733 1619 805 1664 cum
822 1597 943 1664 eisdem
952 1597 1116 1664 nobilibus
1132 1603 1164 1663 et
1180 1598 1252 1664 aliis
1268 1598 1345 1664 viris
1362 1598 1461 1664 eccle-

329 1707 468 1773 siasticis
494 1711 526 1772 et
551 1706 750 1772 secularibus
766 1707 948 1790 prenotatis
964 1727 1094 1772 oausam
1118 1707 1266 1790 parcium
1282 1728 1391 1773 coram
1405 1727 1461 1772 no·
1486 1757 1491 1770 .

327 1814 378 1880 bis
394 1819 541 1880 exortam
556 1835 596 1879 ex
620 1815 765 1899 ipsorum
782 1813 1018 1879 deliberacione
1037 1833 1094 1878 seu
1110 1812 1244 1878 consilio
1261 1811 1460 1879 decrevimus

328 1921 561 2005 determinare;
588 1923 645 2007 qui
670 1944 744 1987 cum
758 1923 792 1986 in
818 1923 931 1988 eadem
947 1923 1202 2006 congregacione
1220 1926 1334 1988 nostra
1350 1943 1460 1988 coram

327 2031 421 2098 nobis
437 2035 470 2097 et
494 2029 656 2097 iudicibus
681 2029 840 2096 nobilium
856 2052 894 2096 ao
914 2029 986 2096 aliis
1002 2029 1166 2096 nobilibus
1183 2031 1410 2096 ecclesiasticis
1427 2033 1461 2096 et

328 2139 528 2206 secularibus
552 2139 630 2204 viris
655 2139 690 2206 in
705 2139 776 2222 ipsa
801 2139 1055 2224 congregacione
1075 2137 1243 2204 nobiscum
1259 2139 1460 2204 consedenti·

326 2247 388 2313 bus
403 2248 533 2313 litteras
548 2267 623 2312 suas
639 2247 753 2330 quovis
768 2251 914 2332 tempore
934 2252 1101 2314 emanatas
1117 2269 1174 2312 seu
1190 2268 1301 2312 coram
1317 2269 1459 2332 quocun·

327 2377 391 2440 que
407 2355 513 2422 iudice
523 2360 638 2422 contra
648 2356 785 2421 invicem
796 2355 1024 2440 exhibuissent,
1045 2356 1244 2440 empcionem
1260 2377 1358 2440 quam
1374 2355 1459 2424 idem

326 2464 447 2531 Petrus
462 2463 549 2530 filius
565 2463 707 2550 Henneg
723 2489 743 2532 a
758 2465 923 2550 Ladynlao
940 2463 1007 2531 filio
1028 2463 1127 2532 Seras
1143 2465 1178 2530 in
1192 2464 1347 2548 predictis
1363 2464 1459 2530 terris

325 2573 428 2659 Mohy
444 2580 478 2640 et
493 2572 710 2640 Sarustheluk
725 2573 811 2658 iecit,
828 2596 849 2640 a
865 2579 1010 2658 tempore
1029 2573 1168 2657 triginta
1183 2573 1283 2638 trium
1299 2593 1458 2640 annorum

326 2705 429 2767 usque
445 2683 540 2748 modo
560 2670 661 2768 'plene
687 2688 948 2768 computatorum
974 2682 1125 2748 stabilem
1140 2682 1320 2765 legitimam
1336 2686 1369 2747 et
1385 2703 1459 2748 con·

327 2792 460 2874 dignam
484 2790 623 2875 predicti
646 2790 769 2857 iudices
795 2797 829 2856 ct
844 2791 969 2858 nobiles
994 2793 1086 2874 regni
1111 2795 1144 2856 et
1162 2812 1221 2856 nos
1240 2812 1312 2855 cum
1339 2789 1460 2856 eisdem

329 2900 551 2984 decreverunt,
568 2920 605 2964 eo
620 2900 767 2984 maxime,
785 2899 872 2983 quod
886 2899 972 2965 infra
986 2899 1149 2984 predictos
1166 2921 1266 2965 annos
1292 2898 1384 2964 idem
1398 2895 1460 2962 filii

326 3008 474 3074 Ladislai
488 3008 612 3074 nullam
628 3009 774 3073 litteram
792 3009 1042 3093 protestacionis
1061 3010 1112 3074 vel
1128 3005 1360 3093 prohibicionis
1376 3007 1457 3090 lagi-

327 3117 406 3182 time
431 3121 614 3182 emanatam
637 3119 744 3201 'super
774 3117 960 3182 vendicione
985 3117 1036 3182 vel
1070 3118 1211 3182 cmcione
1236 3117 1460 3202 predictarum

328 3231 491 3290 terrarum
516 3230 694 3309 potuerunt
718 3222 811 3291 nobis
837 3225 997 3310 exhibere,
1023 3227 1105 3292 alias
1121 3231 1230 3290 tamen
1246 3226 1374 3290 litteras
1389 3246 1460 3309 pre

328 3334 410 3400 dicti
424 3333 483 3399 filii
507 3333 655 3400 Ladislai
681 3356 778 3419 super
804 3334 909 3400 causis
933 3334 1039 3400 medio
1064 3339 1210 3420 tempore
1231 3335 1317 3399 inter
1336 3355 1390 3399 eos
1406 3354 1460 3398 ex-

328 3444 408 3509 ortis
424 3446 655 3527 presentarunt
681 3464 744 3527 que
774 3443 895 3508 valoris
919 3443 1036 3509 modici
1053 3445 1085 3508 et
1101 3443 1219 3528 rigoris
1237 3443 1387 3508 exhausti
1402 3465 1460 3509 no-

327 3550 377 3616 bis
394 3549 541 3615 omnibus
552 3555 667 3616 contra
676 3549 814 3617 formam
823 3552 1008 3617 litterarum
1018 3551 1119 3635 ipsius
1135 3549 1263 3616 Mathis
1278 3556 1459 3636 patuerunt

327 3659 413 3724 circa
429 3659 517 3743 quod
532 3659 630 3724 iidem
645 3659 767 3725 iudices
784 3666 817 3726 et
826 3660 950 3726 nobiles
960 3660 1052 3744 regni
1067 3660 1102 3724 in
1117 3660 1188 3744 ipsa
1205 3660 1459 3744 congregacione

327 3767 538 3835 consedentes
554 3767 594 3832 de
610 3769 778 3834 commisso
794 3769 928 3854 negocio
944 3790 1003 3854 per
1020 3789 1080 3834 nos
1097 3769 1217 3836 eisdem
1232 3769 1384 3854 imposito
1399 3769 1458 3835 ha·

325 3877 396 3942 hita
421 3875 658 3943 deliberacione
682 3883 811 3943 matura
834 3879 920 3944 inter
945 3899 979 3943 se
1004 3877 1215 3944 decreverunt
1240 3884 1273 3943 et
1300 3879 1457 3964 prolege

326 3989 521 4069 statuerunt,
547 3985 635 4070 quod
658 3985 756 4051 iidem
772 3985 919 4052 Mathias
945 3991 978 4052 et
993 3984 1019 4051 J
1021 3987 1140 4052 acobus
1164 3985 1267 4052 frater
1286 3988 1354 4052 eius
1369 3988 1459 4072 ipsas

326 4099 431 4160 terras
456 4091 552 4158 Mohi
577 4099 610 4159 et
634 4091 841 4161 Sarusteleck
865 4099 1003 4177 vocatas,
1029 4118 1111 4179 quas
1127 4100 1222 4180 pater
1236 4097 1379 4180 ipsorum
1394 4096 1458 4162 Pe-

325 4207 397 4266 trus
412 4201 563 4267 videlicet
578 4199 664 4266 filius
674 4199 838 4287 Henneng
854 4205 1062 4290 comparavit,
1071 4204 1258 4289 possideant
1272 4203 1407 4289 pacifice
1424 4212 1459 4272 et

324 4309 586 4375 inrevocabiliter
616 4311 650 4374 in
682 4307 767 4376 filios
791 4309 934 4378 filiorum
958 4313 1051 4378 iuxta
1076 4312 1311 4378 continenciam
1330 4314 1458 4380 littera·

325 4437 398 4481 rum
415 4435 546 4483 suarum
562 4439 658 4503 super
672 4419 750 4502 ipsis
776 4421 874 4485 terris
891 4419 1128 4504 confectarum
1144 4442 1203 4485 nos
1220 4421 1321 4486 eciam
1338 4419 1458 4488 diffini-

326 4525 433 4590 ciones
448 4545 506 4590 seu
530 4525 818 4592 determinaciones
842 4527 1064 4611 predictorum
1087 4527 1230 4595 iudicum
1248 4533 1281 4594 ot
1295 4529 1457 4596 nobilium

325 4633 417 4719 regui
442 4653 539 4720 super
562 4634 641 4718 ipsis
666 4635 762 4702 terris
793 4635 879 4701 inter
903 4641 1013 4722 partes
1046 4634 1151 4704 factas
1178 4637 1397 4725 approbantes
1423 4643 1457 4708 et
