3132 5470
615 475 709 536 1328.
1165 476 1228 540 381

87 647 229 736 Gyopol
246 651 347 717 fuerit
363 658 395 716 et
410 650 577 735 predictus
602 651 728 717 Paulus
744 702 751 717 .
768 701 774 716 .
790 657 911 736 prout.
929 701 936 717 .
952 652 1065 719 Blasio
1082 703 1088 718 .
1106 703 1113 719 .
1130 655 1177 719 sic
1193 661 1234 718 et¹

88 757 153 822 sibi
172 760 208 825 in
226 762 376 844 proxima
390 759 477 826 linea
493 760 716 843 generacionis
732 759 904 824 attinuerit
919 761 953 824 in
970 761 1116 845 capitulo
1127 759 1231 846 Agri-

92 869 164 932 ensi
182 875 319 934 octavas
335 868 423 934 beati
439 865 576 952 Georgii
591 868 736 932 martiris
752 890 811 952 pro
828 869 966 934 termino
982 871 1179 954 assignasset
1195 877 1228 935 et

89 978 215 1041 seriem
246 978 350 1062 ipsius
374 976 601 1041 testimonialia
626 976 898 1060 productionis..
917 984 1032 1044 octavo
1050 979 1101 1044 die
1119 1029 1127 1044 .
1143 1029 1150 1044 .
1167 980 1229 1045 sibi

88 1086 259 1168 reportari
273 1087 472 1169 precepisset
489 1091 522 1150 et
538 1106 635 1169 super
652 1084 807 1169 predictis
833 1080 906 1151 aliis
922 1087 1178 1170 possessionibus
1194 1138 1201 1153 .
1219 1138 1226 1154 .

88 1192 244 1275 predicto
273 1193 433 1258 Blasio..
451 1214 509 1258 sua
534 1194 750 1258 instrumenta
776 1192 927 1258 exhibere
952 1245 983 1260 ..
1011 1197 1229 1281 commisisset

91 1299 229 1366 demum
244 1303 383 1366 termino
408 1307 600 1366 occurrente
626 1302 703 1385 quia
727 1301 813 1366 idem
839 1323 944 1367 comes
969 1299 1159 1370 Alexander
1175 1327 1228 1370 vo·

92 1415 191 1474 cante
209 1409 273 1475 deo
291 1410 352 1474 oeli
367 1409 436 1474 litis
451 1409 644 1475 intermedio
661 1408 806 1476 debitum
833 1411 1021 1476 exsolvisset
1037 1412 1140 1476 omnis
1158 1434 1227 1478 oar-

91 1517 143 1579 nis
159 1517 401 1601 salvatorisque
418 1517 598 1582 clemencia
614 1517 663 1581 sui
684 1517 820 1583 -honoris
837 1518 977 1583 culmine
993 1524 1139 1584 nostram
1154 1542 1227 1604 per·

93 1645 212 1690 sonam
245 1623 453 1690 sublimasset
484 1631 620 1710 utreque
651 1631 761 1710 partes
793 1625 836 1692 ad
860 1632 1003 1694 nostram
1020 1629 1160 1712 propriis
1192 1631 1226 1694 in

90 1734 244 1815 personis
261 1733 443 1799 accedendo
459 1734 660 1818 presenciam
676 1735 803 1800 litteras
819 1735 919 1820 ipsius
936 1736 1072 1820 capituli
1087 1734 1227 1821 Agrian-

95 1843 139 1905 sis
156 1848 405 1927 presentassent
420 1845 455 1908 in
471 1865 609 1926 quarum
625 1843 793 1910 tenoribus
818 1845 892 1928 ipsa
908 1844 1137 1910 testimonialia
1153 1867 1226 1930 pro·

91 1949 210 2016 ducoio
238 1952 332 2017 iuxta
363 1950 638 2018 adiudioacionem
668 1953 770 2036 ipsius
802 1953 928 2018 comitis
959 1951 1141 2018 Alexandri
1171 1975 1228 2037 per

91 2059 218 2125 vicinos
246 2065 280 2124 et
306 2065 542 2126 commetaneos
568 2059 653 2125 dicte
678 2061 887 2144 possessionis
911 2059 1063 2127 Bakoleh
1089 2067 1123 2126 et
1146 2061 1228 2128 alios

91 2168 385 2251 comprovinciales
401 2165 528 2233 nobiles
545 2166 710 2234 evidenter
727 2169 939 2254 comprobata
971 2168 1071 2234 luisse
1095 2191 1154 2254 per
1170 2191 1228 2236 nos

90 2282 230 2360 reperta
248 2277 423 2342 extiterat.
441 2325 449 2341 .
466 2279 499 2340 et
513 2275 590 2341 lieet
606 2277 750 2360 ipsarum
765 2278 950 2344 litterarum
967 2277 1226 2345 exhibicionibus

92 2381 191 2449 factis
208 2383 296 2449 idem
312 2384 445 2450 Blasius
470 2381 556 2448 filius
581 2381 753 2450 Michaelis
779 2385 822 2450 ad
847 2386 1082 2452 exhibicionem
1095 2407 1227 2476 suorum

89 2491 384 2558 instrumentorum
399 2511 497 2577 super
514 2491 609 2557 dictis
619 2493 873 2576 possessionibus
894 2492 1228 2560 KurthuelusArach

90 2597 218 2665 Morus
235 2606 269 2665 et
284 2598 374 2687 Synlr
389 2600 512 2666 vocatis
523 2600 743 2666 confectorum
759 2651 766 2667 .
783 2651 790 2668 .
807 2623 841 2668 se
856 2607 1043 2686 promptum
1053 2601 1146 2668 nobis
1156 2603 1227 2668 red-

90 2707 233 2774 didisset
249 2714 359 2774 tamen
383 2709 460 2794 quia
475 2709 510 2773 in
526 2708 612 2774 dicte
627 2711 839 2795 possessionis
853 2710 1005 2778 Rakolch
1021 2711 1107 2778 facto
1124 2711 1226 2778 duelli

91 2817 265 2901 sortilegio
282 2824 315 2882 et
330 2818 479 2903 pugilum
490 2818 658 2882 certamini
683 2839 741 2902 per
757 2823 902 2885 nostram
927 2821 1105 2886 ternariam
1121 2821 1227 2902 requi·

90 2927 248 2991 sicionem
264 2932 375 3010 partes
390 2925 595 2992 uniformiter
622 2931 655 2991 et
678 2928 750 3012 pari
776 2927 943 2994 voluntate
976 2950 1009 2995 se
1034 2928 1227 2994 submittere

89 3035 272 3100 voluissent
287 3036 392 3120 ipsam
407 3035 688 3101 instrumentalem
705 3035 941 3102 exhibicionem
956 3041 1182 3121 postergantes
1194 3043 1227 3103 et

89 3143 157 3207 fine
174 3141 286 3208 debito
302 3151 376 3228 post
391 3145 497 3227 ipsum
515 3143 660 3209 duellum
676 3145 710 3208 in
727 3145 840 3210 eodem
860 3145 912 3210 die
929 3146 997 3210 sine
1014 3145 1163 3212 ulteriori
1180 3145 1226 3210 di-

89 3253 222 3317 laeione
238 3253 416 3318 terminare
432 3253 576 3319 volentes
593 3253 659 3318 tale
676 3253 832 3319 iudicium
847 3255 881 3318 in
897 3253 983 3320 facto
1001 3253 1085 3320 dicte
1101 3276 1227 3339 posses·

90 3361 193 3426 monis
210 3360 360 3428 Rakolch
377 3360 579 3427 duxissemus
595 3361 825 3446 imponendum
850 3363 937 3427 inter
952 3368 1062 3447 partes
1079 3360 1224 3448 supradi-

91 3475 173 3554 ctas,
190 3475 230 3535 ut
245 3471 490 3555 prenominatus
506 3469 662 3536 Matheus
678 3469 765 3536 filius
780 3468 805 3536 J
807 3469 944 3537 ohannis
970 3469 1009 3535 de
1034 3470 1111 3556 Isyp
1129 3491 1226 3556 super

90 3601 129 3645 eo
158 3578 248 3664 quod
272 3579 498 3663 prenominata
522 3581 680 3663 possessio
707 3579 857 3646 Ralrolch
881 3579 979 3646 Pauli
1009 3577 1069 3644 filii
1094 3577 1225 3664 Gyopol

89 3687 194 3752 fuerit
210 3694 244 3753 et
261 3688 366 3754 dictus
381 3685 506 3753 Paulus
521 3695 621 3772 prout
636 3689 699 3773 ipsi
715 3689 827 3754 Blasio
844 3689 890 3753 sic
907 3693 940 3752 et
956 3687 1017 3752 sibi
1033 3688 1066 3752 in
1076 3688 1224 3771 proxima

91 3796 184 3860 linea
200 3797 423 3880 generacionis
448 3796 621 3861 attinuerit
638 3799 784 3885 pugilem
808 3821 1013 3884 conpressum
1038 3794 1221 3880 sepedictus

92 3927 173 3970 vero
190 3904 323 3970 Blasius
338 3903 426 3970 filius
440 3903 667 3990 Mychaelisiu
685 3927 722 3970 eo
740 3911 776 3971 ut
785 3910 964 3971 memorata
980 3896 1139 3989 possessio
1155 3903 1221 3970 Ra·

90 4013 193 4081 lrolch
209 4016 377 4080 nominata
393 4013 489 4079 titulo
513 4013 594 4078 iuris
618 4013 807 4079 hereditarii
824 4013 886 4078 sibi
902 4013 1074 4078 attinuerit
1099 4019 1132 4078 et
1155 4035 1225 4098 pre-

91 4125 184 4190 dicto
200 4123 306 4190 Paulo
322 4122 390 4190 filio
409 4119 540 4208 Gyopol
555 4123 590 4186 in
614 4123 705 4189 nullo
721 4123 916 4208 pertinuerit
935 4125 1082 4210 pugilem
1114 4125 1224 4189 iacea-

92 4261 245 4322 preeeum
270 4251 350 4316 quos
366 4231 517 4297 meliores
535 4237 568 4296 et
584 4232 735 4314 agiliores
750 4233 893 4296 invenire
909 4235 942 4294 et
967 4229 1130 4296 adducere
1153 4253 1225 4316 pos·

91 4351 169 4409 sent
184 4344 267 4409 feria
282 4345 384 4408 tercia
399 4342 547 4426 proxima
565 4347 639 4426 post
654 4341 774 4408 festum
790 4341 885 4406 beate
901 4339 1112 4425 Margarethe
1131 4341 1226 4424 virgi·

90 4455 142 4518 nis
174 4453 209 4516 in
243 4471 322 4518 area
353 4450 538 4516 certaminis
571 4471 668 4534 super
699 4452 791 4534 equis
817 4455 848 4516 et
864 4451 898 4514 in
914 4451 1012 4514 armis
1029 4449 1225 4514 militaribus

90 4567 212 4626 contra
228 4581 261 4624 se
277 4581 311 4624 se
327 4564 528 4644 pugnaturos
545 4561 689 4624 statuere
707 4558 863 4623 deberent
887 4557 920 4622 in
948 4557 1116 4641 presencia
1132 4558 1224 4640 regie

90 4669 283 4756 maiestatis,
294 4655 383 4734 cuius
399 4666 499 4732 duelli
516 4664 736 4732 dimicaoionis
746 4665 798 4732 die
808 4663 999 4748 adveniente
1014 4685 1087 4730 cum
1097 4663 1225 4748 pugiles
