3154 5474
353 481 415 543 576
703 495 891 544 aarounonr
907 483 1123 544 onntsrrtn.

350 657 416 723 filio
433 657 562 722 Endree
578 661 610 722 et
626 657 652 723 J
653 657 779 722 ohanne
803 657 870 724 filio
890 657 1021 724 Nicolai
1037 680 1075 724 ac
1091 659 1193 724 Peteu
1219 657 1286 724 filio
1302 659 1387 724 Petri
1409 682 1456 724 nec

351 788 415 830 uon
433 763 599 850 Stephano
616 763 683 831 filio
699 765 807 831 Bekee
835 770 928 850 parte
945 789 984 831 ex
1009 767 1114 832 altera
1140 787 1249 833 coram
1265 768 1355 833 nobis
1369 789 1447 851 perso

353 873 472 939 naliter
497 875 690 958 constitutis,
714 876 916 958 propositum
942 876 1051 939 extitit
1065 896 1124 958 per
1140 874 1267 940 eosdem
1282 925 1290 940 .
1307 926 1313 940 .
1344 876 1442 959 quodi

355 1004 453 1047 causa
468 1005 565 1066 quam
581 983 665 1046 idem
682 983 837 1065 magister
847 981 971 1048 Paulus
983 989 1096 1048 contra
1107 984 1345 1067 prenominatos
1353 984 1456 1048 nobiles

351 1090 558 1174 superfacto
584 1090 798 1174 quarumdam
822 1091 1059 1174 possessionum
1086 1089 1271 1175 Vzudseldy
1297 1089 1454 1158 Monorosd

350 1198 440 1265 Ordo
452 1206 483 1264 et
492 1197 664 1284 Deregeny
680 1205 868 1265 vocatarum
894 1200 928 1263 in
945 1199 1115 1284 quindenis
1125 1200 1302 1265 residencie
1318 1201 1454 1283 presentis

351 1308 509 1372 exercitus
524 1309 628 1373 nostri
652 1308 796 1390 proxime
819 1307 968 1391 preteriti
993 1329 1101 1373 coram
1125 1307 1231 1372 iudice
1258 1309 1342 1372 curie
1364 1312 1454 1373 nostre

350 1440 477 1484 movere
487 1417 698 1484 intendebant
708 1418 819 1483 taliter
829 1419 915 1483 inter
924 1440 958 1484 se
969 1420 1200 1502 convenissent,
1218 1419 1305 1503 quod
1314 1420 1345 1483 in
1355 1419 1455 1485 octaris

349 1528 557 1593 Pentecostes
568 1547 653 1592 nunc
663 1527 805 1592 venturis
816 1526 1013 1594 adducerent
1023 1533 1096 1594 octo
1107 1528 1231 1594 nobiles
1242 1530 1325 1594 viros
1337 1549 1454 1593 comma·

350 1638 435 1702 niter
445 1637 486 1701 ad
497 1633 674 1720 capitulum
691 1635 822 1700 ecclesie
838 1634 864 1701 J
865 1637 1023 1702 auriensis
1049 1641 1081 1701 et
1105 1637 1138 1701 in
1155 1637 1322 1721 presencia
1339 1635 1457 1700 eiusdem

352 1746 504 1830 capituli.
521 1795 528 1810 .
544 1744 761 1829 prenominati
773 1743 905 1828 nobiles·
918 1745 1118 1829 superdictis
1129 1744 1379 1829 possessionibus
1389 1743 1458 1808 exhi·

351 1853 468 1919 berent
484 1875 540 1917 sun
557 1853 773 1917 instrumenta
790 1859 822 1917 et
838 1854 910 1918 iura
926 1854 1045 1936 quibus
1061 1852 1281 1918 mediantibus
1297 1851 1393 1916 dictus
1401 1871 1458 1934 pos·

350 1960 1028 2044 sessioncsoptinentetconservant,quibus
1038 1961 1112 2026 visis
1122 1960 1201 2026 dicti
1212 1955 1457 2042 arbitraresttgy)

351 2069 589 2134 arbitrarentur
604 2067 689 2133 inter
705 2067 791 2152 ipsos
807 2119 813 2132 .
831 2119 837 2133 .
854 2073 887 2133 et
903 2069 929 2134 si
947 2067 1025 2134 dicti
1043 2069 1254 2136 arbitratores
1270 2119 1277 2134 .
1295 2119 1302 2134 .
1318 2067 1457 2152 predictas

350 2177 565 2262 possessiones
591 2175 633 2240 ad
649 2183 842 2272 memoratos
867 2175 991 2241 nobiles
1010 2178 1173 2261 pertinere
1197 2177 1382 2259 invenerint,
1397 2179 1458 2240 tunc

351 2286 435 2352 idem
461 2285 616 2368 magister
648 2283 772 2350 Paulus
804 2291 999 2352 memoratas
1024 2288 1240 2370 possessiones
1272 2287 1458 2369 relinquet..

351 2393 503 2479 predictis
529 2391 737 2458 nobilibus..
769 2395 796 2457 si
823 2415 898 2460 vero
924 2393 1021 2458 iidem
1045 2394 1169 2460 nobiles
1194 2392 1339 2460 efficacia
1359 2395 1458 2458 instra·

350 2504 461 2568 menta
478 2523 574 2584 super
600 2501 694 2566 dictis
719 2501 976 2585 possessionibus
1002 2500 1153 2568 exhibere
1179 2525 1243 2569 non
1269 2507 1456 2586 possentque

352 2609 480 2676 easdem
505 2609 723 2697 possessiones
750 2610 873 2674 salvare
899 2615 1032 2692 possent
1057 2616 1090 2674 et
1115 2610 1157 2676 ob
1175 2609 1238 2676 hoc
1268 2615 1375 2695 partes
1390 2607 1457 2673 arbi·

351 2719 450 2784 trium
465 2717 649 2802 predictum
666 2739 729 2783 non
751 2721 969 2801 acceptarent,
994 2723 1073 2784 tunc
1093 2723 1206 2784 octavo
1224 2717 1276 2783 dic
1293 2725 1456 2784 octavamn

351 2826 572 2912 predictarum
605 2847 714 2892 coram
739 2825 844 2890 iudice
870 2827 957 2890 curio
982 2833 1091 2892 nostre
1117 2829 1205 2892 statu
1230 2828 1331 2911 priori
1354 2845 1457 2910 perma-
1544 2905 1545 2912 ἵ

351 2940 448 3000 nente
482 2938 673 2999 tenerentur
704 2955 909 3018 comparere3
951 2935 1013 3000 hoc
1053 2934 1264 3000 nihilominus
1305 2935 1457 3010 declarato,
1544 2939 1545 2952 ²

351 3043 438 3128 quod
454 3043 481 3106 si
497 3043 565 3125 ipse
580 3041 737 3126 magister
753 3041 877 3110 Paulus
894 3041 935 3108 ob
952 3043 1095 3126 aliquam
1112 3065 1244 3108 causam
1263 3043 1457 3127 personaliter

350 3150 393 3215 ad
417 3150 679 3234 prenominatum
699 3151 807 3216 locum
833 3157 866 3216 et
894 3153 1067 3216 terminum
1093 3152 1246 3218 accedere
1277 3174 1340 3218 non
1368 3153 1456 3235 posset

351 3265 431 3323 tunc
446 3256 549 3323 filium
578 3279 670 3324 suum
689 3307 720 3323 ..
752 3257 915 3324 destinare
941 3265 1154 3327 teneretur..
1186 3261 1311 3326 Datum
1335 3261 1366 3325 in
1383 3258 1456 3326 Vise-

352 3365 441 3449 grad,
459 3367 560 3431 tercio
577 3365 628 3430 die
645 3371 833 3432 octavarum
848 3367 1107 3452 Epiphaniamm
1134 3369 1263 3452 domini,
1289 3390 1369 3436 anno
1391 3367 1456 3431 eins·

351 3472 422 3537 dem
440 3471 493 3536 Μ0
510 3471 612 3539 000Ο
627 3472 758 3538 XXX⁰
774 3475 921 3541 secundo.

458 3636 606 3701 Hatlapja'ru
619 3652 692 3702 nsgy
706 3637 809 3704 kirs'rlyi
823 3640 915 3704 peccet
936 3642 1114 3708 nyomaiual3
1133 3641 1264 3707 eredetije
1286 3641 1383 3703 Sitken,
1404 3639 1456 3688 Vas·

351 3725 511 3791 megydben,
526 3729 604 3791 Nagy
619 3727 725 3778 Sdndm·
737 3729 872 3780 ltdrstban.
887 3731 918 3782 K.
936 3733 978 3781 32.
