3152 5472
535 512 629 574 1332.
646 517 718 576 ult.
735 515 787 577 22.
1178 509 1240 579 597

113 701 195 750 auno
223 687 419 771 supradicto.
451 689 614 756 Dixerunt
639 692 740 759 eciam
765 690 861 756 iidem
876 693 972 758 homo
998 699 1103 760 vester
1129 703 1162 760 et
1186 717 1242 760 no·

113 797 218 858 strum
230 795 448 863 testimonium
469 797 855 882 quodpresatusMichael
865 797 951 866 filius
960 799 1129 869 Michaelis
1139 803 1243 870 dictos

111 899 304 968 Ladislaum
335 909 369 970 et
402 904 595 972 Michaelem
627 905 710 972 filios
741 907 851 972 fratris
886 909 935 973 sui
970 907 1004 973 in
1030 908 1123 976 dictis
1149 911 1242 996 quin-

112 1008 203 1075 denis
223 1013 371 1078 similiter
397 1015 440 1078 ad
465 1013 587 1081 factum
612 1015 771 1084 dictarum
797 1019 1033 1101 possessionum
1058 1023 1097 1084 ut
1122 1039 1243 1084 assum-

110 1125 197 1183 serat
227 1119 412 1186 adduxisset
443 1123 499 1206 qui
524 1125 654 1208 quidem
678 1124 822 1190 Michael
860 1129 893 1189 et
916 1124 1091 1191 Ladislaus
1122 1125 1242 1192 dictam

111 1225 349 1294 ordinacionem
366 1235 398 1294 et
414 1231 502 1314 pacis
518 1231 781 1298 reformacionem
798 1253 831 1298 se
847 1232 1031 1300 firmissime
1056 1234 1241 1300 observasse

111 1332 321 1417 obligassent.

220 1498 352 1550 Zrirlatein
366 1501 457 1565 pecset
469 1503 674 1568 tbredekaiue13
688 1505 819 1569 eredetije
832 1521 864 1556 az
890 1521 960 1556 orsz.
983 1507 1038 1558 ltar
1059 1507 1159 1557 kinost.
1174 1510 1241 1556 oszt.

110 1587 142 1636 N.
157 1587 191 1638 R.
206 1588 239 1640 A.
257 1593 332 1640 1507.
347 1595 389 1640 27.
417 1592 483 1656 dipl.
498 1593 569 1644 ltar:
590 1598 668 1644 2714.
682 1595 779 1647 Klizli:
801 1595 912 1647 Koraos
925 1598 957 1647 N.

601 1737 757 1748 ..u—...fl

641 1887 713 1948 509.

117 2041 210 2104 1332.
237 2042 406 2128 Viseprcid,
423 2052 499 2132 erecti.
516 2051 569 2112 22.
586 2048 651 2112 Pet
679 2047 868 2134 or·sau'9bir·‹i
884 2048 956 2112 elb'tt
973 2047 1120 2112 Molactrr'
1136 2047 1242 2113 Jdnos

114 2148 225 2234 Lapsa
246 2163 328 2218 roaolt
344 2153 486 2220 birtolsct
509 2156 572 2220 Vas
598 2155 764 2241 nteppc'lren
786 2154 939 2220 Tataorc‘r
955 2153 1243 2236 sactes-feblrodri

351 2263 550 2347 pre‘poslnalt
576 2267 608 2328 e's
625 2263 829 2330 testue'reirtelt
846 2263 1004 2328 elb'rb'ltitr'.

221 2416 293 2485 Nos
318 2443 422 2487 comes
438 2421 562 2489 Paulus
578 2422 663 2488 filius
689 2421 828 2490 Simonis
853 2421 949 2488 iudex
976 2423 1063 2490 curie
1088 2471 1119 2486 ..
1145 2421 1243 2504 signi-

113 2523 269 2594 ficamus.
288 2579 294 2594 .
312 2531 399 2614 quod
415 2531 597 2598 honorabili
613 2533 681 2597 viro
698 2532 851 2615 magistro
876 2531 1062 2596 Tatamerio
1087 2525 1242 2593 Albensis

113 2632 247 2699 ecclesie
272 2640 435 2721 preposito
461 2641 598 2723 auleque
623 2642 711 2724 regie
745 2637 1003 2704 vicecancellario
1029 2636 1243 2722 personaliter

111 2763 170 2824 pro
188 2741 355 2828 Stephano
371 2769 446 2812 vero
463 2754 496 2812 et
511 2747 633 2814 Bakow
649 2746 803 2813 fratribus
820 2746 959 2813 eiusdem
975 2745 1110 2812 uterinis
1127 2743 1242 2808 comite

112 2849 221 2914 Peder
237 2849 303 2918 filio
319 2851 469 2920 Absolon
485 2855 525 2920 de
541 2855 647 2920 Peder
663 2857 702 2921 ab
719 2879 791 2940 arna,
809 2861 842 2920 et
858 2853 883 2920 J
885 2855 1011 2921 ohanne
1034 2851 1101 2919 filio
1123 2851 1243 2917 Lazari

113 2957 153 3023 (le
168 2958 304 3026 Molnar
320 2969 412 3046 parte
428 2964 470 3029 ab
487 2965 589 3030 altera
605 2987 713 3030 coram
728 2965 821 3030 nobis
837 2964 1022 3030 constitutis
1031 2983 1090 3047 per
1106 2959 1243 3026 eundem

112 3064 139 3130 J
140 3067 301 3134 ohannem
316 3069 418 3136 filium
433 3072 551 3138 Lazari
568 3074 706 3137 relatum
723 3073 868 3138 extitit..
885 3073 972 3158 quod
989 3071 1145 3156 quasdam
1171 3090 1244 3154 pos-

116 3176 326 3242 sessionarias
340 3180 507 3262 porciones
522 3181 731 3246 hereditarias
755 3181 856 3266 ipsius
882 3180 1005 3247 domini
1030 3178 1187 3265 prepositi
1213 3182 1245 3242 et

115 3281 258 3350 fratrum
289 3307 420 3354 suorum
443 3288 662 3372 predictorum
688 3289 721 3354 in
745 3290 943 3374 possessione
967 3290 1111 3374 ipsorum
1134 3287 1247 3370 Lapsa

114 3397 231 3459 vocata
240 3395 274 3459 in
284 3397 440 3463 comitatu
450 3396 653 3465 Oastrilerroi
670 3399 820 3464 existenti
835 3397 963 3464 habitas
981 3399 1098 3482 quibus
1114 3421 1134 3463 a
1153 3401 1246 3481 parte

114 3503 269 3568 orientali
284 3507 442 3588 possessio
458 3505 713 3574 Scenthloranth
729 3512 843 3572 vocata
858 3528 878 3571 a
894 3511 986 3590 parte
1006 3525 1081 3571 vero
1099 3503 1245 3571 occiden-

114 3609 175 3675 tali
194 3617 283 3677 terra
299 3613 473 3679 eorundem
488 3614 662 3700 Fyuzwelg
687 3615 854 3680 nominata
869 3614 1053 3678 vicinantur
1069 3663 1076 3678 .
1093 3613 1247 3680 ,racione

115 3741 258 3802 quarum
272 3720 421 3806 prefatus
437 3720 462 3788 J
464 3722 606 3788 ohannes
622 3742 680 3807 per
696 3723 782 3806 ipsos
799 3719 964 3788 dominum
988 3721 1190 3806 prepositum
1215 3725 1248 3785 et

115 3827 236 3894 fratres
247 3828 404 3895 suos..ad
414 3835 558 3895 nostram
567 3831 769 3913 presenciam
779 3829 813 3894 in
824 3848 953 3894 causam
962 3827 1070 3894 luerat
1089 3832 1248 3894 attractus

115 3959 257 4021 quarum
274 3958 373 4003 unam
389 3938 521 4020 quidam
545 3939 710 4020 proximus
735 3939 878 4021 ipsorum
902 3937 1031 4002 nomine
1056 3936 1139 4002 Bese
1164 3933 1250 4002 filius

116 4043 274 4128 Gregorii
290 4045 393 4111 eidem
409 4045 625 4111 mediantibus
640 4046 759 4110 litteris
769 4045 958 4129 patentibus
973 4045 1108 4129 capituli
1119 4043 1251 4110 ecclesie
1326 4065 1330 4072 ·

115 4149 326 4218 Castriferrei
342 4161 550 4238 perpetuasse
567 4153 795 4219 dinoscebatur
811 4203 817 4218 .
835 4203 842 4217 .
858 4154 957 4217 aliam
967 4174 1043 4218 vero
1055 4151 1251 4236 particulam

116 4259 300 4344 Gregorius
311 4267 344 4326 et
358 4260 544 4347 Stephanus
554 4261 640 4326 filius
655 4259 681 4326 J
683 4261 776 4327 acobi
788 4259 935 4326 similiter
950 4261 1090 4344 proximi
1105 4261 1251 4345 ipsorum

114 4369 238 4436 domini
255 4371 413 4454 prepositi
428 4377 460 4436 et
476 4371 613 4436 fratrum
629 4389 759 4435 suorum
770 4370 900 4454 pignori
909 4369 1012 4434 eidem
1028 4369 1232 4452 obligarent.

113 4478 257 4561 receptis
283 4478 323 4542 ab
349 4479 420 4561 ipso
440 4477 570 4544 domino
585 4477 751 4562 preposito
767 4477 883 4559 viginti
908 4477 1025 4541 marcis
1049 4481 1251 4560 promtorum

114 4585 326 4650 denariorum
348 4607 455 4650 coram
480 4586 573 4653 nobis
598 4591 754 4669 utrasque
778 4585 958 4671 particulas
984 4585 1251 4668 possessionarias

114 4693 285 4779 predictas
302 4694 387 4761 idem
402 4692 428 4759 J
430 4695 571 4762 ohannes
587 4693 672 4760 filius
688 4693 805 4761 Lazari
823 4694 862 4759 de
877 4693 1010 4760 Molnar
1024 4691 1142 4760 eisdem
1152 4692 1252 4766 domi·
