3112 5466
528 465 621 524 1325.
640 481 739 524 unrrr.
759 466 809 525 21.
1170 465 1230 526 181

108 641 242 707 beratas.
285 637 409 706 Actum
440 640 548 710 XVI⁰
578 641 735 707 kalendas
766 639 903 726 Aprilis
935 665 1020 708 anuo
1053 643 1094 707 ab
1126 643 1232 708 iucar-

108 749 234 816 nacione
250 749 372 814 domini
396 749 451 814 Μο
467 747 568 816 0000
583 750 732 816 vicesimo
760 752 882 835 quinte,
899 749 1010 818 datum
1035 773 1093 836 per
1118 772 1232 817 manus

109 857 299 922 honorabilis
329 858 389 922 viri
423 859 572 942 magistri
605 858 631 926 J
632 859 769 924 ohannis
803 861 935 926 lectoris
968 861 1101 926 ecclesie
1132 857 1232 944 Quiu-

109 967 374 1050 queecciesiensis,
404 966 551 1034 discretis
578 969 654 1034 viris
684 967 789 1034 Paulo
822 973 962 1054 cantore,
991 967 1152 1054 Gregorio
1180 990 1231 1034 cu-

109 1075 200 1157 stode,
216 1073 319 1142 Petro
336 1076 458 1142 decano
484 1077 663 1162 ceterisque
689 1077 935 1162 quampluribus
959 1077 1079 1144 ibidem
1095 1079 1231 1144 existen-

110 1183 196 1248 tibus.

206 1347 305 1411 ruggo
319 1347 411 1411 peeset
424 1349 601 1412 uyomeiva13
624 1347 753 1414 eredetije
775 1363 807 1399 az
826 1363 895 1400 orez.
918 1351 973 1399 ltdr
995 1350 1093 1402 kinest.
1117 1353 1183 1400 oszt.
1198 1349 1231 1398 N.

109 1437 137 1485 R.
149 1437 178 1485 A.
193 1441 255 1488 953.
277 1441 301 1487 8.
325 1438 423 1488 Kezli:
445 1438 554 1488 Koraos
575 1438 697 1488 Nandor.
721 1439 762 1488 Az
776 1440 797 1488 I.
812 1441 870 1488 ket.
887 1441 945 1490 144.
961 1440 1055 1506 lapja'm
1067 1439 1139 1504 sajte
1153 1439 1231 1490 hiba-

112 1527 151 1578 bol
163 1527 198 1578 ru
215 1527 308 1580 »baasi
321 1527 470 1593 kaptolau«
487 1527 576 1594 »pessi
591 1527 742 1593 kdptalun«
756 1529 871 1594 helyett.

587 1705 744 1716 *pu—..u-

632 1927 703 1990 164.

109 2091 194 2154 1325.
220 2101 318 2154 murt.
336 2093 387 2154 21.
414 2087 443 2152 Α
456 2090 667 2174 pecs-crirndi
692 2101 821 2153 curarent
847 2089 920 2154 eiua
946 2090 1043 2155 Koba
1070 2091 1163 2154 Pc'ter
1176 2091 1229 2172 fia

107 2199 212 2281 Jduos,
229 2198 338 2263 Boldu
355 2209 433 2264 creuit
466 2198 567 2262 fblrru
583 2199 767 2283 'rrirureppcc'
782 2197 922 2264 dir-tokcit
939 2199 1060 2264 rutatos
1071 2201 1231 2285 possoapt

463 2307 673 2394 fdispdnuok
694 2307 851 2370 clo'ru'ka'ti.

205 2466 393 2534 Conventus
428 2468 616 2534 monasterii
639 2465 865 2532 Waradiensis
882 2516 911 2531 ..
938 2466 980 2535 ad
1006 2469 1228 2532 universorum

106 2578 275 2642 noticiam.
294 2627 300 2642 .
317 2578 463 2643 volumus
479 2577 654 2660 peruenire,
672 2575 758 2660 quod
782 2575 954 2658 magnifico
980 2577 1048 2640 viro
1073 2576 1229 2658 magistro

106 2683 238 2752 Nicolae
256 2687 373 2751 cornito
389 2685 582 2752 Posoniensi
598 2684 639 2750 ab
656 2706 721 2750 una
738 2690 832 2768 parte
859 2690 891 2749 et
915 2682 941 2748 J
942 2683 1069 2749 ohanne
1094 2681 1160 2748 filio
1178 2705 1229 2748 co·

104 2793 185 2859 ruitis
200 2795 295 2860 Petri
312 2794 352 2859 de
368 2793 473 2860 Kubli
490 2793 531 2858 ab
548 2795 652 2859 altera
669 2815 777 2860 ceram
803 2793 896 2858 nobis
922 2793 1137 2878 personaliter
1155 2815 1229 2858 cen-

105 2903 222 2968 stitutis
245 2925 304 2986 per
321 2902 457 2968 eundem
473 2901 498 2966 J
500 2901 660 2966 ohannem
676 2903 879 2986 propositum
896 2903 1004 2968 extitit
1023 2908 1056 2968 et
1080 2901 1229 2984 relatum,

105 3011 186 3094 qriod
212 3014 283 3096 ipse
309 3011 474 3096 quandam
490 3012 722 3094 possessionem
749 3032 840 3076 suam
865 3010 1098 3076 hereditariam
1122 3009 1229 3074 Bolda

105 3125 246 3186 vocatam
280 3121 315 3185 in
340 3120 496 3185 comitatu
519 3119 696 3184 Tholnensi
729 3120 815 3184 iuter
840 3121 1055 3203 possessiones
1079 3119 1227 3200 magistri

104 3228 260 3293 Johanuis
275 3228 387 3293 fratris
412 3225 537 3292 Ohama
554 3231 586 3292 et
601 3226 739 3292 fratrum
765 3248 895 3291 suorum
922 3227 962 3292 ab
988 3249 1054 3292 uua
1078 3231 1171 3311 parte
1195 3231 1229 3290 ct

103 3339 313 3419 possessiones
347 3335 483 3419 predicti
509 3335 656 3418 magistri
682 3333 811 3402 Nicolai
837 3336 879 3399 ab
904 3336 1010 3400 altera
1035 3337 1227 3401 existentem

103 3445 157 3508 sub
174 3445 270 3509 certis
295 3444 390 3508 metis
407 3449 439 3507 et
455 3443 600 3508 terminis
616 3448 648 3507 et
665 3443 763 3522 siguis
789 3442 1005 3526 infrascriptis
1031 3465 1070 3508 ex
1094 3445 1228 3527 permis-

103 3553 187 3618 sione
203 3557 236 3618 et
251 3553 338 3617 bona
353 3551 519 3616 voluntate
536 3552 679 3617 omnium
696 3557 979 3617 conmetaneorum
1002 3558 1034 3616 et
1051 3552 1228 3617 vicinorum

102 3683 236 3742 suorum,
261 3659 508 3744 quatuordecim
524 3681 650 3726 marcas
666 3660 756 3744 prius
780 3660 875 3744 plene
901 3662 1039 3743 receptis
1056 3660 1097 3725 ab
1115 3661 1228 3725 eodem

102 3771 180 3836 sieut
195 3769 281 3835 idem
297 3769 322 3835 J
324 3769 466 3834 ohannes
483 3769 573 3852 dixit,
591 3769 694 3833 eidem
712 3770 869 3851 magistro
895 3769 1035 3834 Nicolao
1062 3769 1227 3836 confessus

102 3886 147 3944 est
176 3901 209 3944 se
239 3877 421 3943 vendidisse
437 3927 468 3942 ..
493 3879 563 3942 iuro
594 3883 753 3962 perpetuo
770 3928 802 3943 ..
827 3878 1104 3961 possidendam..
1136 3879 1227 3945 Mete

101 3995 205 4053 autem
221 3987 320 4071 ipsius
336 3986 547 4071 possessionis
564 3987 625 4050 hoe
642 3986 736 4052 modo
763 3986 993 4069 distinguntur,
1019 3987 1107 4070 quod
1123 3989 1228 4071 prima

101 4105 183 4164 meta
207 4098 321 4180 incipit
346 4118 366 4160 a
389 4096 487 4179 plaga
514 4093 665 4160 orientali
683 4094 769 4159 cirea
794 4115 894 4158 uuum
919 4094 1058 4189 rivulum
1082 4094 1227 4178 Merges·

100 4206 218 4288 potoka
234 4206 433 4270 nominatum
458 4205 513 4286 qui
531 4203 620 4267 eadit
645 4203 678 4268 iu
703 4202 804 4266 alium
829 4203 970 4267 rivulum
995 4202 1227 4286 Beldapataka

101 4320 245 4379 roeatum
269 4318 302 4377 et
318 4311 363 4376 ibi
380 4316 455 4376 sunt
472 4311 532 4374 due
549 4317 634 4376 mete
651 4317 755 4374 terreo
771 4311 804 4374 in
821 4311 987 4374 vicinitate
1016 4316 1102 4384 terre
1127 4313 1226 4392 magi-

100 4425 155 4488 stri
171 4421 302 4488 Nicolei
321 4419 427 4486 Kubli
443 4425 554 4485 uocate
572 4425 604 4484 et
620 4419 661 4484 ab
678 4419 744 4484 alia
760 4423 853 4501 parte
870 4423 955 4482 terre
981 4417 1006 4482 J
1007 4417 1143 4483 ohrrnnis
1168 4418 1227 4483 filii

100 4529 248 4614 Gregorii
262 4536 295 4594 et
311 4528 451 4594 fratrum
477 4550 609 4594 suorum
624 4526 775 4612 Hymusd
791 4532 911 4609 vocate,
937 4525 1057 4592 abhinc
1071 4527 1105 4591 in
1122 4527 1226 4592 medio

101 4631 199 4725 ipsius
212 4637 307 4704 riurli
324 4637 432 4706 Bolda
448 4637 554 4703 tendit
569 4659 680 4704 versus
696 4635 897 4702 occidentem
914 4639 947 4700 et
963 4635 1050 4700 venit
1065 4657 1167 4722 usque
1184 4635 1226 4700 ad
