<?xml version="1.0" encoding="UTF-8"?>
<!DOCTYPE html PUBLIC "-//W3C//DTD XHTML 1.0 Transitional//EN"
    "http://www.w3.org/TR/xhtml1/DTD/xhtml1-transitional.dtd">
<html xmlns="http://www.w3.org/1999/xhtml" xml:lang="en" lang="en">
 <head>
  <title>
</title>
<meta http-equiv="Content-Type" content="text/html;charset=utf-8" />
  <meta name='ocr-system' content='tesseract 3.04.00' />
  <meta name='ocr-capabilities' content='ocr_page ocr_carea ocr_par ocr_line ocrx_word'/>
</head>
<body>
  <div class='ocr_page' id='page_1' title='image "./codexdiplomatic01nagygoog_0540.png"; bbox 0 0 3154 5474; ppageno 0'>
   <div class='ocr_carea' id='block_1_1' title="bbox 520 504 1221 566">
    <p class='ocr_par' dir='ltr' id='par_1_1' title="bbox 520 504 1221 566">
     <span class='ocr_line' id='line_1_1' title="bbox 520 504 1221 566; baseline 0 -2"><span class='ocrx_word' id='word_1_1' title='bbox 520 504 615 566; x_wconf 89' lang='lat'><strong>1331.</strong></span> <span class='ocrx_word' id='word_1_2' title='bbox 632 521 733 566; x_wconf 82' lang='grc'><strong>111111,</strong></span> <span class='ocrx_word' id='word_1_3' title='bbox 753 505 801 565; x_wconf 90' lang='lat'><strong>10.</strong></span> <span class='ocrx_word' id='word_1_4' title='bbox 1159 505 1221 564; x_wconf 79' lang='lat'><strong>523</strong></span> 
     </span>
    </p>
   </div>
   <div class='ocr_carea' id='block_1_2' title="bbox 83 679 1228 4778">
    <p class='ocr_par' dir='ltr' id='par_1_2' title="bbox 83 679 1228 4778">
     <span class='ocr_line' id='line_1_2' title="bbox 95 679 1224 766; baseline 0.001 -21"><span class='ocrx_word' id='word_1_5' title='bbox 95 679 246 746; x_wconf 82' lang='lat' dir='ltr'><strong>membra</strong></span> <span class='ocrx_word' id='word_1_6' title='bbox 263 679 710 748; x_wconf 87' lang='lat' dir='ltr'><strong>divisionabiliterdeductum</strong></span> <span class='ocrx_word' id='word_1_7' title='bbox 727 681 896 764; x_wconf 74' lang='lat' dir='ltr'><strong>extitisset,</strong></span> <span class='ocrx_word' id='word_1_8' title='bbox 916 700 987 748; x_wconf 87' lang='lat' dir='ltr'><strong>ecce</strong></span> <span class='ocrx_word' id='word_1_9' title='bbox 1004 681 1109 747; x_wconf 83' lang='lat' dir='ltr'>divine</span> <span class='ocrx_word' id='word_1_10' title='bbox 1125 683 1224 766; x_wconf 89' lang='lat' dir='ltr'><strong>pieta-</strong></span> 
     </span>
     <span class='ocr_line' id='line_1_3' title="bbox 91 788 1225 874; baseline 0.003 -23"><span class='ocrx_word' id='word_1_11' title='bbox 91 788 135 852; x_wconf 88' lang='lat' dir='ltr'><strong>tis</strong></span> <span class='ocrx_word' id='word_1_12' title='bbox 150 788 351 854; x_wconf 79' lang='lat' dir='ltr'><strong>immensitas</strong></span> <span class='ocrx_word' id='word_1_13' title='bbox 375 809 438 873; x_wconf 91' lang='lat' dir='ltr'><strong>que</strong></span> <span class='ocrx_word' id='word_1_14' title='bbox 463 807 577 870; x_wconf 83' lang='lat' dir='ltr'><strong>regum</strong></span> <span class='ocrx_word' id='word_1_15' title='bbox 603 795 635 854; x_wconf 89' lang='lat' dir='ltr'><strong>et</strong></span> <span class='ocrx_word' id='word_1_16' title='bbox 659 789 842 874; x_wconf 79' lang='lat' dir='ltr'><strong>principum</strong></span> <span class='ocrx_word' id='word_1_17' title='bbox 866 788 951 870; x_wconf 81' lang='lat' dir='ltr'><strong>regit</strong></span> <span class='ocrx_word' id='word_1_18' title='bbox 975 789 1124 872; x_wconf 87' lang='lat' dir='ltr'><strong>habenas,</strong></span> <span class='ocrx_word' id='word_1_19' title='bbox 1148 788 1225 854; x_wconf 91' lang='lat' dir='ltr'><strong>huic</strong></span> 
     </span>
     <span class='ocr_line' id='line_1_4' title="bbox 93 897 1224 981; baseline 0.001 -21"><span class='ocrx_word' id='word_1_20' title='bbox 93 897 270 962; x_wconf 85' lang='lat' dir='ltr'><strong>miserabili</strong></span> <span class='ocrx_word' id='word_1_21' title='bbox 287 919 387 980; x_wconf 87' lang='lat' dir='ltr'><strong>regno</strong></span> <span class='ocrx_word' id='word_1_22' title='bbox 403 899 437 963; x_wconf 92' lang='lat' dir='ltr'><strong>in</strong></span> <span class='ocrx_word' id='word_1_23' title='bbox 453 897 548 964; x_wconf 91' lang='lat' dir='ltr'><strong>domo</strong></span> <span class='ocrx_word' id='word_1_24' title='bbox 565 897 673 964; x_wconf 88' lang='lat' dir='ltr'><strong>David</strong></span> <span class='ocrx_word' id='word_1_25' title='bbox 689 898 782 981; x_wconf 88' lang='lat' dir='ltr'><strong>pueri</strong></span> <span class='ocrx_word' id='word_1_26' title='bbox 798 898 848 962; x_wconf 89' lang='grc'><strong>1111</strong></span> <span class='ocrx_word' id='word_1_27' title='bbox 864 919 966 963; x_wconf 87' lang='lat' dir='ltr'><strong>cornu</strong></span> <span class='ocrx_word' id='word_1_28' title='bbox 982 897 1095 963; x_wconf 88' lang='lat' dir='ltr'><strong>salutis</strong></span> <span class='ocrx_word' id='word_1_29' title='bbox 1121 897 1224 962; x_wconf 88' lang='lat' dir='ltr'><strong>erexit</strong></span> 
     </span>
     <span class='ocr_line' id='line_1_5' title="bbox 93 1004 1221 1090; baseline 0.001 -21"><span class='ocrx_word' id='word_1_30' title='bbox 93 1005 227 1088; x_wconf 89' lang='lat' dir='ltr'><strong>quando</strong></span> <span class='ocrx_word' id='word_1_31' title='bbox 259 1006 344 1070; x_wconf 90' lang='lat' dir='ltr'><strong>inter</strong></span> <span class='ocrx_word' id='word_1_32' title='bbox 385 1005 495 1070; x_wconf 91' lang='lat' dir='ltr'><strong>mundi</strong></span> <span class='ocrx_word' id='word_1_33' title='bbox 535 1006 696 1090; x_wconf 89' lang='lat' dir='ltr'><strong>principes</strong></span> <span class='ocrx_word' id='word_1_34' title='bbox 729 1005 850 1071; x_wconf 89' lang='lat' dir='ltr'><strong>dictum</strong></span> <span class='ocrx_word' id='word_1_35' title='bbox 882 1004 1047 1072; x_wconf 88' lang='lat' dir='ltr'><strong>dominum</strong></span> <span class='ocrx_word' id='word_1_36' title='bbox 1078 1008 1221 1071; x_wconf 87' lang='lat' dir='ltr'><strong>nostrum</strong></span> 
     </span>
     <span class='ocr_line' id='line_1_6' title="bbox 92 1112 1223 1198; baseline 0.001 -21"><span class='ocrx_word' id='word_1_37' title='bbox 92 1133 206 1196; x_wconf 83' lang='lat' dir='ltr'><strong>regem</strong></span> <span class='ocrx_word' id='word_1_38' title='bbox 222 1112 326 1196; x_wconf 87' lang='lat' dir='ltr'><strong>gloria</strong></span> <span class='ocrx_word' id='word_1_39' title='bbox 343 1118 376 1178; x_wconf 89' lang='lat' dir='ltr'><strong>et</strong></span> <span class='ocrx_word' id='word_1_40' title='bbox 401 1112 522 1180; x_wconf 86' lang='lat' dir='ltr'><strong>honore</strong></span> <span class='ocrx_word' id='word_1_41' title='bbox 545 1114 721 1198; x_wconf 83' lang='lat' dir='ltr'><strong>prudencia</strong></span> <span class='ocrx_word' id='word_1_42' title='bbox 747 1119 780 1178; x_wconf 92' lang='lat' dir='ltr'><strong>et</strong></span> <span class='ocrx_word' id='word_1_43' title='bbox 803 1114 953 1198; x_wconf 87' lang='lat' dir='ltr'><strong>potencia</strong></span> <span class='ocrx_word' id='word_1_44' title='bbox 979 1114 1144 1178; x_wconf 76' lang='lat' dir='ltr'><strong>coronavit</strong></span> <span class='ocrx_word' id='word_1_45' title='bbox 1167 1114 1223 1178; x_wconf 88' lang='lat' dir='ltr'><strong>tir·</strong></span> 
     </span>
     <span class='ocr_line' id='line_1_7' title="bbox 90 1221 1224 1306; baseline 0 -20"><span class='ocrx_word' id='word_1_46' title='bbox 90 1221 245 1288; x_wconf 87' lang='lat' dir='ltr'><strong>ranidum</strong></span> <span class='ocrx_word' id='word_1_47' title='bbox 269 1242 344 1288; x_wconf 91' lang='lat' dir='ltr'><strong>vero</strong></span> <span class='ocrx_word' id='word_1_48' title='bbox 360 1223 617 1306; x_wconf 89' lang='lat' dir='ltr'><strong>principancium</strong></span> <span class='ocrx_word' id='word_1_49' title='bbox 642 1221 833 1287; x_wconf 81' lang='lat' dir='ltr'><strong>insolencias</strong></span> <span class='ocrx_word' id='word_1_50' title='bbox 858 1221 974 1287; x_wconf 90' lang='lat' dir='ltr'><strong>deiecit</strong></span> <span class='ocrx_word' id='word_1_51' title='bbox 1000 1226 1032 1286; x_wconf 97' lang='grc'><strong>11</strong></span> <span class='ocrx_word' id='word_1_52' title='bbox 1057 1222 1224 1302; x_wconf 86' lang='grc'><strong>1111111111;</strong></span> 
     </span>
     <span class='ocr_line' id='line_1_8' title="bbox 89 1329 1224 1414; baseline 0.002 -20"><span class='ocrx_word' id='word_1_53' title='bbox 89 1329 194 1412; x_wconf 83' lang='lat' dir='ltr'><strong>igitur</strong></span> <span class='ocrx_word' id='word_1_54' title='bbox 218 1332 289 1414; x_wconf 88' lang='lat' dir='ltr'><strong>ipsa</strong></span> <span class='ocrx_word' id='word_1_55' title='bbox 304 1329 422 1412; x_wconf 82' lang='lat' dir='ltr'><strong>regalis</strong></span> <span class='ocrx_word' id='word_1_56' title='bbox 448 1329 603 1396; x_wconf 89' lang='lat' dir='ltr'><strong>celsitudo</strong></span> <span class='ocrx_word' id='word_1_57' title='bbox 627 1331 660 1396; x_wconf 90' lang='lat' dir='ltr'><strong>in</strong></span> <span class='ocrx_word' id='word_1_58' title='bbox 688 1329 1224 1414; x_wconf 63' lang='grc'><strong>111111111111111111111111111111</strong></span> 
     </span>
     <span class='ocr_line' id='line_1_9' title="bbox 92 1437 1225 1505; baseline 0.003 -4"><span class='ocrx_word' id='word_1_59' title='bbox 92 1437 324 1504; x_wconf 88' lang='lat' dir='ltr'><strong>demeritorum</strong></span> <span class='ocrx_word' id='word_1_60' title='bbox 343 1439 516 1505; x_wconf 87' lang='lat' dir='ltr'><strong>extendens</strong></span> <span class='ocrx_word' id='word_1_61' title='bbox 533 1459 647 1505; x_wconf 87' lang='lat' dir='ltr'><strong>manus</strong></span> <span class='ocrx_word' id='word_1_62' title='bbox 663 1437 799 1504; x_wconf 88' lang='lat' dir='ltr'><strong>ulcionis</strong></span> <span class='ocrx_word' id='word_1_63' title='bbox 816 1459 889 1504; x_wconf 91' lang='lat' dir='ltr'><strong>cum</strong></span> <span class='ocrx_word' id='word_1_64' title='bbox 898 1438 1103 1504; x_wconf 74' lang='lat' dir='ltr'><strong>Demetrium</strong></span> <span class='ocrx_word' id='word_1_65' title='bbox 1122 1437 1225 1504; x_wconf 91' lang='lat' dir='ltr'><strong>filium</strong></span> 
     </span>
     <span class='ocr_line' id='line_1_10' title="bbox 91 1545 1225 1633; baseline -0.001 -20"><span class='ocrx_word' id='word_1_66' title='bbox 91 1545 209 1613; x_wconf 92' lang='lat' dir='ltr'><strong>Boden</strong></span> <span class='ocrx_word' id='word_1_67' title='bbox 226 1547 391 1613; x_wconf 88' lang='lat' dir='ltr'><strong>tirranidis</strong></span> <span class='ocrx_word' id='word_1_68' title='bbox 407 1548 643 1633; x_wconf 87' lang='lat' dir='ltr'><strong>persecucionis</strong></span> <span class='ocrx_word' id='word_1_69' title='bbox 660 1552 802 1614; x_wconf 90' lang='lat' dir='ltr'><strong>actorem</strong></span> <span class='ocrx_word' id='word_1_70' title='bbox 818 1547 911 1631; x_wconf 85' lang='lat' dir='ltr'><strong>regni</strong></span> <span class='ocrx_word' id='word_1_71' title='bbox 927 1553 960 1613; x_wconf 90' lang='grc'><strong>11</strong></span> <span class='ocrx_word' id='word_1_72' title='bbox 979 1548 1060 1632; x_wconf 83' lang='lat' dir='ltr'><strong>regii</strong></span> <span class='ocrx_word' id='word_1_73' title='bbox 1085 1549 1134 1612; x_wconf 91' lang='lat' dir='ltr'><strong>sui</strong></span> <span class='ocrx_word' id='word_1_74' title='bbox 1159 1547 1225 1613; x_wconf 91' lang='lat' dir='ltr'><strong>dia-</strong></span> 
     </span>
     <span class='ocr_line' id='line_1_11' title="bbox 92 1655 1226 1742; baseline 0.002 -23"><span class='ocrx_word' id='word_1_75' title='bbox 92 1655 234 1722; x_wconf 87' lang='lat' dir='ltr'><strong>dematis</strong></span> <span class='ocrx_word' id='word_1_76' title='bbox 250 1658 414 1723; x_wconf 90' lang='lat' dir='ltr'><strong>notorium</strong></span> <span class='ocrx_word' id='word_1_77' title='bbox 429 1657 592 1724; x_wconf 86' lang='lat' dir='ltr'><strong>infidelem</strong></span> <span class='ocrx_word' id='word_1_78' title='bbox 618 1659 799 1723; x_wconf 85' lang='lat' dir='ltr'><strong>attestando</strong></span> <span class='ocrx_word' id='word_1_79' title='bbox 824 1658 987 1723; x_wconf 86' lang='lat' dir='ltr'><strong>universas</strong></span> <span class='ocrx_word' id='word_1_80' title='bbox 1011 1657 1226 1742; x_wconf 86' lang='lat' dir='ltr'><strong>possessiones</strong></span> 
     </span>
     <span class='ocr_line' id='line_1_12' title="bbox 91 1764 1226 1851; baseline 0.001 -22"><span class='ocrx_word' id='word_1_81' title='bbox 91 1765 239 1830; x_wconf 89' lang='lat' dir='ltr'><strong>eiusdem</strong></span> <span class='ocrx_word' id='word_1_82' title='bbox 264 1765 424 1832; x_wconf 84' lang='lat' dir='ltr'><strong>Demetrii</strong></span> <span class='ocrx_word' id='word_1_83' title='bbox 444 1766 504 1832; x_wconf 90' lang='lat' dir='ltr'><strong>filii</strong></span> <span class='ocrx_word' id='word_1_84' title='bbox 527 1766 644 1833; x_wconf 91' lang='lat' dir='ltr'><strong>Boden</strong></span> <span class='ocrx_word' id='word_1_85' title='bbox 673 1788 733 1851; x_wconf 91' lang='lat' dir='ltr'><strong>pro</strong></span> <span class='ocrx_word' id='word_1_86' title='bbox 766 1787 820 1832; x_wconf 90' lang='lat' dir='ltr'><strong>sue</strong></span> <span class='ocrx_word' id='word_1_87' title='bbox 851 1764 1052 1830; x_wconf 85' lang='lat' dir='ltr'><strong>infidelitatis</strong></span> <span class='ocrx_word' id='word_1_88' title='bbox 1086 1769 1163 1830; x_wconf 90' lang='lat' dir='ltr'><strong>nota</strong></span> <span class='ocrx_word' id='word_1_89' title='bbox 1189 1787 1226 1830; x_wconf 91' lang='lat' dir='ltr'><strong>ac</strong></span> 
     </span>
     <span class='ocr_line' id='line_1_13' title="bbox 90 1873 1226 1958; baseline -0.002 -18"><span class='ocrx_word' id='word_1_90' title='bbox 90 1894 205 1940; x_wconf 89' lang='lat' dir='ltr'><strong>omues</strong></span> <span class='ocrx_word' id='word_1_91' title='bbox 221 1876 436 1958; x_wconf 88' lang='lat' dir='ltr'><strong>possessiones</strong></span> <span class='ocrx_word' id='word_1_92' title='bbox 452 1875 638 1942; x_wconf 87' lang='lat' dir='ltr'><strong>Leustachii</strong></span> <span class='ocrx_word' id='word_1_93' title='bbox 655 1876 764 1957; x_wconf 84' lang='lat' dir='ltr'><strong>magni</strong></span> <span class='ocrx_word' id='word_1_94' title='bbox 781 1874 819 1939; x_wconf 89' lang='lat' dir='ltr'><strong>de</strong></span> <span class='ocrx_word' id='word_1_95' title='bbox 835 1873 1013 1958; x_wconf 91' lang='lat' dir='ltr'><strong>Wclprech</strong></span> <span class='ocrx_word' id='word_1_96' title='bbox 1032 1875 1226 1939; x_wconf 88' lang='grc'><strong>1111111111</strong></span> 
     </span>
     <span class='ocr_line' id='line_1_14' title="bbox 91 1981 1226 2067; baseline 0.001 -21"><span class='ocrx_word' id='word_1_97' title='bbox 91 1987 182 2046; x_wconf 86' lang='lat' dir='ltr'><strong>terre</strong></span> <span class='ocrx_word' id='word_1_98' title='bbox 198 1983 376 2048; x_wconf 80' lang='lat' dir='ltr'><strong>vivencium</strong></span> <span class='ocrx_word' id='word_1_99' title='bbox 393 1983 515 2067; x_wconf 88' lang='lat' dir='ltr'><strong>absque</strong></span> <span class='ocrx_word' id='word_1_100' title='bbox 538 1982 693 2048; x_wconf 88' lang='lat' dir='ltr'><strong>heredum</strong></span> <span class='ocrx_word' id='word_1_101' title='bbox 718 1982 836 2048; x_wconf 89' lang='lat' dir='ltr'><strong>solacio</strong></span> <span class='ocrx_word' id='word_1_102' title='bbox 862 1982 1056 2067; x_wconf 88' lang='lat' dir='ltr'><strong>sequestrati</strong></span> <span class='ocrx_word' id='word_1_103' title='bbox 1080 1981 1226 2047; x_wconf 86' lang='lat' dir='ltr'><strong>humato·</strong></span> 
     </span>
     <span class='ocr_line' id='line_1_15' title="bbox 91 2090 1228 2176; baseline 0 -22"><span class='ocrx_word' id='word_1_104' title='bbox 91 2112 166 2156; x_wconf 88' lang='lat' dir='ltr'><strong>rum</strong></span> <span class='ocrx_word' id='word_1_105' title='bbox 184 2091 396 2158; x_wconf 89' lang='lat' dir='ltr'><strong>contubernio</strong></span> <span class='ocrx_word' id='word_1_106' title='bbox 422 2091 576 2176; x_wconf 89' lang='lat' dir='ltr'><strong>applicati</strong></span> <span class='ocrx_word' id='word_1_107' title='bbox 602 2099 634 2156; x_wconf 91' lang='lat' dir='ltr'><strong>et</strong></span> <span class='ocrx_word' id='word_1_108' title='bbox 656 2091 929 2176; x_wconf 87' lang='lat' dir='ltr'><strong>requiescencium</strong></span> <span class='ocrx_word' id='word_1_109' title='bbox 946 2090 1065 2156; x_wconf 88' lang='lat' dir='ltr'><strong>solacio</strong></span> <span class='ocrx_word' id='word_1_110' title='bbox 1082 2090 1228 2174; x_wconf 79' lang='lat' dir='ltr'><strong>agregati</strong></span> 
     </span>
     <span class='ocr_line' id='line_1_16' title="bbox 91 2197 1227 2283; baseline 0.001 -21"><span class='ocrx_word' id='word_1_111' title='bbox 91 2200 125 2263; x_wconf 93' lang='lat' dir='ltr'><strong>in</strong></span> <span class='ocrx_word' id='word_1_112' title='bbox 142 2199 346 2282; x_wconf 88' lang='lat' dir='ltr'><strong>quibuslibet</strong></span> <span class='ocrx_word' id='word_1_113' title='bbox 363 2199 567 2266; x_wconf 86' lang='lat' dir='ltr'><strong>comitatibus</strong></span> <span class='ocrx_word' id='word_1_114' title='bbox 593 2201 765 2265; x_wconf 83' lang='lat' dir='ltr'><strong>existentes</strong></span> <span class='ocrx_word' id='word_1_115' title='bbox 790 2197 883 2265; x_wconf 86' lang='lat' dir='ltr'><strong>simul</strong></span> <span class='ocrx_word' id='word_1_116' title='bbox 900 2220 973 2265; x_wconf 88' lang='lat' dir='ltr'><strong>cum</strong></span> <span class='ocrx_word' id='word_1_117' title='bbox 998 2202 1102 2264; x_wconf 89' lang='grc'><strong>111111</strong></span> <span class='ocrx_word' id='word_1_118' title='bbox 1119 2197 1227 2283; x_wconf 83' lang='lat' dir='ltr'><strong>Syruh</strong></span> 
     </span>
     <span class='ocr_line' id='line_1_17' title="bbox 93 2306 1227 2394; baseline 0.001 -23"><span class='ocrx_word' id='word_1_119' title='bbox 93 2311 212 2372; x_wconf 80' lang='lat' dir='ltr'><strong>vocato</strong></span> <span class='ocrx_word' id='word_1_120' title='bbox 240 2309 394 2390; x_wconf 82' lang='lat' dir='ltr'><strong>magistro</strong></span> <span class='ocrx_word' id='word_1_121' title='bbox 421 2307 556 2394; x_wconf 80' lang='lat' dir='ltr'><strong>Ohenyk</strong></span> <span class='ocrx_word' id='word_1_122' title='bbox 581 2308 718 2375; x_wconf 90' lang='lat' dir='ltr'><strong>bohemo</strong></span> <span class='ocrx_word' id='word_1_123' title='bbox 744 2313 875 2374; x_wconf 90' lang='lat' dir='ltr'><strong>strenuo</strong></span> <span class='ocrx_word' id='word_1_124' title='bbox 901 2312 934 2373; x_wconf 88' lang='lat' dir='ltr'><strong>et</strong></span> <span class='ocrx_word' id='word_1_125' title='bbox 959 2306 1047 2374; x_wconf 89' lang='lat' dir='ltr'><strong>fideli</strong></span> <span class='ocrx_word' id='word_1_126' title='bbox 1072 2307 1144 2374; x_wconf 87' lang='lat' dir='ltr'><strong>aule</strong></span> <span class='ocrx_word' id='word_1_127' title='bbox 1171 2329 1227 2373; x_wconf 92' lang='lat' dir='ltr'><strong>sue</strong></span> 
     </span>
     <span class='ocr_line' id='line_1_18' title="bbox 90 2415 1227 2502; baseline -0.001 -21"><span class='ocrx_word' id='word_1_128' title='bbox 90 2416 275 2482; x_wconf 87' lang='lat' dir='ltr'><strong>maiestatis</strong></span> <span class='ocrx_word' id='word_1_129' title='bbox 295 2417 390 2482; x_wconf 90' lang='lat' dir='ltr'><strong>militi</strong></span> <span class='ocrx_word' id='word_1_130' title='bbox 400 2417 434 2482; x_wconf 93' lang='lat' dir='ltr'><strong>in</strong></span> <span class='ocrx_word' id='word_1_131' title='bbox 445 2417 779 2502; x_wconf 87' lang='lat' dir='ltr'><strong>recompensacionem</strong></span> <span class='ocrx_word' id='word_1_132' title='bbox 789 2416 1049 2482; x_wconf 87' lang='lat' dir='ltr'><strong>fidelissimorum</strong></span> <span class='ocrx_word' id='word_1_133' title='bbox 1060 2415 1227 2498; x_wconf 87' lang='lat' dir='ltr'><strong>obsequio-</strong></span> 
     </span>
     <span class='ocr_line' id='line_1_19' title="bbox 91 2521 1227 2610; baseline 0 -22"><span class='ocrx_word' id='word_1_134' title='bbox 91 2546 168 2589; x_wconf 88' lang='lat' dir='ltr'><strong>rum</strong></span> <span class='ocrx_word' id='word_1_135' title='bbox 186 2545 320 2589; x_wconf 88' lang='lat' dir='ltr'><strong>suorum</strong></span> <span class='ocrx_word' id='word_1_136' title='bbox 335 2532 493 2610; x_wconf 88' lang='lat' dir='ltr'><strong>perpetuo</strong></span> <span class='ocrx_word' id='word_1_137' title='bbox 519 2523 709 2590; x_wconf 88' lang='lat' dir='ltr'><strong>contulisset</strong></span> <span class='ocrx_word' id='word_1_138' title='bbox 726 2529 758 2590; x_wconf 91' lang='lat' dir='ltr'><strong>et</strong></span> <span class='ocrx_word' id='word_1_139' title='bbox 775 2524 902 2590; x_wconf 89' lang='lat' dir='ltr'><strong>easdem</strong></span> <span class='ocrx_word' id='word_1_140' title='bbox 919 2523 1062 2588; x_wconf 87' lang='lat' dir='ltr'><strong>scribens</strong></span> <span class='ocrx_word' id='word_1_141' title='bbox 1077 2521 1227 2588; x_wconf 87' lang='lat' dir='ltr'><strong>fidelibus</strong></span> 
     </span>
     <span class='ocr_line' id='line_1_20' title="bbox 91 2629 1227 2716; baseline 0.001 -21"><span class='ocrx_word' id='word_1_142' title='bbox 91 2633 159 2696; x_wconf 85' lang='lat' dir='ltr'><strong>suis</strong></span> <span class='ocrx_word' id='word_1_143' title='bbox 179 2630 364 2697; x_wconf 83' lang='lat' dir='ltr'><strong>honorabili</strong></span> <span class='ocrx_word' id='word_1_144' title='bbox 382 2633 523 2716; x_wconf 90' lang='lat' dir='ltr'><strong>capitulo</strong></span> <span class='ocrx_word' id='word_1_145' title='bbox 540 2633 673 2698; x_wconf 89' lang='lat' dir='ltr'><strong>ecclesie</strong></span> <span class='ocrx_word' id='word_1_146' title='bbox 683 2630 856 2716; x_wconf 87' lang='lat' dir='ltr'><strong>Agriensis</strong></span> <span class='ocrx_word' id='word_1_147' title='bbox 872 2653 930 2716; x_wconf 89' lang='lat' dir='ltr'><strong>per</strong></span> <span class='ocrx_word' id='word_1_148' title='bbox 947 2629 1116 2716; x_wconf 91' lang='lat' dir='ltr'><strong>specialem</strong></span> <span class='ocrx_word' id='word_1_149' title='bbox 1126 2631 1227 2696; x_wconf 91' lang='lat' dir='ltr'><strong>homi·</strong></span> 
     </span>
     <span class='ocr_line' id='line_1_21' title="bbox 90 2739 1227 2825; baseline 0 -21"><span class='ocrx_word' id='word_1_150' title='bbox 90 2761 167 2805; x_wconf 91' lang='lat' dir='ltr'><strong>nem</strong></span> <span class='ocrx_word' id='word_1_151' title='bbox 186 2761 281 2804; x_wconf 91' lang='lat' dir='ltr'><strong>suum</strong></span> <span class='ocrx_word' id='word_1_152' title='bbox 299 2739 359 2805; x_wconf 90' lang='lat' dir='ltr'><strong>sub</strong></span> <span class='ocrx_word' id='word_1_153' title='bbox 374 2741 438 2805; x_wconf 91' lang='lat' dir='ltr'><strong>iam</strong></span> <span class='ocrx_word' id='word_1_154' title='bbox 463 2739 542 2806; x_wconf 90' lang='lat' dir='ltr'><strong>dicti</strong></span> <span class='ocrx_word' id='word_1_155' title='bbox 559 2741 691 2825; x_wconf 86' lang='lat' dir='ltr'><strong>capituli</strong></span> <span class='ocrx_word' id='word_1_156' title='bbox 715 2741 901 2807; x_wconf 89' lang='lat' dir='ltr'><strong>testimonio</strong></span> <span class='ocrx_word' id='word_1_157' title='bbox 916 2742 1007 2806; x_wconf 86' lang='lat' dir='ltr'><strong>iuxta</strong></span> <span class='ocrx_word' id='word_1_158' title='bbox 1022 2739 1227 2825; x_wconf 87' lang='lat' dir='ltr'><strong>aprobatissi-</strong></span> 
     </span>
     <span class='ocr_line' id='line_1_22' title="bbox 89 2848 1227 2929; baseline 0.001 -15"><span class='ocrx_word' id='word_1_159' title='bbox 89 2868 179 2914; x_wconf 88' lang='lat' dir='ltr'><strong>mam</strong></span> <span class='ocrx_word' id='word_1_160' title='bbox 204 2848 297 2929; x_wconf 82' lang='lat' dir='ltr'><strong>regni</strong></span> <span class='ocrx_word' id='word_1_161' title='bbox 327 2849 378 2914; x_wconf 87' lang='lat' dir='ltr'><strong>sui</strong></span> <span class='ocrx_word' id='word_1_162' title='bbox 403 2849 664 2915; x_wconf 86' lang='lat' dir='ltr'><strong>consvetudinem</strong></span> <span class='ocrx_word' id='word_1_163' title='bbox 695 2851 872 2917; x_wconf 90' lang='lat' dir='ltr'><strong>vicinorum</strong></span> <span class='ocrx_word' id='word_1_164' title='bbox 889 2852 920 2916; x_wconf 90' lang='grc'><strong>11</strong></span> <span class='ocrx_word' id='word_1_165' title='bbox 937 2854 1227 2916; x_wconf 86' lang='grc'><strong>1111111111111111</strong></span> 
     </span>
     <span class='ocr_line' id='line_1_23' title="bbox 90 2957 1227 3044; baseline 0.003 -24"><span class='ocrx_word' id='word_1_166' title='bbox 90 2977 209 3021; x_wconf 88' lang='lat' dir='ltr'><strong>earum</strong></span> <span class='ocrx_word' id='word_1_167' title='bbox 225 2957 447 3023; x_wconf 88' lang='lat' dir='ltr'><strong>universorum</strong></span> <span class='ocrx_word' id='word_1_168' title='bbox 463 2959 616 3042; x_wconf 80' lang='lat' dir='ltr'><strong>legitimis</strong></span> <span class='ocrx_word' id='word_1_169' title='bbox 633 2957 918 3025; x_wconf 89' lang='lat' dir='ltr'><strong>convoeacionibus</strong></span> <span class='ocrx_word' id='word_1_170' title='bbox 934 2957 1054 3024; x_wconf 85' lang='lat' dir='ltr'><strong>habitis</strong></span> <span class='ocrx_word' id='word_1_171' title='bbox 1070 2978 1128 3044; x_wconf 91' lang='lat' dir='ltr'><strong>per</strong></span> <span class='ocrx_word' id='word_1_172' title='bbox 1143 2963 1227 3023; x_wconf 90' lang='lat' dir='ltr'><strong>vete·</strong></span> 
     </span>
     <span class='ocr_line' id='line_1_24' title="bbox 89 3065 1227 3150; baseline 0.003 -21"><span class='ocrx_word' id='word_1_173' title='bbox 89 3085 143 3130; x_wconf 87' lang='lat' dir='ltr'><strong>res</strong></span> <span class='ocrx_word' id='word_1_174' title='bbox 161 3071 196 3130; x_wconf 90' lang='lat' dir='ltr'><strong>ct</strong></span> <span class='ocrx_word' id='word_1_175' title='bbox 213 3065 364 3148; x_wconf 88' lang='lat' dir='ltr'><strong>antiquas</strong></span> <span class='ocrx_word' id='word_1_176' title='bbox 387 3072 488 3132; x_wconf 89' lang='lat' dir='ltr'><strong>metas</strong></span> <span class='ocrx_word' id='word_1_177' title='bbox 504 3066 697 3132; x_wconf 90' lang='lat' dir='ltr'><strong>reambulari</strong></span> <span class='ocrx_word' id='word_1_178' title='bbox 724 3071 757 3133; x_wconf 87' lang='grc'><strong>11</strong></span> <span class='ocrx_word' id='word_1_179' title='bbox 773 3067 799 3132; x_wconf 88' lang='grc'><strong>11</strong></span> <span class='ocrx_word' id='word_1_180' title='bbox 817 3066 1032 3133; x_wconf 86' lang='lat' dir='ltr'><strong>contradicoio</strong></span> <span class='ocrx_word' id='word_1_181' title='bbox 1049 3067 1227 3150; x_wconf 88' lang='lat' dir='ltr'><strong>cuiuspiam</strong></span> 
     </span>
     <span class='ocr_line' id='line_1_25' title="bbox 90 3172 1227 3260; baseline 0.004 -23"><span class='ocrx_word' id='word_1_182' title='bbox 90 3173 157 3240; x_wconf 90' lang='lat' dir='ltr'><strong>sibi</strong></span> <span class='ocrx_word' id='word_1_183' title='bbox 174 3195 243 3239; x_wconf 93' lang='lat' dir='ltr'><strong>non</strong></span> <span class='ocrx_word' id='word_1_184' title='bbox 270 3173 416 3239; x_wconf 87' lang='lat' dir='ltr'><strong>obviaret</strong></span> <span class='ocrx_word' id='word_1_185' title='bbox 441 3174 589 3258; x_wconf 88' lang='lat' dir='ltr'><strong>predicto</strong></span> <span class='ocrx_word' id='word_1_186' title='bbox 605 3176 762 3256; x_wconf 80' lang='lat' dir='ltr'><strong>magistro</strong></span> <span class='ocrx_word' id='word_1_187' title='bbox 782 3172 907 3241; x_wconf 85' lang='lat' dir='ltr'><strong>Ohenik</strong></span> <span class='ocrx_word' id='word_1_188' title='bbox 931 3177 1090 3260; x_wconf 90' lang='lat' dir='ltr'><strong>perpetua</strong></span> <span class='ocrx_word' id='word_1_189' title='bbox 1106 3176 1227 3241; x_wconf 88' lang='lat' dir='ltr'><strong>stabili·</strong></span> 
     </span>
     <span class='ocr_line' id='line_1_26' title="bbox 90 3281 1228 3367; baseline 0.003 -21"><span class='ocrx_word' id='word_1_190' title='bbox 90 3287 162 3346; x_wconf 90' lang='lat' dir='ltr'><strong>tate</strong></span> <span class='ocrx_word' id='word_1_191' title='bbox 197 3281 298 3346; x_wconf 90' lang='lat' dir='ltr'><strong>statui</strong></span> <span class='ocrx_word' id='word_1_192' title='bbox 323 3287 356 3347; x_wconf 86' lang='lat' dir='ltr'><strong>et</strong></span> <span class='ocrx_word' id='word_1_193' title='bbox 380 3281 538 3367; x_wconf 88' lang='lat' dir='ltr'><strong>applicari</strong></span> <span class='ocrx_word' id='word_1_194' title='bbox 577 3281 897 3367; x_wconf 89' lang='lat' dir='ltr'><strong>contradictoresque</strong></span> <span class='ocrx_word' id='word_1_195' title='bbox 928 3284 962 3349; x_wconf 90' lang='lat' dir='ltr'><strong>in</strong></span> <span class='ocrx_word' id='word_1_196' title='bbox 994 3283 1228 3350; x_wconf 88' lang='lat' dir='ltr'><strong>statucionibus</strong></span> 
     </span>
     <span class='ocr_line' id='line_1_27' title="bbox 89 3389 1228 3475; baseline 0.002 -21"><span class='ocrx_word' id='word_1_197' title='bbox 89 3389 282 3455; x_wconf 86' lang='lat' dir='ltr'><strong>earumdem</strong></span> <span class='ocrx_word' id='word_1_198' title='bbox 298 3397 491 3475; x_wconf 87' lang='lat' dir='ltr'><strong>apparentes</strong></span> <span class='ocrx_word' id='word_1_199' title='bbox 509 3397 621 3456; x_wconf 90' lang='lat' dir='ltr'><strong>contra</strong></span> <span class='ocrx_word' id='word_1_200' title='bbox 637 3393 743 3475; x_wconf 90' lang='lat' dir='ltr'><strong>ipsum</strong></span> <span class='ocrx_word' id='word_1_201' title='bbox 763 3390 887 3458; x_wconf 80' lang='lat' dir='ltr'><strong>Ohenilr</strong></span> <span class='ocrx_word' id='word_1_202' title='bbox 903 3392 944 3458; x_wconf 87' lang='lat' dir='ltr'><strong>ad</strong></span> <span class='ocrx_word' id='word_1_203' title='bbox 969 3413 1025 3457; x_wconf 92' lang='lat' dir='ltr'><strong>sue</strong></span> <span class='ocrx_word' id='word_1_204' title='bbox 1049 3391 1228 3458; x_wconf 89' lang='lat' dir='ltr'><strong>maiestatis</strong></span> 
     </span>
     <span class='ocr_line' id='line_1_28' title="bbox 88 3497 1227 3585; baseline 0 -23"><span class='ocrx_word' id='word_1_205' title='bbox 88 3498 298 3583; x_wconf 87' lang='lat' dir='ltr'><strong>presenciam</strong></span> <span class='ocrx_word' id='word_1_206' title='bbox 314 3497 355 3562; x_wconf 90' lang='lat' dir='ltr'><strong>ad</strong></span> <span class='ocrx_word' id='word_1_207' title='bbox 374 3499 549 3563; x_wconf 89' lang='lat' dir='ltr'><strong>terminum</strong></span> <span class='ocrx_word' id='word_1_208' title='bbox 576 3504 813 3583; x_wconf 86' lang='lat' dir='ltr'><strong>competentem</strong></span> <span class='ocrx_word' id='word_1_209' title='bbox 829 3521 887 3585; x_wconf 89' lang='lat' dir='ltr'><strong>per</strong></span> <span class='ocrx_word' id='word_1_210' title='bbox 904 3499 1035 3566; x_wconf 89' lang='lat' dir='ltr'><strong>modurn</strong></span> <span class='ocrx_word' id='word_1_211' title='bbox 1060 3499 1227 3566; x_wconf 88' lang='lat' dir='ltr'><strong>citaciouis</strong></span> 
     </span>
     <span class='ocr_line' id='line_1_29' title="bbox 90 3605 1227 3690; baseline -0.002 -17"><span class='ocrx_word' id='word_1_212' title='bbox 90 3605 224 3674; x_wconf 86' lang='lat' dir='ltr'><strong>evocari</strong></span> <span class='ocrx_word' id='word_1_213' title='bbox 240 3612 272 3671; x_wconf 89' lang='lat' dir='ltr'><strong>et</strong></span> <span class='ocrx_word' id='word_1_214' title='bbox 300 3607 416 3671; x_wconf 90' lang='lat' dir='ltr'><strong>seriem</strong></span> <span class='ocrx_word' id='word_1_215' title='bbox 441 3607 672 3690; x_wconf 88' lang='lat' dir='ltr'><strong>premissorum</strong></span> <span class='ocrx_word' id='word_1_216' title='bbox 698 3628 771 3672; x_wconf 93' lang='lat' dir='ltr'><strong>cum</strong></span> <span class='ocrx_word' id='word_1_217' title='bbox 796 3607 979 3674; x_wconf 88' lang='lat' dir='ltr'><strong>nominibus</strong></span> <span class='ocrx_word' id='word_1_218' title='bbox 996 3607 1169 3672; x_wconf 88' lang='lat' dir='ltr'><strong>citatorum</strong></span> <span class='ocrx_word' id='word_1_219' title='bbox 1195 3611 1227 3672; x_wconf 90' lang='lat' dir='ltr'><strong>et</strong></span> 
     </span>
     <span class='ocr_line' id='line_1_30' title="bbox 88 3713 1227 3800; baseline -0.002 -18"><span class='ocrx_word' id='word_1_220' title='bbox 88 3715 233 3782; x_wconf 87' lang='lat' dir='ltr'><strong>termino</strong></span> <span class='ocrx_word' id='word_1_221' title='bbox 250 3715 414 3799; x_wconf 83' lang='lat' dir='ltr'><strong>assignato</strong></span> <span class='ocrx_word' id='word_1_222' title='bbox 440 3736 496 3780; x_wconf 88' lang='lat' dir='ltr'><strong>sne</strong></span> <span class='ocrx_word' id='word_1_223' title='bbox 521 3716 609 3798; x_wconf 86' lang='lat' dir='ltr'><strong>regie</strong></span> <span class='ocrx_word' id='word_1_224' title='bbox 633 3713 828 3798; x_wconf 86' lang='lat' dir='ltr'><strong>benignitati</strong></span> <span class='ocrx_word' id='word_1_225' title='bbox 846 3735 903 3800; x_wconf 90' lang='lat' dir='ltr'><strong>per</strong></span> <span class='ocrx_word' id='word_1_226' title='bbox 926 3715 1032 3800; x_wconf 85' lang='lat' dir='ltr'><strong>ipsum</strong></span> <span class='ocrx_word' id='word_1_227' title='bbox 1050 3713 1227 3799; x_wconf 89' lang='lat' dir='ltr'><strong>capitulum</strong></span> 
     </span>
     <span class='ocr_line' id='line_1_31' title="bbox 86 3819 1226 3907; baseline -0.002 -19"><span class='ocrx_word' id='word_1_228' title='bbox 86 3823 263 3907; x_wconf 84' lang='lat' dir='ltr'><strong>Agriense</strong></span> <span class='ocrx_word' id='word_1_229' title='bbox 287 3821 422 3886; x_wconf 86' lang='lat' dir='ltr'><strong>rescribi</strong></span> <span class='ocrx_word' id='word_1_230' title='bbox 438 3821 544 3887; x_wconf 88' lang='lat' dir='ltr'><strong>facere</strong></span> <span class='ocrx_word' id='word_1_231' title='bbox 562 3821 740 3888; x_wconf 87' lang='lat' dir='ltr'><strong>literatorie</strong></span> <span class='ocrx_word' id='word_1_232' title='bbox 756 3821 915 3904; x_wconf 82' lang='lat' dir='ltr'><strong>edixisset,</strong></span> <span class='ocrx_word' id='word_1_233' title='bbox 940 3819 1024 3886; x_wconf 89' lang='lat' dir='ltr'><strong>idem</strong></span> <span class='ocrx_word' id='word_1_234' title='bbox 1049 3820 1226 3906; x_wconf 88' lang='lat' dir='ltr'><strong>capitulum</strong></span> 
     </span>
     <span class='ocr_line' id='line_1_32' title="bbox 85 3926 1226 4016; baseline -0.004 -18"><span class='ocrx_word' id='word_1_235' title='bbox 85 3931 256 4016; x_wconf 87' lang='lat' dir='ltr'><strong>Agriense</strong></span> <span class='ocrx_word' id='word_1_236' title='bbox 271 3931 463 4013; x_wconf 86' lang='lat' dir='ltr'><strong>magistrum</strong></span> <span class='ocrx_word' id='word_1_237' title='bbox 489 3926 608 4016; x_wconf 79' lang='lat' dir='ltr'><strong>Cheley</strong></span> <span class='ocrx_word' id='word_1_238' title='bbox 624 3929 726 3995; x_wconf 90' lang='lat' dir='ltr'><strong>filium</strong></span> <span class='ocrx_word' id='word_1_239' title='bbox 745 3929 876 3997; x_wconf 88' lang='lat' dir='ltr'><strong>Nicolei</strong></span> <span class='ocrx_word' id='word_1_240' title='bbox 893 3930 933 3996; x_wconf 91' lang='lat' dir='ltr'><strong>de</strong></span> <span class='ocrx_word' id='word_1_241' title='bbox 949 3951 1067 4014; x_wconf 87' lang='lat' dir='ltr'><strong>genere</strong></span> <span class='ocrx_word' id='word_1_242' title='bbox 1092 3927 1169 3995; x_wconf 89' lang='lat' dir='ltr'><strong>Aba</strong></span> <span class='ocrx_word' id='word_1_243' title='bbox 1193 3930 1226 3995; x_wconf 95' lang='lat' dir='ltr'><strong>in</strong></span> 
     </span>
     <span class='ocr_line' id='line_1_33' title="bbox 87 4037 1226 4123; baseline -0.004 -16"><span class='ocrx_word' id='word_1_244' title='bbox 87 4039 279 4106; x_wconf 86' lang='lat' dir='ltr'><strong>statucione</strong></span> <span class='ocrx_word' id='word_1_245' title='bbox 294 4039 533 4123; x_wconf 88' lang='lat' dir='ltr'><strong>possessionum</strong></span> <span class='ocrx_word' id='word_1_246' title='bbox 558 4039 655 4122; x_wconf 86' lang='lat' dir='ltr'><strong>Bura,</strong></span> <span class='ocrx_word' id='word_1_247' title='bbox 671 4038 858 4123; x_wconf 85' lang='lat' dir='ltr'><strong>Bochanad,</strong></span> <span class='ocrx_word' id='word_1_248' title='bbox 878 4037 1011 4123; x_wconf 85' lang='lat' dir='ltr'><strong>Scenth,</strong></span> <span class='ocrx_word' id='word_1_249' title='bbox 1026 4038 1097 4122; x_wconf 91' lang='lat' dir='ltr'><strong>Ida,</strong></span> <span class='ocrx_word' id='word_1_250' title='bbox 1113 4037 1226 4104; x_wconf 86' lang='lat' dir='ltr'><strong>U&#39;falu</strong></span> 
     </span>
     <span class='ocr_line' id='line_1_34' title="bbox 86 4146 1226 4234; baseline -0.004 -20"><span class='ocrx_word' id='word_1_251' title='bbox 86 4156 119 4214; x_wconf 83' lang='grc'><strong>11</strong></span> <span class='ocrx_word' id='word_1_252' title='bbox 135 4146 281 4234; x_wconf 85' lang='lat' dir='ltr'><strong>Lytheri</strong></span> <span class='ocrx_word' id='word_1_253' title='bbox 296 4149 481 4211; x_wconf 87' lang='lat' dir='ltr'><strong>vocatarum</strong></span> <span class='ocrx_word' id='word_1_254' title='bbox 498 4147 626 4211; x_wconf 92' lang='lat' dir='ltr'><strong>nomine</strong></span> <span class='ocrx_word' id='word_1_255' title='bbox 642 4147 882 4232; x_wconf 88' lang='lat' dir='ltr'><strong>posscssionum</strong></span> <span class='ocrx_word' id='word_1_256' title='bbox 892 4147 1054 4214; x_wconf 86' lang='lat' dir='ltr'><strong>dictorum</strong></span> <span class='ocrx_word' id='word_1_257' title='bbox 1063 4147 1226 4214; x_wconf 89' lang='lat' dir='ltr'><strong>Demetrii</strong></span> 
     </span>
     <span class='ocr_line' id='line_1_35' title="bbox 85 4253 1224 4340; baseline -0.002 -18"><span class='ocrx_word' id='word_1_258' title='bbox 85 4257 148 4322; x_wconf 91' lang='lat' dir='ltr'><strong>filii</strong></span> <span class='ocrx_word' id='word_1_259' title='bbox 163 4254 288 4322; x_wconf 91' lang='lat' dir='ltr'><strong>Boden</strong></span> <span class='ocrx_word' id='word_1_260' title='bbox 305 4259 338 4319; x_wconf 90' lang='lat' dir='ltr'><strong>et</strong></span> <span class='ocrx_word' id='word_1_261' title='bbox 354 4253 541 4320; x_wconf 89' lang='lat' dir='ltr'><strong>Leustachii</strong></span> <span class='ocrx_word' id='word_1_262' title='bbox 557 4255 666 4338; x_wconf 84' lang='lat' dir='ltr'><strong>magni</strong></span> <span class='ocrx_word' id='word_1_263' title='bbox 682 4255 721 4320; x_wconf 89' lang='lat' dir='ltr'><strong>de</strong></span> <span class='ocrx_word' id='word_1_264' title='bbox 738 4254 916 4340; x_wconf 87' lang='lat' dir='ltr'><strong>Wclprech</strong></span> <span class='ocrx_word' id='word_1_265' title='bbox 931 4255 1058 4340; x_wconf 84' lang='lat' dir='ltr'><strong>prefato</strong></span> <span class='ocrx_word' id='word_1_266' title='bbox 1069 4253 1224 4338; x_wconf 82' lang='lat' dir='ltr'><strong>magistro</strong></span> 
     </span>
     <span class='ocr_line' id='line_1_36' title="bbox 84 4360 1225 4430; baseline -0.003 0"><span class='ocrx_word' id='word_1_267' title='bbox 84 4362 221 4430; x_wconf 82' lang='lat' dir='ltr'><strong>Ohenilr</strong></span> <span class='ocrx_word' id='word_1_268' title='bbox 245 4361 385 4429; x_wconf 90' lang='lat' dir='ltr'><strong>bohemo</strong></span> <span class='ocrx_word' id='word_1_269' title='bbox 402 4360 548 4428; x_wconf 82' lang='lat' dir='ltr'><strong>facienda</strong></span> <span class='ocrx_word' id='word_1_270' title='bbox 564 4363 832 4429; x_wconf 89' lang='lat' dir='ltr'><strong>contradictorem</strong></span> <span class='ocrx_word' id='word_1_271' title='bbox 848 4363 993 4428; x_wconf 83' lang='lat' dir='ltr'><strong>extitisse</strong></span> <span class='ocrx_word' id='word_1_272' title='bbox 1010 4367 1043 4428; x_wconf 88' lang='lat' dir='ltr'><strong>et</strong></span> <span class='ocrx_word' id='word_1_273' title='bbox 1061 4363 1225 4429; x_wconf 89' lang='lat' dir='ltr'><strong>racionem</strong></span> 
     </span>
     <span class='ocr_line' id='line_1_37' title="bbox 83 4469 1223 4558; baseline -0.004 -19"><span class='ocrx_word' id='word_1_274' title='bbox 83 4473 191 4558; x_wconf 87' lang='lat' dir='ltr'><strong>ipsius</strong></span> <span class='ocrx_word' id='word_1_275' title='bbox 220 4469 490 4538; x_wconf 87' lang='lat' dir='ltr'><strong>contradiccionis</strong></span> <span class='ocrx_word' id='word_1_276' title='bbox 523 4489 606 4537; x_wconf 88' lang='lat' dir='ltr'><strong>anno</strong></span> <span class='ocrx_word' id='word_1_277' title='bbox 633 4470 755 4538; x_wconf 89' lang='lat' dir='ltr'><strong>domini</strong></span> <span class='ocrx_word' id='word_1_278' title='bbox 779 4470 833 4536; x_wconf 84' lang='grc' dir='ltr'><strong>Μ0</strong></span> <span class='ocrx_word' id='word_1_279' title='bbox 858 4469 960 4538; x_wconf 80' lang='lat'>000⁰</span> <span class='ocrx_word' id='word_1_280' title='bbox 985 4469 1077 4537; x_wconf 88' lang='lat' dir='ltr'><strong>XX⁰</strong></span> <span class='ocrx_word' id='word_1_281' title='bbox 1108 4474 1223 4537; x_wconf 90' lang='lat' dir='ltr'><strong>octavo</strong></span> 
     </span>
     <span class='ocr_line' id='line_1_38' title="bbox 84 4577 1225 4665; baseline -0.003 -18"><span class='ocrx_word' id='word_1_282' title='bbox 84 4585 207 4647; x_wconf 86' lang='lat' dir='ltr'><strong>contra</strong></span> <span class='ocrx_word' id='word_1_283' title='bbox 221 4580 329 4665; x_wconf 89' lang='lat' dir='ltr'><strong>ipsum</strong></span> <span class='ocrx_word' id='word_1_284' title='bbox 346 4577 473 4645; x_wconf 77' lang='lat' dir='ltr'><strong>(lhenilr</strong></span> <span class='ocrx_word' id='word_1_285' title='bbox 498 4578 540 4643; x_wconf 89' lang='lat' dir='ltr'><strong>ad</strong></span> <span class='ocrx_word' id='word_1_286' title='bbox 555 4581 726 4646; x_wconf 86' lang='lat' dir='ltr'><strong>terminum</strong></span> <span class='ocrx_word' id='word_1_287' title='bbox 752 4585 989 4665; x_wconf 86' lang='lat' dir='ltr'><strong>competentem</strong></span> <span class='ocrx_word' id='word_1_288' title='bbox 1015 4580 1157 4664; x_wconf 86' lang='lat' dir='ltr'><strong>legitime</strong></span> <span class='ocrx_word' id='word_1_289' title='bbox 1182 4579 1225 4646; x_wconf 90' lang='lat' dir='ltr'><strong>ad</strong></span> 
     </span>
     <span class='ocr_line' id='line_1_39' title="bbox 83 4685 1226 4778; baseline -0.001 -24"><span class='ocrx_word' id='word_1_290' title='bbox 83 4689 212 4776; x_wconf 84' lang='lat' dir='ltr'><strong>regiam</strong></span> <span class='ocrx_word' id='word_1_291' title='bbox 228 4688 429 4776; x_wconf 90' lang='lat' dir='ltr'><strong>presenciam</strong></span> <span class='ocrx_word' id='word_1_292' title='bbox 445 4685 580 4756; x_wconf 85' lang='lat' dir='ltr'><strong>citatum</strong></span> <span class='ocrx_word' id='word_1_293' title='bbox 597 4687 695 4756; x_wconf 89' lang='lat' dir='ltr'><strong>fuisse</strong></span> <span class='ocrx_word' id='word_1_294' title='bbox 711 4689 921 4778; x_wconf 86' lang='lat' dir='ltr'><strong>rescripserat</strong></span> <span class='ocrx_word' id='word_1_295' title='bbox 939 4690 1027 4776; x_wconf 84' lang='lat' dir='ltr'><strong>regie</strong></span> <span class='ocrx_word' id='word_1_296' title='bbox 1044 4689 1226 4773; x_wconf 87' lang='lat' dir='ltr'><strong>maiestati;</strong></span> 
     </span>
    </p>
   </div>
   <div class='ocr_carea' id='block_1_3' title="bbox 0 0 1582 5474">
    <p class='ocr_par' dir='ltr' id='par_1_3' title="bbox 0 0 1582 5474">
     <span class='ocr_line' id='line_1_40' title="bbox 0 0 1582 5474; baseline 0 1"><span class='ocrx_word' id='word_1_297' title='bbox 0 0 1582 5474; x_wconf 95' lang='lat' dir='ltr'><strong> </strong></span> 
     </span>
    </p>
   </div>
  </div>
 </body>
</html>
