3112 5466
607 297 614 326 l

531 465 627 527 1326.
643 481 716 526 nno.
736 467 787 528 20.
1170 465 1233 528 267

108 651 252 712 tenemur
267 650 300 710 et
315 644 465 712 obnixius
484 641 682 728 continuare,
699 649 770 709 tum
785 646 920 728 propter
945 642 1123 710 efficaciam
1149 645 1235 727 vigo·

107 754 247 820 rositatis
257 754 399 838 ipsorum
408 753 697 818 instrumentorum
715 757 784 818 tum
795 754 897 820 eciam
917 756 1050 836 propter
1068 752 1235 818 inviolabi-

109 862 168 926 lem
179 863 269 946 pacis
284 862 371 926 inter
386 861 472 945 ipsos
488 861 669 945 prescripto
685 859 781 927 modo
797 859 884 926 facte
901 861 1178 943 composicionem,
1194 860 1235 926 ob

106 971 165 1036 hoc
180 971 284 1036 eciam
308 969 396 1054 quod
410 970 507 1035 iidem
526 969 585 1035 filii
601 968 760 1054 Stephani
775 970 838 1034 iuri
855 973 887 1034 et
897 968 1040 1034 dominio
1062 991 1119 1034 suo
1148 970 1235 1052 quod

106 1081 136 1144 in
147 1077 259 1144 eadem
268 1077 469 1162 possessione
480 1083 512 1144 et
529 1077 571 1145 ad
586 1099 619 1143 se
630 1078 867 1162 pertinentibus
878 1075 1041 1143 sehabere
1060 1077 1236 1162 sperabant

108 1191 284 1272 spontanea
299 1187 531 1252 renunciarunt
546 1185 723 1268 voluntate,
734 1189 885 1270 pretextu
895 1207 1002 1251 rerum
1012 1191 1235 1270 protectorum

107 1297 182 1381 ipsis
198 1296 356 1380 premisso
375 1295 470 1360 modo
480 1293 765 1378 persolvendarum
784 1295 888 1380 ipsam
902 1293 1136 1378 possessionem
1161 1315 1234 1358 cum

106 1405 146 1470 ad
160 1426 194 1469 se
209 1404 448 1489 pertinentibus
464 1403 541 1488 ipsis
560 1401 636 1468 filiis
655 1403 766 1469 Deaeu
782 1408 815 1468 et
829 1424 888 1486 per
905 1424 959 1468 eos
975 1403 1118 1486 ipsorum
1144 1399 1234 1466 here·

107 1514 196 1578 dibus
217 1515 252 1578 in
276 1517 467 1597 perpetuam
493 1513 726 1578 successionem
751 1511 916 1577 ordinaria
942 1511 1139 1576 auctoritaie
1163 1531 1235 1594 per·

109 1623 310 1706 petuavimns
337 1621 657 1705 proporcionavimus
674 1625 707 1686 et
732 1620 954 1704 asscn'psimus
970 1619 1172 1703 presencium
1189 1617 1204 1681 f
1223 1656 1235 1667 -

106 1731 224 1795 cultate
250 1731 318 1794 sine
335 1735 445 1794 tamen
464 1728 643 1812 preiudicio
660 1735 693 1794 et
709 1728 830 1794 lesione
846 1729 926 1793 iuiis
950 1728 1046 1793 alieni
1063 1777 1069 1792 .
1087 1776 1094 1792 .
1110 1726 1235 1792 Datum

108 1839 140 1903 in
156 1835 239 1904 Alto
256 1835 383 1920 Castro,
402 1838 435 1901 in
451 1838 562 1922 vigilia
586 1837 674 1902 beati
691 1835 815 1902 Thome
840 1837 989 1921 apostoli,
1013 1857 1097 1901 anno
1114 1835 1234 1901 domini

106 1943 159 2012 Μ0
174 1943 277 2014 0000
292 1946 442 2011 vicesimo
459 1950 559 2012 sexto.

209 2129 392 2192 Veros-sarge
405 2131 507 2192 selyem
520 2127 649 2179 minoren
663 2128 759 2193 lllggll,
772 2127 926 2178 toredezett
940 2127 1088 2190 pecsette13
1103 2125 1232 2188 credetije

103 2235 133 2267 az
147 2234 214 2268 orez.
229 2219 286 2268 ltar
299 2219 398 2268 kincst
410 2223 477 2268 oszt.
490 2218 524 2268 N.
537 2219 568 2269 R.
580 2217 613 2268 A.
635 2223 694 2269 870.
715 2221 739 2268 5.
759 2217 827 2282 dipl.
842 2218 911 2268 lter:
928 2219 1005 2267 2384.
1020 2216 1114 2266 Kozli:
1129 2216 1232 2265 Vincze

105 2307 204 2360 (labor.

100 2850 194 2914 1326.
210 2851 370 2935 Pozsoap,
389 2851 452 2914 dec.
469 2853 521 2914 20.
551 2851 671 2916 Milatos
698 2851 845 2936 Pozaoay
869 2857 1036 2937 octrmepyo
1053 2851 1233 2936 fctspctnja

100 2959 272 3042 mepkeresi
286 2983 307 3023 α
319 2961 478 3044 pozaoapc'
493 2959 678 3045 lociptalant,
702 2961 785 3068 {sopp
801 2983 839 3024 oz
855 2960 945 3023 indat
962 2969 1088 3023 tortsoa
1104 2981 1233 3044 apome-

141 3071 221 3148 za'st,
238 3069 351 3152 oapjy'oa
370 3067 517 3132 Μάεεέᾶἰ
533 3069 670 3132 Petitoek
686 3067 763 3132 Eleo
779 3067 887 3133 Jonas
903 3067 1049 3152 szolqcijc
1065 3067 1185 3131 volt-e?

207 3294 236 3308 ..
254 3245 397 3328 capitulo
414 3245 548 3310 ecclesie
564 3245 770 3312 Posoniensis
787 3247 941 3328 magister
952 3243 1110 3310 Nicolaus
1127 3265 1233 3310 comes

97 3352 240 3418 ciusdem
255 3351 319 3418 loci
336 3353 515 3418 amiciciam
530 3359 698 3438 paratam3
724 3353 803 3419 dicit
827 3352 921 3418 nobis
937 3352 1041 3418 Psteu
1055 3351 1141 3418 filius
1158 3351 1230 3418 Ste-

97 3461 197 3544 phani
214 3460 252 3525 de
269 3459 412 3526 Mached
437 3461 523 3546 quod
550 3463 628 3527 licet
645 3462 777 3546 quidam
794 3463 889 3527 homo
906 3462 1035 3525 nomine
1060 3460 1085 3525 J
1087 3461 1231 3527 ohannes

96 3568 203 3634 dictus
219 3569 297 3634 Elea
312 3570 452 3634 serviens
469 3591 546 3635 suus
562 3591 729 3654 nunquam
752 3557 851 3634 fuerit
876 3575 985 3634 tamen
1010 3569 1169 3635 Nicolaus
1186 3570 1232 3635 di·

98 3683 168 3742 ctus
185 3697 323 3761 magnus
342 3679 485 3744 serviens
510 3676 622 3744 Kenez
647 3680 836 3762 iobagiones
863 3678 1006 3744 eiusdem
1032 3677 1146 3744 Kenez
1173 3683 1230 3746 sot

96 3811 152 3851 sao
169 3790 324 3852 comitata
340 3791 505 3853 caletenses
531 3787 574 3852 ad
589 3787 700 3852 villam
710 3786 749 3851 de
761 3785 893 3870 Gyozeg
904 3787 1011 3852 venire
1022 3788 1231 3872 compulisset

96 3897 128 3956 et
143 3893 274 3958 nomine
290 3893 456 3958 hominum
474 3893 513 3958 de
530 3895 644 3960 eadem
671 3891 804 3979 Gyozeg
821 3893 916 3960 fateri
932 3894 1054 3960 homini
1070 3901 1181 3961 nostro
1198 3901 1231 3960 et

95 4007 204 4066 vestro
220 4005 400 4068 coamasset
416 4003 531 4085 quinta
547 4001 628 4067 feria
652 4003 717 4068 iam
742 4003 900 4086 preterita
926 4001 1012 4086 quod
1038 4003 1144 4069 dietus
1170 4003 1230 4070 Jo-

95 4108 220 4175 hannes
250 4111 330 4175 Fllcs
347 4111 488 4175 serviens
513 4110 614 4194 ipsius
639 4111 746 4176 Peteu
772 4111 912 4176 existens
939 4111 1141 4177 Oazmerium
1166 4111 1229 4177 fra-

96 4223 179 4282 trem
196 4217 276 4283 dicti
301 4217 432 4285 Nicolai
457 4220 565 4303 magni
593 4219 816 4303 interfecisset,
841 4241 937 4304 super
962 4242 1025 4303 quo
1050 4221 1230 4286 amiciciam

95 4335 236 4394 vestram
253 4329 393 4412 petimus
412 4328 593 4413 diligenter,
619 4335 778 4412 quatenus
794 4327 877 4394 detis
899 4327 1061 4394 hominem
1086 4335 1230 4395 vestrum

95 4457 153 4518 pro
171 4436 356 4501 testimonio
374 4427 563 4521 coram'quo
589 4437 708 4503 Petrus
734 4437 774 4502 de
801 4435 993 4522 Tukulchen
1017 4437 1115 4502 iudex
1139 4437 1229 4504 nobi·

96 4544 176 4608 lium
195 4547 228 4608 et
247 4541 273 4607 J
275 4543 394 4608 acobus
411 4543 450 4608 de
467 4543 528 4608 Bel
544 4543 640 4610 homo
656 4551 768 4610 noster
793 4565 890 4630 super
914 4545 1078 4628 premissis
1103 4551 1136 4611 et
1160 4567 1229 4629 spc-

96 4653 224 4718 cialiter
242 4673 339 4736 super
366 4673 403 4718 eo
429 4659 538 4718 utrum
558 4660 703 4738 tempore
728 4655 842 4720 mortis
868 4653 946 4719 dicti
973 4651 1133 4721 Oazmeiii
1157 4675 1229 4738 pre-
