3152 5472
336 461 401 522 634
693 471 879 522 suuousonr
898 460 1114 522 osusrsrlo.

336 637 554 722 quadraginta
569 637 663 702 annis
678 637 711 704 in
728 636 893 721 provincie
910 635 948 700 de
966 634 1278 721 Gholloulruzusque
1290 657 1377 701 nunc
1387 657 1448 700 oon·

335 746 457 811 moreni
473 749 506 810 et
522 751 630 810 tamen
650 745 799 811 Pethend
816 766 880 810 non
896 744 1079 828 audivisset,
1089 745 1167 810 item
1177 745 1302 811 nobiles
1312 743 1355 809 de
1366 741 1448 825 'isyed

338 859 371 919 et
387 853 426 918 de
446 855 545 920 tercia
560 853 702 940 Abanye
727 855 806 920 item
822 854 948 920 nobiles
967 854 1007 919 de
1017 853 1104 920 Ethe
1114 855 1271 921 dixissent
1286 855 1386 921 solam
1399 875 1449 919 ssss

338 961 475 1045 Pethen,
490 964 568 1026 item
584 963 715 1047 quidam
732 963 850 1029 nobilis
866 965 994 1029 nomine
1018 961 1192 1030 Lorandus
1217 963 1257 1030 de
1281 963 1409 1030 Karehc
1427 971 1451 1030 ct

340 1071 397 1136 elii
415 1093 599 1137 communes
614 1073 761 1138 homines
777 1094 816 1138 ac
830 1073 974 1138 forenses
998 1072 1161 1156 provincie
1179 1078 1358 1138 memorate
1376 1072 1450 1137 dixis

342 1185 415 1246 sent
431 1181 532 1246 solam
547 1181 674 1247 Pethen
692 1188 725 1248 et
744 1183 930 1266 quicunque
956 1182 1101 1248 dicerent
1126 1181 1216 1248 aliud
1249 1181 1389 1247 dicerent
1407 1180 1450 1246 iul-

340 1291 515 1372 sum,ite1n
532 1291 775 1374 quidamhomo
801 1293 953 1376 antiquus
983 1291 1111 1374 iohsgio
1141 1291 1264 1356 domini
1295 1297 1328 1356 et
1358 1287 1451 1374 prelati

340 1399 444 1464 nostri
465 1398 694 1484 archiepiscopi
727 1400 959 1484 Strigoniensis
975 1401 1108 1468 dixisset
1123 1425 1193 1468 sea
1218 1409 1363 1485 tempore
1383 1401 1450 1482 regis

339 1503 498 1589 Stephani
514 1529 579 1574 non
594 1509 761 1574 recordari
786 1531 846 1575 neo
870 1511 1028 1576 audivisse
1052 1511 1102 1575 vel
1126 1511 1256 1576 scivisse
1279 1510 1342 1574 nisi
1371 1507 1451 1573 solam

338 1617 474 1703 Pethen,
489 1621 568 1684 item
584 1616 714 1702 qnidam
729 1617 855 1683 nobiles
874 1618 913 1683 de
929 1617 1071 1684 Fulmod
1087 1619 1269 1703 etquidem
1288 1619 1450 1700 iohagiones

342 1728 468 1794 comitis
484 1725 585 1794 Sebes
600 1731 737 1810 propter
752 1732 873 1791 metum
890 1727 1017 1793 comitis
1031 1725 1240 1792 Posoniensis
1259 1731 1297 1790 ut
1321 1727 1451 1792 dixerunt

340 1835 379 1902 de
395 1841 492 1902 nocte
508 1835 550 1900 od
566 1857 619 1901 eos
635 1835 797 1900 venientes
814 1835 971 1900 dixissent
986 1856 1020 1900 ee
1036 1835 1159 1900 nescire
1185 1835 1326 1919 aliquam
1351 1841 1448 1900 terren

342 1943 493 2010 Pethend
513 1949 657 2010 vocatam
674 1943 731 2009 sed
748 1943 849 2010 solam
864 1943 1000 2026 Pethen,
1018 1944 1096 2010 item
1112 1942 1210 2009 iidem
1219 1943 1363 2008 homines
1371 1945 1450 2008 vestri

340 2059 372 2118 et
387 2053 490 2117 nostri
505 2051 598 2118 nohis
614 2053 799 2118 retulerunt
823 2052 911 2136 quod
926 2053 1073 2136 predicta
1088 2059 1176 2117 terra
1190 2052 1318 2117 Pethen
1343 2072 1449 2136 presen-

340 2159 427 2225 tibus
444 2159 590 2243 utrisque
605 2160 751 2244 partibus
768 2161 944 2244 vicinisque
961 2161 1027 2226 suis
1044 2165 1077 2226 et
1102 2161 1329 2226 commetaneis
1345 2181 1447 2225 mensu·

339 2273 413 2334 reta
432 2267 533 2354 reguli
549 2289 623 2334 cum
638 2289 788 2334 mensure
804 2271 924 2353 absque
948 2271 1052 2354 pratis
1078 2275 1110 2335 et
1133 2270 1259 2354 pascuis
1284 2267 1447 2334 animalium

341 2383 470 2443 centum
502 2381 535 2442 et
565 2377 735 2460 sexaginta
751 2378 815 2442 tria
831 2378 944 2460 iugera
968 2399 1003 2442 ss
1028 2379 1217 2443 contineret.
1242 2377 1364 2444 Datum
1384 2375 1449 2442 feria

340 2491 458 2569 quarta
473 2486 621 2569 proxima
637 2491 712 2550 ente
728 2485 845 2551 festum
861 2483 1054 2552 Natiuitatis
1070 2486 1203 2569 Christi,
1220 2509 1305 2553 anno
1329 2484 1447 2552 eiusdem

338 2597 520 2678 prenotato.

446 2756 577 2820 Papiron,
602 2757 747 2822 hdtlapjdn
772 2773 789 2807 a
815 2758 907 2823 pecsdt
920 2759 1030 2824 osekely
1051 2759 1260 2823 tdreddkeive13
1286 2755 1402 2820 credetije
1422 2770 1447 2804 es

340 2861 409 2897 orsz.
435 2847 492 2896 ltdr
514 2845 611 2897 kinost.
638 2851 706 2897 oszt.
726 2847 801 2897 Mon.
826 2849 925 2898 Poson.
942 2853 983 2898 67.
998 2854 1022 2899 t.
1041 2848 1107 2913 dipl.
1133 2848 1206 2899 ilar:
1222 2853 1302 2898 2760.
1322 2849 1448 2913 Ugyenott

339 2951 459 3002 megvsn
481 2937 943 3002 spozsonyilrdptalsnnak1332.
963 2953 1025 2988 nov.
1052 2937 1132 2988 27·6η
1158 2939 1218 2988 kelt
1242 2940 1367 2999 oklevsle‚
1388 2935 1449 2997 nuely

340 3027 443 3078 saerint
469 3027 628 3078 »Johsnnss
655 3027 746 3078 dictus
772 3029 853 3093 Dyak
888 3029 1008 3079 Michsel
1036 3029 1110 3078 filins
1134 3029 1283 3080 Laurencii
1307 3028 1401 3079 inobilss
1422 3025 1448 3073 de

342 3120 445 3182 Puden,
456 3119 565 3169 Blasius
578 3119 652 3170 fliius
679 3120 823 3184 Stephani,
838 3120 933 3171 Simon
958 3121 1032 3170 fliius
1054 3120 1192 3170 iohannis
1218 3119 1325 3170 nobiles
1346 3113 1447 3178 henou,

339 3211 485 3262 Johennes
498 3209 571 3260 fliius
584 3210 671 3260 Polde
688 3210 720 3260 ds
734 3211 820 3261 Polda
833 3213 897 3276 Ety,
911 3211 1043 3262 Nicoleus
1065 3210 1139 3260 filius
1161 3209 1305 3260 Benedicti
1323 3209 1352 3258 ds
1376 3207 1448 3256 Chen·

340 3300 391 3349 kez
405 3300 471 3364 Ety,
483 3299 732 3350 dohannes·diotus
745 3299 858 3350 Lenkuz
871 3300 944 3350 filius
957 3295 1043 3350 Mark
1052 3301 1155 3350 nobilis
1169 3299 1203 3350 ds
1216 3299 1310 3365 Nysk‹
1324 3303 1365 3348 azt
1384 3295 1448 3344 biro-

340 3391 482 3454 nyitottdk
497 3389 588 3452 »quod
603 3391 660 3452 ipsa
673 3391 809 3454 possessio
822 3391 929 3440 Pethsn
950 3394 1047 3440 vocatu
1072 3389 1196 3455 ipsorum
1210 3391 1341 3440 nobilium
1361 3387 1391 3436 de
1409 3383 1448 3434 Pe-

342 3479 409 3530 then
422 3480 667 3530 essethersditeiia
678 3481 723 3530 sed
731 3481 864 3544 possessio
875 3481 930 3532 elia
941 3481 1066 3531 Pethend
1087 3485 1186 3531 vocata
1199 3483 1274 3531 inter
1284 3481 1350 3530 hanc
1358 3476 1447 3526 Psthen

344 3573 372 3620 et
384 3570 479 3620 Padan
499 3571 561 3634 ipss
575 3570 708 3634 possessio
730 3570 856 3620 Pethend
878 3571 1044 3622 intermedia
1066 3576 1137 3622 esset
1158 3572 1200 3620 ita
1222 3571 1297 3633 quod
1309 3568 1447 3619 nnuslacus

340 3659 375 3709 ab
389 3659 450 3708 aliis
464 3658 571 3709 duabus
583 3660 690 3710 Pethen
708 3665 736 3710 et
754 3660 850 3711 Padan
863 3665 1028 3725 separaret«
1048 3663 1124 3712 Mon.
1138 3662 1202 3712 Pos.
1218 3665 1260 3712 67.
1275 3665 1298 3712 7.
1311 3659 1371 3722 dipl.
1383 3655 1447 3708 itit:

343 3752 422 3799 2759.
437 3749 535 3800 Kozli:
550 3748 658 3800 Kovstcs
671 3751 703 3800 N.
