3132 5470
534 506 628 569 1327.
643 523 713 570 run.
732 507 783 569 22.
803 599 807 606 g
1155 509 1218 572 305

87 682 165 749 Alto
184 681 312 766 Castra,
323 685 438 768 quinta
453 684 534 750 seria
550 686 696 770 proxima
707 691 783 750 ente
793 685 912 752 festum
928 685 1121 754 Natiuitatis
1130 688 1221 766 beati

89 791 255 858 Johannis
271 791 431 876 Baptista,
448 815 533 858 anno
550 794 671 858 domini
687 793 741 858 Μ0
758 791 859 860 000⁰
875 793 968 859 XX⁰
983 794 1080 864 VH0.

195 957 328 1007 Zdrlattu
351 956 444 1020 pecset
465 958 642 1022 nyomaiva13
662 957 795 1022 credetije
815 973 846 1007 aa
867 973 936 1009 orez.
959 961 1013 1009 ltar
1034 961 1133 1010 kinost.
1153 965 1220 1009 oszt

88 1049 119 1100 b'.
137 1047 170 1098 R.
193 1049 227 1098 A.
250 1051 328 1096 1671.
348 1050 390 1097 26.
410 1047 476 1110 dipl.
496 1049 566 1098 lter:
582 1052 660 1099 243⁷.
679 1047 778 1099 Kozli:
798 1049 901 1099 Viucze
920 1049 1021 1100 (labor.

577 1212 733 1220 *ι-

624 1449 698 1510 271.

94 1609 187 1672 1327.
204 1613 276 1694 jun.
293 1611 345 1672 22.
362 1611 389 1674 Ι.
407 1609 533 1694 Ka'roiy
549 1610 662 1696 kirtly
683 1609 806 1674 Tartar·
822 1608 1080 1694 Rikolfflcinak
1106 1613 1138 1676 ds
1156 1615 1222 1676 tcir-

93 1717 233 1780 snilrnnk
245 1740 366 1803 cruny·
382 1719 415 1781 c's
432 1718 525 1803 epye'b
541 1717 743 1803 drczbcr'ayriir
761 1718 942 1782 mt'vele‘se're
958 1719 1153 1805 kivriltedqot
1170 1721 1220 1785 ad.

200 1876 371 1943 Karalus.
388 1928 394 1942 .
411 1899 468 1943 rex
484 1928 490 1942 .
508 1928 515 1942 .
532 1878 575 1943 ad
607 1879 831 1942 universorum
856 1879 1033 1945 noticiam.
1050 1929 1057 1943 .
1073 1880 1222 1945 volumus

93 1986 271 2068 pervenire,
282 1985 369 2068 quod
385 1986 462 2050 licet
477 1986 519 2051 ab
535 1988 669 2071 antiquo
685 1986 857 2052 observata
873 1989 964 2071 regni
981 1989 1083 2052 nostri
1099 2009 1227 2053 consve-

93 2093 207 2157 tudine
225 2094 410 2176 requirente
426 2094 573 2159 universe
590 2095 807 2178 possessiones
823 2115 1090 2180 quorumcunque
1106 2097 1139 2160 in
1158 2095 1228 2178 ipso

93 2223 191 2284 regno
210 2206 322 2266 nostro
339 2202 480 2267 existant
495 2203 528 2268 in
545 2203 662 2286 quibus
678 2225 792 2268 aurum
819 2209 991 2286 argentum
1006 2208 1038 2267 et
1055 2202 1228 2268 cuiuslibet

95 2310 234 2375 alterius
251 2310 378 2392 generis
394 2309 529 2374 metalla
546 2311 734 2375 emerserint
751 2315 784 2374 et
799 2311 930 2376 inventa
946 2310 1068 2375 fuerint
1084 2311 1228 2394 proprie·

95 2419 154 2481 tati
172 2439 214 2482 ao
232 2415 374 2482 dominio
389 2418 479 2500 regie
495 2418 694 2483 celsitudinis
719 2426 829 2485 nostre
855 2419 1013 2502 applicari
1038 2417 1179 2483 debeant
1196 2423 1230 2481 et

96 2525 235 2608 devolvi,
251 2531 360 2590 tamen
376 2547 417 2590 ne
433 2527 552 2591 nostris
568 2527 768 2610 temporibus
784 2527 876 2592 nobis
892 2527 1030 2592 subiecti
1047 2525 1164 2610 quibus
1179 2526 1228 2588 in·

96 2633 220 2699 effabili
238 2633 346 2699 divina
362 2634 568 2718 providencia
584 2635 680 2718 pleno
705 2636 871 2718 regiminis
897 2634 1118 2718 gubernaculo
1145 2633 1229 2698 redi-

94 2743 167 2806 miti
184 2763 227 2806 ac
252 2741 364 2825 stipati
388 2741 529 2806 feliciter
554 2741 753 2825 presidemus
778 2763 836 2826 per
862 2741 1062 2818 ablacionem
1087 2744 1230 2826 ipsorum

95 2851 335 2936 possessionum
351 2851 469 2915 damna
500 2849 671 2934 deplorent
696 2851 848 2934 egestatis
864 2851 1048 2916 huiusmodi
1065 2857 1232 2916 consvetu·

96 2959 164 3024 dini
181 2960 257 3043 lege
273 2963 401 3023 servata
411 2959 585 3023 clemencie
596 2959 848 3024 misericorditer
858 2959 1024 3024 obviantes
1035 2959 1233 3041 generaliter

96 3069 259 3132 universis
284 3067 469 3151 specialiter
494 3088 568 3132 vero
594 3069 758 3150 magistris
783 3067 900 3132 Kokos
934 3066 1081 3132 Johanni
1108 3083 1139 3130 et
1165 3066 1231 3148 Ry-

96 3175 203 3260 kolph
220 3173 296 3240 filia
311 3160 467 3258 syrorpu
483 3176 560 3240 iram
578 3176 724 3241 aaran
742 3183 774 3240 a
791 3176 891 3241 retro
917 3177 992 3240 filia
1018 3172 1153 3240 Anares
1170 3173 1229 3238 firn

97 3283 229 3368 Palyan
245 3283 396 3348 fidelibus
412 3285 530 3348 nostris
542 3283 746 3349 considerata
757 3283 939 3348 devocionis
950 3288 983 3346 et
998 3282 1072 3346 fidei
1090 3284 1233 3366 ipsorum

97 3393 247 3475 puritate
263 3413 359 3474 quam
378 3391 419 3456 ad
435 3413 494 3456 nos
519 3398 552 3455 et
568 3391 610 3456 ad
636 3413 762 3456 sacrum
788 3399 935 3457 nostrum
961 3392 1054 3473 regni
1079 3389 1236 3474 dyadema

99 3507 295 3568 constanter
311 3498 463 3564 habuisse
480 3500 691 3566 dinoscuntur
706 3501 915 3585 pensatisque
931 3499 1127 3564 fidelitatem
1143 3500 1236 3562 meri·

99 3612 198 3675 toriis
225 3609 388 3691 obsequiis
420 3630 483 3690 que
517 3609 603 3692 ipsos
640 3609 731 3674 uobis
756 3607 939 3673 exhibuisse
965 3609 1172 3691 cognorimus
1198 3627 1237 3671 ac

99 3725 219 3784 exacte
237 3717 409 3801 diligencie
426 3715 533 3782 studio
551 3716 703 3782 exhibere
720 3718 877 3782 sentimus
902 3718 935 3780 iu
951 3717 1095 3800 presenti
1112 3737 1237 3779 necnon

99 3827 309 3892 exhibituros
335 3847 394 3909 pro
419 3824 513 3890 firmo
531 3825 689 3890 credimus
705 3827 738 3890 in
753 3825 908 3907 futurum,
926 3825 965 3888 de
994 3824 1074 3906 regii
1091 3821 1238 3887 culminis

99 3937 209 4000 nostri
227 3933 401 4000 affluencia
417 3955 479 4016 que
495 3935 665 4017 parcitatis
682 3932 777 3997 avida
794 3937 826 3996 et
843 3931 970 3996 adunca
986 3931 1162 3996 tenacitate
1173 3951 1238 3994 non

99 4045 271 4110 consuevit
287 4043 530 4122 coartari‚hanc
545 4041 784 4125 infrascriptam
796 4043 939 4124 graciam
956 4040 1105 4104 duximus
1122 4038 1239 4103 facien-

100 4154 179 4218 dam
199 4151 289 4235 quod
305 4151 488 4236 ubicunque
504 4151 538 4214 in
554 4150 809 4235 possessionibus
826 4151 968 4233 ipsorum
985 4171 1101 4213 aurum
1116 4155 1174 4212 aut
1190 4149 1242 4210 ar*

100 4269 244 4346 gentum
268 4261 321 4326 vel
347 4281 474 4344 queque
504 4260 569 4324 alia
604 4259 738 4323 metalla
762 4263 918 4342 poterunt
943 4256 1080 4321 inveniri
1105 4255 1239 4320 terciam

99 4377 238 4455 partem
253 4374 469 4452 proventuum
496 4373 681 4432 nostrorum
697 4367 792 4432 solito
808 4388 897 4431 more
922 4373 954 4430 et
971 4365 1106 4447 antiquo
1122 4364 1191 4427 iure
1208 4364 1241 4425 in

100 4479 233 4544 eisdem
249 4477 343 4543 nobis
359 4478 620 4560 proveniensium
637 4475 757 4540 eisdem
775 4475 889 4540 damus
915 4481 948 4538 et
973 4473 1119 4538 dedimus
1136 4468 1212 4534 conf
1230 4502 1241 4512 -

26 4631 27 4664 2
100 4591 208 4654 rimus
238 4591 270 4650 et
297 4586 491 4650 contulimus
526 4569 703 4668 de'gracia
728 4583 860 4666 speciali
887 4604 997 4647 omues
1024 4579 1242 4664 possessiones

26 4675 28 4756 ἶ
100 4701 257 4783 ipsorum
292 4692 507 4778 quodcunque
538 4694 588 4760 vel
621 4713 811 4776 quecunque
844 4691 1003 4755 dictorum
1035 4687 1240 4752 metallorum

149 4831 315 4872 extenuent
332 4818 495 4866 creterris
512 4832 540 4866 11.
557 4819 618 4866 ultr.
1092 4801 1134 4860 20
