3240 5460
575 455 669 516 1323.
687 473 782 516 unua.
800 456 850 516 ab.

692 725 743 788 55.

149 893 247 956 1323.
264 886 470 976 febr.18.A
496 889 625 974 nyu'trai
649 888 808 972 lcc'ptnlau
825 889 906 974 c'ltul
926 887 1055 952 Zoboac
1077 898 1281 969 meatemlest-

144 1003 220 1064 cc're
235 998 359 1064 Miletos
369 998 502 1078 rc'setrc,
519 997 618 1060 canelo
630 996 719 1060 locui
731 985 934 1080 eltoloajtu'aa
946 995 1109 1082 dolqrtbca
1124 998 1283 1082 vizspctla-

609 1115 653 1169 tot
677 1104 843 1188 tcljesa'ttet.

259 1248 332 1316 Nos
343 1247 521 1333 capitulum
532 1243 853 1312 ecclesieNitriensis
869 1295 876 1310 .
893 1295 900 1310 .
917 1244 1158 1330 significamus.
1175 1298 1182 1312 .
1200 1247 1287 1332 quod

150 1357 271 1424 nobilis
287 1358 337 1421 vir
359 1357 515 1439 magister
525 1353 684 1420 Nicolaus
700 1353 805 1419 frater
820 1353 967 1437 magistri
984 1353 1119 1420 Zobona
1135 1354 1174 1419 de
1191 1357 1288 1421 conri-

151 1473 225 1531 tatu
241 1464 403 1530 Nitriensi
419 1464 461 1530 ad
478 1469 623 1530 nostram
639 1463 796 1529 accedens
807 1464 1017 1547 presenciam,
1033 1463 1161 1548 damna,
1177 1465 1288 1529 videli-

152 1582 205 1638 cet
230 1573 368 1638 duorum
389 1594 546 1656 equorum
572 1571 611 1636 de
629 1571 747 1656 quibus
763 1593 862 1636 unum
878 1571 1072 1656 palefridum
1093 1598 1156 1660 pop
1173 1573 1289 1637 coloris

151 1684 186 1746 in
197 1682 328 1746 civitate
338 1681 486 1745 nitriensi
497 1680 536 1744 de
546 1680 681 1746 Iuanlra
690 1681 843 1745 videlicet
854 1680 921 1744 cive
940 1681 1090 1745 nitriensi
1109 1687 1182 1746 octo
1205 1703 1289 1746 mar·

153 1791 201 1855 cis
229 1791 337 1875 precio
371 1797 624 1874 comparaverat,
648 1790 748 1854 alium
773 1809 848 1853 vero
869 1813 952 1876 pesp
986 1789 1103 1854 coloris
1127 1790 1290 1855 valentem

152 1899 244 1962 ultra
254 1897 365 1962 decem
375 1919 510 1982 marcas,
527 1919 623 1982 quern
639 1919 679 1962 ex
696 1897 873 1962 collacione
890 1895 1010 1961 (lcrnini
1026 1898 1111 1980 regis
1126 1896 1290 1981 Zagrabie

151 2029 215 2090 pro
225 2007 367 2072 serviciis
378 2007 444 2071 suis
461 2007 657 2089 obtinuerat,
667 2006 792 2071 Paulus
803 2005 908 2070 dictus
924 2005 1038 2071 Sclaus
1055 2008 1195 2072 serviens
1213 2028 1290 2072 suus

153 2121 188 2179 et
205 2113 361 2179 Nicolaus
371 2114 474 2179 frater
491 2115 633 2180 eiusdem
649 2115 691 2180 ab
709 2115 821 2180 eodem
837 2115 971 2198 fugitive
989 2115 1209 2200 abstulissent,
1219 2137 1292 2200 pre-

153 2231 230 2288 tens
253 2243 313 2287 nos
335 2223 421 2288 idern
446 2225 600 2306 magister
623 2222 781 2290 Nicolaus
798 2245 870 2288 cum
887 2225 1047 2288 instancia
1063 2231 1100 2289 ut
1115 2246 1174 2290 nos
1190 2225 1292 2290 homi·

153 2353 231 2396 nem
246 2338 392 2396 nostrum
404 2331 603 2416 fidedignum
614 2354 686 2396 cum
702 2331 831 2397 bomine
848 2330 873 2396 J
875 2330 1011 2397 ohannis
1027 2333 1223 2398 vicecomitis
1233 2331 1293 2397 Ni-

153 2441 288 2506 triensis
313 2461 351 2505 ac
370 2446 511 2524 quatuor
535 2441 678 2506 iudicum
704 2441 860 2506 nobilium
882 2439 921 2504 cle
939 2439 1051 2504 eodem
1068 2439 1109 2504 ab
1127 2439 1293 2504 sciendum

154 2553 191 2612 et
201 2548 431 2632 inquirendum
442 2571 563 2613 meram
575 2555 608 2614 et
623 2548 841 2615 omnimodam
850 2550 1021 2613 veritatem
1031 2571 1090 2632 pro
1107 2548 1293 2612 testimonio

154 2658 381 2722 transmittere
398 2657 624 2741 dignaremur;
643 2658 786 2722 volentes
797 2658 897 2740 igitur·
908 2679 966 2723 nos
983 2658 1085 2742 ipsius
1101 2657 1195 2721 iustis
1210 2656 1293 2740 peti·

155 2765 307 2830 cionibus
333 2785 474 2828 annuere
500 2771 537 2830 ut
563 2771 719 2848 tenemur,
736 2766 927 2848 magistrum
944 2764 1070 2830 Lucam
1087 2765 1294 2830 scolasticum

155 2879 306 2939 nostrum
333 2895 404 2938 cunr
428 2874 558 2939 homine
585 2876 737 2940 comitum
764 2875 912 2958 superius
935 2875 1174 2938 nominatorum
1190 2879 1295 2937 trans·

154 2983 312 3065 misimus,
325 2983 380 3065 qui
391 2981 432 3046 acl
443 3003 501 3046 nos
512 2981 684 3046 redeuntes
701 2983 876 3046 secundum
893 2983 1081 3066 inquisitam
1100 2988 1133 3045 et
1144 2982 1295 3046 rescitam

155 3090 379 3156 omnimodam
389 3090 561 3155 veritatem
573 3111 592 3153 a
602 3089 765 3155 nobilibus
787 3095 820 3154 et
835 3088 1033 3172 ignobilibus
1049 3087 1246 3172 pauperibus
1262 3094 1295 3151 et

154 3197 315 3263 divitibus
340 3197 431 3262 iuxta
458 3199 617 3280 premissa
643 3198 846 3262 ablacionem
863 3203 895 3262 et
911 3196 1132 3261 sublacionem
1148 3196 1293 3280 ipsorum

155 3327 320 3389 equorum
346 3307 549 3390 invenerunt,
575 3306 659 3371 sicut
684 3305 782 3370 iidem
797 3305 856 3370 sub
875 3303 1035 3387 cirografo
1051 3305 1225 3368 iuramenti
1242 3326 1296 3367 no-

153 3415 209 3478 bis
236 3413 430 3496 propalavit.
458 3413 585 3478 Datum
609 3412 691 3478 feria
718 3421 811 3478 sexta
836 3414 985 3496 proxima
1008 3417 1084 3476 ante
1102 3411 1297 3476 dominicam

153 3521 394 3604 Reminiscere,
411 3543 495 3586 anno
521 3522 642 3586 domini
659 3520 836 3586 Millesimo
855 3518 955 3586 0000
971 3520 1064 3584 XX⁰
1080 3522 1190 3585 torcio.

271 3666 421 3730 Hatlapjau
443 3666 537 3729 pecstt
558 3669 732 3731 nyomaiva13
756 3666 886 3731 credetije
908 3683 940 3716 az
955 3682 1023 3716 orsz.
1047 3667 1102 3716 lta'r
1116 3667 1213 3714 lriucst.
1229 3668 1296 3715 oszt.
1316 3654 1317 3658 ¹

154 3757 242 3806 Mon.
255 3755 316 3806 Pos.
332 3761 375 3806 49.
386 3761 410 3805 4.
425 3756 491 3818 dipl.
505 3757 577 3809 ltetr:
593 3760 671 3808 2144.
685 3757 766 3808 Kozli
778 3773 783 3806 :
796 3758 899 3806 Viucze
910 3757 1010 3806 Grilror.

653 3901 813 3910 m..-

708 4031 760 4093 56.

156 4177 261 4241 1323.
283 4169 313 4236 T
310 4173 463 4253 enrcsucir,
470 4172 556 4259 febr.
569 4175 620 4238 26.
633 4170 659 4238 I.
671 4173 798 4260 Keiroly
808 4175 921 4259 leiruily
932 4173 996 4239 Pal
1013 4173 1133 4256 firiuule
1153 4171 1298 4258 (tybrum-

156 4285 224 4348 nelc
243 4282 413 4345 temesva‘ri
423 4281 673 4367 alcetrnuqyualc
684 4281 846 4367 Haris-aug
862 4283 1023 4368 Burauyo
1034 4282 1219 4365 odrmcpycr'
1235 4281 1300 4344 bir-

274 4390 369 4455 tolcba
393 4391 469 4454 calc
483 4391 704 4455 beiktatdsa'ru
723 4415 744 4455 c
755 4392 849 4478 pc'csi
865 4392 1037 4476 buptalant
1053 4389 1192 4454 altrudi.

274 4531 469 4598 Karalus..
501 4554 558 4597 rex
575 4583 582 4598 .
600 4583 606 4597 .
624 4533 767 4617 capitulo
795 4534 929 4599 ecclesie
947 4529 1302 4616 Quinqueecclcsiensis

154 4641 366 4710 noveritis..
395 4640 483 4724 quod
508 4642 663 4724 magister
688 4639 851 4724 Georgius
886 4641 972 4706 filius
997 4641 1094 4706 Pauli
1120 4638 1304 4703 vicera-stel-
