3130 5470
389 449 454 510 460
742 461 930 510 ussouuosr
946 450 1162 509 ouulnrrlu.

389 625 735 711 possideret‚qua1·tam
747 626 926 709 requireret
935 625 1028 698 iuxta
1038 627 1486 710 reguioonsvetudiuemappm

389 734 510 817 batam,
527 756 591 818 quo
617 733 729 800 audito
754 734 840 800 idem
865 734 1021 818 magister
1046 733 1211 802 Emirious
1236 736 1394 821 respondit
1416 735 1484 817 quod

389 844 475 927 ipsas
491 844 709 928 possessiones
725 892 732 907 .
749 893 756 907 .
772 863 859 907 nuno
876 841 1058 925 possideret
1074 839 1111 907 et'
1123 844 1217 910 iuxta
1241 845 1331 927 regui
1346 849 1485 908 eonsuetu-

396 950 503 1016 dinem
528 953 614 1016 iusto
633 951 728 1016 modo
754 950 934 1016 estimando
961 957 1112 1034 quartam
1128 956 1255 1036 partem
1270 953 1364 1036 ipsius
1385 951 1487 1016 domins

391 1059 490 1124 rebus
507 1060 642 1143 promtis
658 1057 831 1123 redimeret
850 1065 883 1122 et
899 1059 1171 1142 estimaeionibus‚
1197 1061 1321 1144 etquis
1343 1059 1420 1125 idem
1432 1080 1488 1143 pro

391 1173 522 1232 curator
537 1169 637 1251 ipsius
654 1167 781 1232 domine
797 1188 856 1250 pro
873 1167 944 1251 ipsa
961 1173 1081 1250 quarta
1097 1189 1148 1233 res
1158 1175 1302 1252 promtas
1317 1189 1369 1233 seu
1383 1169 1487 1233 estimo

392 1275 499 1340 oiones
512 1276 573 1340 nisi
589 1275 629 1340 de
646 1276 766 1340 eisdem
791 1275 1044 1358 possessionibus
1061 1297 1170 1341 eoram
1186 1276 1280 1342 uobis
1292 1277 1426 1360 aooipere
1438 1295 1487 1339 non

390 1385 543 1449 assumsit
558 1383 634 1450 iude
651 1385 754 1449 eoiam
770 1404 827 1448 nos
844 1405 885 1448 ne
900 1385 1100 1449 eontrarium
1125 1383 1233 1450 faeere
1257 1384 1414 1450 videamur
1428 1405 1486 1448 oon-

390 1491 549 1557 svetudini
566 1492 658 1576 regni
683 1490 855 1576 Hungarie
881 1512 920 1556 ao
935 1513 1035 1558 novas
1061 1493 1265 1558 invenciones
1281 1493 1446 1577 approbare
1465 1497 1488 1555 ot

391 1599 613 1665 consuetudini
648 1597 790 1682 preferre
816 1599 983 1664 videamur
1014 1621 1079 1664 una
1110 1621 1183 1664 oum
1214 1599 1353 1684 capitulo
1381 1597 1489 1663 seclusis

390 1714 498 1773 nostre
515 1707 740 1774 adiudicantes
756 1709 992 1774 transmisimus
1018 1708 1058 1774 de
1083 1709 1229 1792 parcium
1245 1709 1405 1774 voluntate
1422 1706 1489 1790 quod

390 1815 476 1880 dioto
492 1821 601 1899 partes
617 1816 651 1880 in
667 1815 790 1881 oetavis
806 1815 894 1881 beati
911 1813 1049 1901 Georgii
1064 1817 1208 1882 martiris
1224 1819 1290 1880 iam
1306 1815 1435 1880 venturis
1449 1833 1487 1878 oo·

389 1945 459 1988 ram
476 1923 605 1988 domino
622 1946 697 2008 rege
712 1925 762 1989 vel
778 1923 885 1990 iudioe
902 1925 989 1990 curie
1006 1923 1148 1990 eiusdem
1159 1929 1367 2008 eompareant
1381 1922 1489 1988 utiden

388 2030 537 2096 dominus
553 2053 610 2097 rex
625 2032 675 2096 vel
690 2031 788 2097 iudex
805 2053 860 2097 sue
886 2033 975 2098 euris
1003 2054 1069 2098 una
1095 2055 1168 2099 curn
1190 2031 1364 2098 baronibus
1387 2037 1418 2096 et
1431 2030 1489 2095 aliis

390 2137 553 2204 nobilibus
569 2140 653 2204 inter
668 2143 779 2224 partes
796 2139 977 2206 disoueiant
996 2145 1105 2204 utrum
1116 2139 1228 2205 eadem
1245 2139 1373 2206 domina
1386 2138 1490 2221 deipsis

389 2247 644 2330 possessionibus
660 2249 694 2312 in
710 2249 816 2333 speeie
832 2250 935 2332 possit
951 2251 1102 2333 quartam
1128 2247 1249 2313 habere
1275 2249 1325 2313 vel
1348 2247 1427 2314 idem
1439 2267 1490 2311 nro-

388 2355 491 2438 gister
506 2355 675 2420 Emerious
699 2377 773 2421 oum
798 2355 894 2420 rebus
910 2357 1047 2440 promtis
1073 2363 1106 2421 et
1132 2355 1388 2422 estimsoionibus
1409 2353 1491 2437 possit

391 2463 433 2528 ad
449 2484 483 2528 se
499 2464 666 2547 redimere,
682 2467 716 2530 in
732 2465 836 2531 literis
852 2465 953 2549 ipsius
970 2464 1091 2530 domini
1107 2465 1193 2547 regis
1208 2465 1259 2528 vel
1274 2464 1387 2529 iudicis
1401 2461 1491 2528 eedem

387 2577 497 2654 partes
512 2570 591 2636 faeti
608 2571 722 2636 seriem
738 2572 771 2636 in
789 2573 910 2637 oetavis
925 2572 1158 2638 Pentheeostes
1169 2571 1433 2656 subsequentibus
1446 2590 1489 2632 no-

387 2679 436 2742 bis
451 2679 667 2762 reportabunt
677 2687 710 2744 et
721 2685 798 2746 tuno
809 2702 867 2746 nos
877 2681 953 2745 visis
963 2681 1041 2763 ipsis
1050 2680 1154 2746 literis
1168 2681 1246 2765 ipsis
1263 2679 1406 2764 pertibus
1414 2676 1492 2742 finem

387 2785 531 2851 debitum
547 2784 709 2852 faciemus.
725 2786 851 2852 Datum
867 2786 980 2872 Agnis,
992 2790 1107 2871 quinto
1118 2787 1170 2853 die
1186 2788 1315 2852 termini
1331 2785 1494 2872 supradicti,

387 2915 472 2959 anno
489 2893 609 2960 domini
625 2894 679 2960 Μο
696 2892 797 2960 0000
812 2897 983 2963 tricesimo.
1076 2891 1078 2896 ’

494 3057 624 3108 Ztrlatrtn
650 3057 744 3124 peoset
756 3059 914 3123 nyomsival
927 3076 933 3124 ;
948 3059 1077 3125 eredetije
1090 3073 1107 3110 a
1121 3059 1155 3110 N.
1168 3059 1364 3124 Muzeumbsn,
1390 3054 1496 3107 astrixi

352 3161 357 3176 ·
386 3146 589 3198 Sodscs.lban.

873 3309 1031 3320 *α’-

916 3547 991 3610 402.

393 3710 487 3774 1330.
512 3709 652 3796 Υἰκεοίῃ,
660 3712 738 3796 jaro.
756 3712 808 3774 27.
833 3710 982 3796 Dropetb
1006 3705 1496 3792 100003αἰόἱνάᾸαΜίΙεῖόεείὄῐί

393 3813 515 3882 Csolto‘i
529 3819 658 3905 Mibdlp
675 3842 712 3882 az
729 3820 821 3902 atyja
839 3818 920 3883 clltal
936 3816 1045 3883 Ardo'i
1059 3817 1252 3881 Mikldsrralt
1282 3815 1413 3900 eri-topho
1427 3811 1496 3876 adoll

461 3924 607 3990 birtolrre
624 3929 716 3990 ndzoe
731 3950 753 3990 a
769 3925 914 3991 leioctlto's
938 3926 1132 4011 baldrideje't
1159 3921 1445 4011 meqbosszabbr'tja.

498 4083 569 4150 Nos
585 4107 690 4152 eomes
706 4085 862 4152 Nioolaus
878 4085 1046 4152 vioeiudex
1056 4087 1205 4170 magistri
1214 4083 1390 4170 Wyllermi
1405 4080 1497 4146 damn

390 4215 449 4276 pro
466 4196 622 4260 memoria
637 4195 724 4279 quod
733 4193 845 4262 Simon
859 4193 945 4260 filius
956 4194 1127 4260 Michaelis
1138 4193 1198 4259 filii
1207 4195 1336 4267 Detriei
1345 4194 1385 4260 de
1395 4189 1494 4259 Oboul-

391 4308 449 4366 tou
463 4324 529 4368 una
546 4324 618 4368 oum
634 4303 736 4368 nobili
752 4302 883 4370 domina
908 4325 1017 4368 eoram
1041 4303 1135 4368 nobis
1159 4303 1377 4386 personaliter
1393 4319 1498 4382 comps·

391 4410 491 4476 nendo
508 4416 557 4475 est
573 4409 736 4477 confessus
753 4411 840 4494 quod
855 4433 955 4475 unum
971 4416 1102 4494 pratum
1111 4431 1223 4476 versus
1233 4415 1363 4494 partem
1378 4405 1497 4492 superio

392 4541 460 4583 rem
476 4519 588 4586 domus
604 4520 773 4602 patrissui
787 4519 990 4586 adiaoeutem
1000 4541 1057 4604 per
1073 4517 1270 4586 Miobaelem
1288 4527 1498 4604 patremsuum

391 4625 528 4702 Nioolao
544 4625 612 4701 filio
629 4625 787 4722 Stephani
797 4626 837 4692 de
848 4625 938 4694 Ordo
949 4628 1204 4722 impignoratum
1215 4647 1318 4721 usque
1335 4627 1377 4694 ad
1393 4623 1497 4692 resolu-
