3132 5470
335 443 400 506 298
689 455 877 503 ansounoru
894 441 1110 502 onuiurrtn.

334 643 388 687 sus
404 625 531 705 partem
547 619 779 686 occidentalem
794 619 904 702 ibique
919 616 1122 702 pervenitad
1138 640 1238 683 unum
1254 623 1394 702 putenm
1412 639 1464 700 pro

334 735 421 794 meta
448 728 658 812 assignatum,
692 727 808 792 deinde
833 724 1030 791 transeundo
1054 731 1190 811 puteum
1214 727 1302 792 circa
1329 725 1464 790 eundem

333 841 476 902 montem
492 836 597 920 vergit
622 856 724 919 usque
748 832 1059 900 Dobronabukocha
1075 833 1205 917 potolra,
1232 833 1356 900 abhinc
1371 834 1464 898 vertit

333 967 367 1010 se
383 967 448 1010 non
463 946 551 1010 ultra
566 943 763 1010 transeundo
782 944 887 1028 ipsum
903 941 1003 1026 potok
1018 941 1061 1007 ad
1076 947 1204 1026 partem
1219 941 1462 1008 meridionalem

332 1054 443 1137 ibique
468 1057 517 1118 est
541 1058 628 1118 meta
654 1058 762 1117 terrea
789 1057 823 1116 et
847 1049 966 1117 abhinc
991 1051 1190 1116 transeundo
1215 1052 1320 1136 ipsam
1347 1055 1462 1116 metam

332 1163 450 1228 iterato
466 1162 570 1226 intrat
586 1158 627 1226 ad
643 1159 778 1225 fluvium
802 1157 925 1224 Zlatna
940 1158 1052 1242 ibique
1078 1157 1188 1224 deficit
1211 1159 1365 1224 vicinitas
1383 1164 1462 1224 terre

332 1267 491 1354 Symonis,
525 1268 644 1334 abhinc
659 1288 718 1351 per
733 1267 839 1351 ipsum
863 1265 996 1332 fluvium
1021 1266 1145 1333 Zlatna
1169 1265 1350 1350 gradiendo
1367 1288 1460 1350 supra

330 1379 419 1442 venit
435 1377 477 1443 ad
493 1378 666 1444 sessionem
681 1375 860 1460 Lupusrew
876 1377 1077 1442 nominatam
1102 1395 1213 1442 versus
1229 1375 1366 1459 plagam
1382 1373 1459 1440 occi·

333 1486 497 1552 dentalem
513 1485 623 1568 ibique
654 1485 814 1550 vicinatur
830 1488 916 1550 terre
932 1481 1168 1569 archiepiscopi
1193 1481 1461 1567 Strigoniensisa

330 1595 426 1680 parte
443 1593 645 1676 occidentali,
670 1591 787 1658 deinde
802 1593 910 1659 tendit
934 1613 1045 1658 versus
1061 1593 1330 1677 septemtrionem
1346 1599 1380 1657 et
1395 1612 1459 1674 per·

330 1701 420 1766 venit
445 1701 531 1768 circa
555 1700 817 1786 Bukochapotok
842 1722 863 1766 a
888 1699 969 1766 duas
993 1706 1097 1766 metas
1122 1707 1246 1766 terreas
1261 1701 1418 1784 antiquas
1433 1703 1460 1764 et

332 1809 378 1876 ibi
394 1811 555 1876 vicinatur
570 1815 657 1875 terre
673 1809 765 1876 Petri
791 1809 871 1876 dicti
894 1809 1014 1892 Fogas‚
1039 1808 1158 1874 abinde
1182 1809 1286 1874 intrat
1302 1807 1458 1892 adipsum

330 1917 591 2004 Bukochapotok
608 1923 641 1983 et
656 1917 762 1983 tendit
777 1917 1017 2003 aliquantulum
1042 1939 1154 1983 versus
1179 1917 1415 1984 occidentalem
1431 1922 1458 1981 et

331 2025 371 2092 de
387 2027 459 2110 ipsa
474 2024 735 2109 Bukoohapotok
750 2025 841 2091 vadit
857 2029 972 2092 contra
982 2026 1244 2110 septemtrionem
1259 2024 1457 2092 ascendendo

330 2135 373 2200 ad
387 2140 532 2201 montem
548 2139 580 2200 et
595 2155 653 2218 per
670 2133 796 2200 trabem
812 2133 956 2200 eiusdem
981 2135 1100 2200 montis
1117 2137 1194 2200 sunt
1209 2133 1271 2200 due
1288 2139 1374 2200 mete
1399 2141 1455 2199 ter·

330 2262 394 2325 ree,
420 2242 536 2308 deinde
552 2263 662 2308 versus
679 2241 813 2307 eandem
823 2247 951 2327 partem
961 2243 1085 2308 directe
1095 2241 1299 2326 procedendo
1314 2241 1456 2328 pervenit

329 2351 371 2417 ad
388 2373 487 2418 unum
502 2351 610 2418 lacum
625 2350 831 2418 modicellum
857 2355 890 2416 et
916 2351 956 2416 de
972 2351 1030 2416 illo
1046 2351 1121 2417 lacu
1136 2350 1179 2418 ad
1204 2351 1306 2416 alium
1321 2372 1381 2436 per
1396 2371 1456 2415 ver·

329 2461 426 2528 tieem
441 2461 542 2545 ipsius
557 2460 676 2527 montis
685 2481 796 2526 versus
812 2460 946 2526 eandem
962 2466 1089 2546 partem
1099 2461 1403 2545 septemtrionalem,
1420 2458 1455 2524 de

328 2568 392 2634 alio
417 2569 461 2634 ad
485 2571 622 2635 tercium
647 2567 687 2634 de
712 2569 813 2635 tercio
839 2569 882 2634 ad
907 2575 1061 2653 quartum
1086 2569 1256 2653 metatim‚
1284 2575 1394 2634 tamen
1417 2567 1453 2632 (16

335 2683 452 2762 quarto
468 2679 543 2744 lacu
559 2677 602 2743 ad
627 2678 777 2762 quintum
807 2677 847 2743 de
863 2679 977 2762 quinto
994 2683 1104 2743 autem
1119 2679 1268 2762 pervenit
1283 2676 1327 2742 ad
1341 2677 1454 2742 bivium

333 2785 425 2852 iuxta
440 2785 640 2852 vicinitatem
656 2785 799 2852 eiusdem
823 2784 917 2852 Petri
934 2785 1013 2852 dicti
1037 2785 1146 2869 Fogas
1170 2785 1282 2870 ibique
1306 2791 1380 2850 sunt
1395 2789 1454 2848 tres

334 2899 419 2960 mete
435 2899 550 2978 terres,
564 2895 686 2989 abhinc
702 2893 742 2960 de
758 2892 843 2960 bivio
860 2893 903 2959 ad
918 2894 1066 2961 arborem
1082 2895 1146 2979 piri
1170 2915 1230 2978 pro
1255 2895 1343 2958 meta
1358 2895 1453 2956 statu·

334 3007 403 3067 tam
420 3008 454 3067 et
469 3002 515 3068 ibi
532 3000 641 3068 deficit
656 3003 804 3068 vicinitas
820 3008 907 3067 terre
922 3001 1015 3068 Petri
1031 3002 1111 3068 dicti
1126 3001 1236 3086 Fogas
1253 3007 1287 3066 et
1301 3001 1453 3066 vicinatur

334 3131 406 3175 cum
422 3110 518 3174 terris
534 3107 673 3176 filiorum
690 3109 883 3194 Sebastiam,
899 3110 1014 3176 deinde
1040 3109 1082 3175 ad
1097 3109 1247 3175 arborem
1262 3109 1326 3194 piri
1341 3113 1454 3192 etpost

333 3218 393 3283 hec
408 3215 451 3283 ad
466 3219 615 3283 arborem
631 3218 730 3284 silicis
746 3240 856 3284 versus
866 3219 1024 3284 orientem
1034 3217 1222 3284 divertendo
1240 3225 1274 3284 et
1290 3217 1329 3283 de
1345 3216 1453 3282 arbore

334 3326 432 3392 silicis
449 3326 490 3390 sd
507 3327 657 3393 arborem
673 3327 736 3410 piri
752 3327 808 3417 ubi
827 3333 877 3392 est
892 3333 981 3392 meta
997 3327 1037 3392 de
1051 3348 1135 3394 novo
1152 3333 1271 3412 erecta„
1288 3327 1327 3392 de
1342 3324 1451 3390 arbore

334 3440 443 3498 autem
459 3435 521 3518 piri
536 3435 640 3501 intrat
655 3436 772 3502 iterato
789 3437 831 3502 ad
847 3435 978 3502 fluvium
996 3436 1136 3520 Ztrigua
1146 3437 1187 3502 ad
1203 3437 1311 3504 locum
1321 3438 1452 3522 priorem

334 3543 428 3607 etsie
445 3543 661 3609 terminantur
676 3550 761 3609 mete
777 3549 811 3610 et
826 3543 1053 3611 distincciones
1063 3551 1224 3612 terrarum
1240 3545 1450 3632 predictarum

334 3649 514 3733 separando
539 3672 595 3716 seu
620 3651 847 3736 distinguendo
873 3673 906 3717 se
931 3675 952 3718 a
976 3653 1073 3720 terris
1088 3652 1230 3720 filiorum
1256 3652 1452 3734 Sebastiani3

334 3765 482 3842 preterea
497 3766 583 3826 mete
608 3767 641 3826 et
667 3761 892 3826 distinccioues
908 3767 994 3827 terre
1018 3759 1179 3848 Harkyan
1193 3761 1258 3828 hoc
1273 3762 1379 3829 ordine
1404 3759 1450 3825 di·

334 3868 717 3952 stinguuntur:videlicet
725 3870 831 3953 prima
841 3871 929 3934 meta
938 3869 1054 3954 incipit
1065 3869 1205 3936 defluvio
1216 3869 1454 3955 Ztriguaprope

333 3975 444 4040 villam
468 3975 645 4042 Boruznuk
670 3999 690 4042 a
713 3982 807 4062 parte
841 3976 1035 4044 occidentali
1061 3983 1094 4042 et
1117 3999 1176 4063 per
1201 3978 1307 4063 ipsum
1331 3975 1453 4042 fluvium

333 4083 439 4148 tendit
463 4105 563 4168 supra
588 4105 690 4169 usque
716 4085 791 4152 dum
826 4087 988 4152 vicinatur
1023 4107 1097 4152 cum
1122 4085 1217 4152 metis
1243 4086 1389 4152 silvarum
1412 4082 1451 4146 (16

333 4189 452 4256 Zolum
482 4195 515 4256 et
530 4191 572 4258 ab
588 4193 654 4258 alia
669 4196 764 4277 parte
780 4191 869 4259 fluvii
886 4192 1025 4278 Ztrigua
1049 4193 1201 4260 videlicet
1225 4217 1246 4260 a
1271 4198 1362 4280 parto
1376 4189 1453 4257 occi·

334 4297 456 4363 dentali
472 4303 520 4363 est
536 4304 625 4365 terra
641 4299 734 4366 Petri
759 4299 819 4366 filii
835 4299 937 4386 Byter
962 4322 982 4366 a
1006 4307 1100 4386 parte
1124 4323 1200 4368 vero
1227 4301 1374 4368 orientali
1386 4303 1453 4364 stat

332 4409 422 4470 terra
445 4405 620 4472 Boruznuk
645 4407 803 4492 Harkyan
828 4414 861 4474 et
887 4408 929 4474 ad
947 4406 1097 4494 [Ztrigua
1111 4411 1280 4495 pertinens
1307 4413 1453 4494 quaeunt

221 4507 225 4515 '
333 4517 419 4578 terre
437 4512 579 4580 eiusdem
605 4514 728 4582 Thome
744 4517 885 4601 voivode,
902 4517 1019 4583 deinde
1045 4540 1145 4604 supra
1170 4541 1273 4603 usque
1289 4519 1330 4586 ad
1344 4517 1453 4582 silvam

204 4683 208 4690 .
335 4620 438 4688 eundo
462 4625 608 4690 metatim
633 4645 692 4708 per
715 4626 822 4709 ipsum
845 4624 978 4693 fluvium
1004 4626 1139 4714 Strigua
1174 4627 1378 4712 exeundoque
1410 4621 1452 4686 de
