3112 5466
373 441 436 503 193
731 448 917 497 ‘insonnem
939 439 1155 498 ouirlsrrln.

370 641 442 683 mur
458 617 584 699 exigere
600 613 641 678 ab
658 611 778 677 eodem.
794 612 879 676 Item
895 612 1041 676 volumus
1058 619 1090 677 et
1105 614 1312 679 concedimus
1331 608 1403 696 quod
1414 609 1457 691 qui·

107 707 112 721 ’
191 782 195 789 .
291 799 293 801 .
371 747 499 810 cunque
515 725 583 788 sine
600 721 720 786 herede
736 719 854 786 obierit
879 720 930 785 vel
946 718 1121 786 decesserit
1136 743 1212 787 snas
1227 719 1458 785 hereditatessire

370 836 481 899 vineas
506 834 539 898 in
564 829 713 916 predicta
737 827 937 912 possessione
962 831 1075 894 nostra
1098 829 1177 894 sitas
1192 828 1331 913 legendi
1354 825 1459 892 dardiel

370 941 558 1027 assignandi
584 939 764 1021 cuicunque
788 936 928 1002 voluerit
961 936 1098 1002 liberam
1113 936 1236 1003 habeat
1250 932 1459 1002 facultatend·

370 1049 521 1118 mittendi
538 1046 756 1131 qnadraginta
772 1044 914 1110 denariis
929 1045 1103 1128 persolutis
1119 1045 1298 1111 secundum
1313 1043 1457 1109 libertatern
1527 1063 1528 1067 ¹

370 1167 481 1226 nostre
509 1155 726 1242 possessionis.
752 1153 838 1218 Item
861 1153 1009 1219 volumus
1038 1154 1126 1237 quod
1141 1155 1337 1239 ⁸quicunque
1361 1153 1460 1216 interra

371 1274 483 1334 nostra
498 1266 622 1331 habens
639 1264 748 1328 vineas
765 1262 845 1327 sitas
860 1263 894 1327 in
920 1268 1035 1327 nostra
1059 1263 1226 1345 presencia
1251 1266 1359 1326 astare
1379 1256 1460 1322 indicio
1529 1331 1530 1335 Ἰ

372 1397 437 1442 non
479 1379 615 1458 cogatur
646 1371 702 1436 sed
733 1371 761 1436 si
792 1369 910 1453 aliquis
943 1391 1016 1435 cum
1046 1369 1111 1434 illis
1134 1371 1168 1434 in
1199 1369 1343 1454 aliquam
1372 1384 1461 1430 arran

371 1485 502 1549 racione
528 1481 665 1548 alicuius
689 1479 736 1544 rei
762 1478 926 1544 devenerit
952 1478 985 1542 in
1011 1478 1178 1560 presencia
1196 1478 1313 1543 civium
1338 1473 1462 1557 del'prna

372 1591 534 1658 mediante
558 1589 687 1654 iusticia
712 1585 830 1651 debeat
852 1586 998 1668 indicari,
1014 1592 1047 1651 et
1086 1587 1113 1651 si
1143 1586 1273 1651 iusticia
1304 1583 1407 1649 eisdem
1424 1600 1462 1663 per

371 1703 458 1786 ipsos
482 1720 547 1764 non
571 1696 664 1761 fieret
698 1700 817 1759 extunc
840 1695 873 1757 in
903 1699 1017 1760 nostra
1040 1695 1241 1778 possessione
1265 1694 1376 1758 merito
1394 1690 1463 1770 inpe-
1534 1722 1535 1725 =

372 1809 513 1873 dicutur.
543 1805 682 1888 Insuper
713 1801 851 1867 liberum
882 1801 1026 1867 habeant
1050 1801 1222 1867 arbitrium
1254 1800 1387 1866 tunellas
1405 1797 1462 1879 ipso
1533 1828 1534 1832 =

371 1938 444 1980 lum
483 1916 556 1980 vino
590 1912 733 1996 repletas
764 1931 803 1974 ac
835 1932 947 1974 currus
979 1932 1054 1976 suos
1087 1910 1310 1994 unusquisque
1342 1902 1463 1981 trahendi,

371 2047 432 2090 nec
462 2024 642 2090 voluntarie
666 2021 806 2086 voluerit
836 2020 978 2103 aliquem
1004 2042 1062 2102 pro
1088 2020 1196 2102 precio
1221 2019 1390 2084 convenire.
1403 2014 1463 2078 lten

373 2134 406 2196 in
446 2131 547 2196 vineis
588 2130 654 2193 suis
693 2127 842 2194 custodes
882 2149 957 2194 suos
995 2126 1139 2192 habeant
1178 2126 1220 2191 ad
1253 2127 1400 2211 placitum
1429 2139 1464 2182 en·

372 2262 444 2305 rum
475 2237 615 2322 ponendi
647 2238 713 2302 sive
747 2235 973 2302 constituendi.
1005 2235 1092 2300 Item
1125 2235 1272 2300 volumus
1310 2240 1344 2300 et
1370 2248 1466 2317 presen-
1544 2288 1545 2291 ,

372 2347 459 2412 tibus
485 2368 542 2410 nos
566 2344 609 2410 ad
640 2345 702 2410 hoc
729 2344 909 2428 obligamus
945 2343 1032 2428 quod
1057 2344 1084 2408 si
1100 2342 1266 2427 predictas
1281 2341 1429 2407 libertates
1441 2343 1464 2399 et
1547 2378 1550 2403 1

373 2453 617 2519 iurisdicciones
650 2452 730 2536 ipsis
760 2452 1010 2535 infringeremus
1035 2473 1075 2516 ac
1098 2451 1293 2516 violaremus
1324 2450 1370 2515 vel
1390 2444 1466 2512 nostri
1546 2507 1547 2511 ,

372 2583 572 2628 successores
587 2561 653 2625 sive
669 2561 772 2626 nostri
788 2559 944 2627 officiales
960 2582 1020 2645 pro
1046 2566 1192 2645 tempore
1219 2566 1298 2626 tunc
1323 2554 1465 2633 constituti,

373 2676 492 2734 extunc
507 2692 527 2734 a
557 2669 719 2735 solucione
735 2669 835 2733 trium
850 2689 1023 2752 pensarum
1039 2669 1163 2753 absque
1179 2668 1387 2734 omniiudicio
1397 2663 1467 2729 debe-
1548 2687 1551 2702 2

374 2785 431 2843 ant
456 2798 524 2842 esse
548 2777 641 2842 liberi
667 2776 849 2843 omnimode
872 2784 906 2842 et
922 2776 1065 2844 absoluti
1091 2785 1124 2844 et
1139 2779 1226 2845 omni
1241 2779 1312 2843 iure
1327 2772 1468 2842 sireliher·

375 2892 445 2952 tate
470 2907 568 2969 quam
585 2885 626 2950 ab
652 2886 795 2969 antiquis
810 2886 1008 2968 temporibus
1032 2893 1217 2952 nostrorum
1240 2886 1468 2971 predecessorum
1551 2917 1554 2962 3

373 2993 558 3059 habuerunt
582 2993 838 3058 irrevocabiliter
865 2992 930 3057 frui
956 2998 989 3058 et
1015 2994 1246 3062 inviolabiliter
1271 2996 1469 3058 mereantur..

372 3101 498 3167 Datum
514 3102 547 3165 in
564 3100 615 3166 die
631 3101 721 3166 beati
736 3098 873 3185 Georgii
883 3102 1032 3184 martiris,
1050 3091 1138 3168 anno
1153 3102 1195 3167 ab
1212 3101 1421 3167 incarnacione
1429 3094 1469 3158 do·

372 3211 451 3274 mini
467 3208 642 3275 Millesimo
659 3208 761 3276 0000
778 3208 900 3274 XXm0
917 3211 1040 3293 quinto.

480 3392 528 3442 Pal
557 3393 772 3458 orazagblrbnak
785 3395 861 3443 1334.
872 3397 1022 3458 augueztns
1044 3393 1129 3443 leiki
1140 3393 1299 3455 atiratabbl,
1308 3388 1470 3454 meynekon-

372 3481 455 3547 detije
477 3498 591 3547 megvan
614 3499 646 3533 az
668 3498 735 3533 orsz.
756 3482 812 3533 ltrtr
839 3482 1019 3532 kincstoszt.
1040 3483 1076 3532 N.
1096 3483 1129 3532 R.
1152 3482 1185 3531 A.
1209 3487 1267 3532 lec.
1289 3486 1311 3531 5.
1339 3480 1397 3543 dipl.
1417 3474 1469 3525 leli:

375 3577 452 3622 2297.
466 3573 539 3621 Ezcn
559 3572 668 3622 olrlevel
685 3573 734 3622 Pal
755 3570 913 3634 orszagblro
935 3574 1011 3621 1335.
1023 3571 1086 3634 maj.
1099 3570 1167 3619 e-iki
1178 3569 1387 3620 lteletleveleben
1405 3565 1424 3613 is
1442 3562 1471 3610 at·

373 3663 472 3712 iratilr:
492 3677 561 3713 orsa.
581 3663 635 3712 lttr
648 3663 746 3713 kincst.
761 3666 828 3712 oszt.
847 3662 880 3710 N.
894 3661 926 3712 R.
938 3661 970 3711 A.
983 3665 1041 3710 100.
1057 3665 1081 3710 3.
1092 3660 1159 3723 dipl.
1173 3662 1204 3709 lt.
1222 3664 1300 3710 2877.
1318 3655 1404 3707 anli:
1421 3651 1471 3699 Viu-

374 3768 419 3803 cze
440 3751 541 3803 Gabor.
