3154 5474
337 476 400 538 558
685 491 875 539 uuuouuour
891 476 1107 536 ouulurriu.

445 657 466 705 I.
481 656 563 720 hajos
583 656 732 720 sir-alynak
746 653 892 704 Rakonaki
906 653 1017 704 Mart-on
1030 653 1066 702 fia
1088 653 1170 702 Peter
1183 649 1308 702 keresdre
1336 653 1450 701 rear-nen

339 750 384 794 »4⁰
398 745 444 794 die
459 751 539 796 8rurn
549 748 574 797 b.
589 747 739 796 Michaelis
761 745 855 795 aren«
872 745 1008 794 kialiitort
1021 743 1179 806 dtiratabhl,
1193 745 1297 808 melyet
1308 743 1450 808 ugyaucsah

338 837 358 886 I.
373 837 456 900 Lajos
472 840 609 888 laid-ben
622 839 691 900 sept.
715 835 796 886 til-en
806 836 876 901 jeles
902 833 987 886 alakir
1011 834 1189 894 ohleveleben
1216 833 1336 899 hjabhan
1348 835 1408 883 ritirt
1427 834 1450 882 ts

338 926 543 992 mega-ostrum
557 943 623 978 ezen
637 927 792 978 utobbinak
805 927 938 992 erodetije
951 940 1069 991 megran
1084 939 1151 991 agr.
1164 925 1373 975 Draskosioscs.
1384 925 1450 974 thau.

823 1127 880 1136 ιη.-
890 1127 983 1136 ..ι-...-

867 1311 942 1374 477.

340 1475 433 1538 1331.
460 1483 516 1538 oct.
541 1473 570 1537 8.
597 1471 626 1536 A
653 1473 753 1538 bardai
778 1473 940 1560 kdptaioa
958 1473 986 1536 I.
1004 1471 1130 1558 Krirolp
1146 1471 1325 1558 bircilpuui·
1335 1472 1449 1556 jeieuti,

336 1587 416 1670 '¹⁰99
438 1585 556 1648 Taouis
573 1585 697 1669 erde'lpi
712 1585 827 1668 vujdcit
843 1585 900 1648 hat
926 1585 1070 1668 somopyi
1088 1587 1121 1648 e's
1136 1585 1187 1648 tet
1211 1584 1371 1670 Veszpre'm
1389 1585 1448 1644 ou'r-

670 1697 793 1780 mopyei
808 1694 954 1758 dir-toleio
972 1693 1133 1758 deitatotto.

443 1855 571 1922 Karolo
589 1905 619 1921 ..
650 1857 754 1939 regi..
786 1854 965 1940 capitulum
995 1854 1157 1920 Budeusis
1182 1853 1360 1920 ecclesie..
1389 1853 1447 1918 lite·

335 1985 444 2028 ras..
478 1965 604 2030 comitis
630 1963 728 2029 Pauli
759 1963 875 2030 iudicis
916 1964 1005 2029 curie
1036 1970 1189 2030 vestre..
1221 1964 1395 2047 recepimus
1421 1963 1447 2026 in

335 2073 394 2137 heo
411 2073 509 2138 verba
526 2123 556 2138 ..
582 2073 726 2157 capitulo
744 2073 878 2138 ecclesie
904 2071 1067 2138 Budensis
1094 2093 1199 2138 comes
1215 2073 1340 2138 Paulus
1365 2070 1447 2136 iudex

337 2181 424 2246 curie
455 2181 576 2246 domini
606 2182 740 2265 regis..
771 2188 877 2248 vestre
908 2183 1052 2248 amicicie
1068 2230 1100 2248 ,.
1131 2179 1345 2263 declaramus,
1374 2177 1447 2262 quod

337 2312 408 2356 cum
426 2339 457 2356 ..
490 2289 633 2357 Thomas
659 2290 816 2376 woyuoda
833 2290 1080 2357 Transsilvanns
1106 2296 1138 2355 et
1169 2312 1276 2357 comes
1293 2289 1332 2356 de
1348 2287 1447 2354 Zonuk

336 2401 528 2482 magistrum
545 2401 571 2466 J
573 2400 731 2466 ohannem
742 2400 846 2466 filium
861 2399 981 2466 Hench
996 2407 1154 2466 rectorem
1170 2401 1269 2466 castri
1286 2399 1358 2464 nori
1373 2419 1447 2463 mou·

336 2507 378 2573 tis
394 2508 572 2574 Pestiensis
583 2514 615 2574 et
627 2511 777 2575 comitem
793 2508 1034 2575 Mosoniensem
1049 2531 1107 2593 pro
1125 2531 1171 2592 eo,
1188 2510 1264 2594 quia
1274 2507 1445 2574 Ladislaum

336 2615 458 2681 dictum
498 2615 630 2682 Malath
671 2617 834 2683 hominem
877 2618 995 2700 regalis
1036 2617 1227 2683 excellencie
1267 2619 1446 2701 presente..

337 2723 463 2790 Thomu
487 2725 668 2809 presbitero
695 2727 911 2792 concanonico
936 2733 969 2792 et
994 2726 1177 2792 testimonio
1202 2731 1309 2792 vestro
1326 2729 1447 2791 astatu-

336 2835 427 2899 cione
445 2835 660 2919 quarumdam
676 2837 916 2919 possessionum
941 2833 1073 2901 Nicolai
1089 2835 1148 2900 filii
1174 2833 1307 2902 Nicolai
1323 2834 1360 2900 de
1376 2833 1447 2899 Terr-

335 2943 426 3028 gurd,
452 2944 567 3012 Merke
600 2947 733 3032 Topsun
769 2945 934 3012 Terebezd
966 2945 1082 3012 Sithke
1111 2945 1204 3012 Zooh
1230 2951 1264 3010 et
1280 2943 1448 3012 Bennekin

335 3051 528 3138 Simigiensi,
545 3056 623 3120 item
639 3055 726 3122 Pata
736 3063 769 3122 et
779 3057 919 3142 Esgrem
935 3058 970 3122 in
985 3055 1234 3140 Wesprimiensi
1252 3051 1447 3120 comitatibus

335 3167 523 3228 vocatarum
548 3166 755 3232 existenoium
782 3189 840 3250 per
865 3167 988 3250 regiam
1014 3166 1220 3231 maiestatem
1245 3163 1308 3246 ipsi
1332 3160 1447 3226 domino

335 3269 459 3336 Thonis
475 3273 629 3357 woyuode
647 3325 677 3340 ..
700 3277 828 3340 nomine
845 3276 1084 3360 possessionum
1100 3272 1238 3338 hominis
1258 3272 1326 3336 sine
1343 3267 1447 3334 herede

335 3378 520 3445 decedentis
550 3387 707 3466 perpetuo
747 3384 941 3450 collatarum
982 3381 1252 3449 contradiccionis
1292 3379 1446 3445 obstaculo

335 3486 494 3554 obviando
525 3511 583 3573 per
613 3489 746 3577 Kornys
778 3499 811 3559 et
843 3493 1017 3560 officialem
1057 3515 1150 3562 suum
1190 3490 1278 3556 idem
1307 3489 1446 3573 magister

332 3593 358 3660 J
360 3593 504 3662 ohannes
519 3597 682 3682 prohiberi
698 3600 820 3684 iecerit,
843 3601 1059 3668 mediantibus
1084 3600 1188 3665 literis
1213 3600 1330 3664 vestris
1346 3599 1446 3663 citato·

333 3703 390 3768 riis
406 3753 414 3769 .
431 3755 437 3770 .
469 3705 512 3770 ad
528 3713 658 3774 octavas
674 3707 762 3775 beati
787 3709 812 3774 J
814 3711 907 3777 acobi
924 3710 1064 3795 apostoli
1080 3731 1165 3775 anno
1181 3709 1215 3774 in
1231 3708 1372 3792 presenti
1386 3725 1446 3791 pre·

334 3812 448 3878 teritas
473 3814 507 3878 in
532 3817 655 3899 regiam
680 3819 879 3902 presenciam
903 3820 937 3884 in
964 3839 1093 3885 causam
1117 3817 1309 3884 attraxisset
1332 3821 1364 3882 et
1385 3816 1445 3899 ipsu

335 3939 433 3984 causa
458 3922 587 3987 racione
612 3925 792 4007 prioritatis
817 3928 947 3992 termini
973 3927 1016 3994 ad
1041 3927 1220 4012 quindenas
1244 3927 1351 3992 sancti
1373 3922 1446 4005 regis

335 4025 532 4113 Stephani..
548 4034 713 4116 protelata
730 4036 900 4119 extitisset,
916 4036 1047 4102 tandem
1067 4037 1144 4122 ipsis
1164 4035 1336 4120 quindenis
1351 4052 1445 4099 occur·

333 4137 480 4203 rentibus
496 4139 583 4205 idem
598 4143 755 4224 magister
770 4144 796 4211 J
798 4144 941 4211 ohannes
957 4145 1044 4212 filius
1068 4145 1187 4212 Henoh
1203 4144 1317 4211 eodem
1333 4141 1445 4209 Thomu

333 4245 489 4330 uoyuoda
505 4297 512 4313 .
529 4299 536 4313 .
565 4252 783 4334 personaliter
807 4259 936 4320 astante
960 4255 1004 4321 ad
1028 4259 1175 4322 nostram
1190 4255 1325 4338 propria
1338 4253 1369 4319 iu
1383 4270 1444 4336 per-

334 4375 413 4418 sona
432 4357 588 4423 accedens
607 4362 817 4448 presenciam,
844 4364 973 4430 easdem
991 4367 1207 4449 possessiones
1231 4363 1347 4430 Merke
1371 4359 1445 4442 Top·

334 4483 394 4525 sun
420 4461 586 4532 Terebezd
611 4465 726 4534 Sithke
755 4469 845 4536 Zoob
865 4475 898 4536 et
922 4471 1058 4538 Bennek
1087 4474 1120 4554 in
1153 4471 1349 4555 simigiensi,
1377 4471 1444 4534 item

334 4567 418 4636 Pata
435 4579 467 4638 et
482 4573 620 4658 Esgrem
631 4575 908 4662 inVesprimiensi
925 4581 1131 4647 comitatibus
1149 4583 1325 4648 existentes
1342 4597 1444 4644 renun-

335 4679 423 4744 cians
448 4682 662 4765 prohibicioni
680 4709 735 4752 sue
759 4689 792 4752 in
809 4691 989 4756 statuoioue
1016 4691 1201 4757 earumdem
1220 4693 1444 4776 possessionum
