3152 5472
590 478 684 539 1332.
704 495 775 540 nse.
794 478 844 540 17.

684 875 758 936 539.

145 1041 246 1104 1332.
263 1041 327 1104 dec.
346 1035 447 1104 17.A
473 1038 607 1102 carecini
632 1036 794 1122 kdptalon
820 1036 1005 1124 bizonyttjo,
1030 1037 1115 1122 bopy
1139 1060 1162 1100 a
1185 1035 1289 1100 szdlcc·

132 1147 236 1234 felde·
256 1147 468 1214 uduorrsolcolt
496 1146 685 1211 birtolca'ban
712 1170 732 1209 c
758 1145 871 1231 kiatly
897 1145 979 1210 dltal
1003 1145 1164 1210 letholdus
1194 1145 1289 1209 terat

464 1255 562 1321 Szdlts
579 1255 688 1320 Pc'tert
704 1255 965 1340 megerdsr'tcttdlc.

253 1413 324 1482 Nos
340 1416 523 1501 capitulum
549 1416 681 1481 ecclesie
702 1416 809 1486 ¹sancti
833 1413 1004 1481 Michaelis
1029 1413 1217 1498 archangeli
1247 1411 1287 1480 do

143 1524 372 1594 Castroferreo
398 1533 512 1591 notum
541 1525 676 1591 facimus
703 1574 734 1590 ..
760 1525 847 1610 quod
870 1523 1046 1590 Johannes-
1064 1523 1173 1588 dictus
1203 1520 1287 1588 Elus

141 1633 240 1700 homo
258 1634 380 1700 domini
393 1632 513 1699 Karoli
529 1683 536 1700 .
553 1634 657 1716 .regis
667 1631 700 1698 N
707 1633 829 1698 icolaus
840 1632 1034 1698 fraterPess
1046 1629 1085 1695 da
1095 1629 1178 1696 Pese
1188 1627 1285 1696 homo

141 1743 289 1824 magistri
301 1741 456 1826 Stephani
467 1741 594 1808 comitis
604 1741 718 1808 Ferrei
727 1740 837 1808 (lastri
848 1743 880 1806 et
889 1741 1045 1824 magister
1054 1737 1181 1802 Paulus
1192 1755 1284 1803 cano·

141 1849 234 1916 nicus
254 1857 286 1916 et
302 1851 442 1917 decanus
459 1851 590 1918 ecclesie
606 1847 631 1914 J
633 1850 793 1916 auriensis
819 1870 879 1932 per
904 1845 1086 1914 venerabile
1106 1845 1284 1930 capitulum

133 1958 276 2038 ‚ecclesie
303 1957 485 2024 Jauriensis
512 1956 657 2042 predicte
682 1979 741 2041 pro
761 1956 947 2022 testimonio
973 1953 1145 2038 deputatus
1176 1973 1283 2018 coram

141 2067 236 2133 nohis
253 2119 259 2133 .
275 2117 282 2132 .
299 2069 489 2150 retulerunt,
506 2065 593 2150 quod
609 2087 682 2132 cum
698 2065 761 2149 ipsi
785 2063 1002 2130 mediantibus
1029 2061 1134 2127 literis
1161 2059 1283 2126 domini

140 2175 227 2257 regis
244 2180 277 2242 et
292 2177 403 2258 regine
423 2197 463 2240 ex
478 2181 630 2259 precepto
649 2181 681 2239 et
696 2173 852 2239 mandato
870 2172 1045 2239 eorundem
1062 2173 1104 2238 ad
1115 2171 1282 2256 requiren-

140 2281 198 2348 das
215 2289 249 2348 et
266 2283 472 2368 recapiendas
502 2283 694 2350 udvornicas
719 2289 822 2348 terras
848 2305 910 2366 que
935 2285 1110 2352 eorundem
1144 2282 1282 2352 fuissent

139 2393 320 2458 transmissi
352 2398 383 2458 et
415 2393 583 2458 constituti
616 2397 649 2457 et
680 2413 753 2456 cum
783 2413 841 2476 per
873 2393 1057 2476 aliquorum
1088 2395 1281 2462 relacionem

138 2500 264 2577 inducti
281 2501 322 2566 ad
342 2500 504 2586 quandam
519 2505 641 2566 terram
658 2501 944 2584 possessionariam
962 2501 1158 2585 particulam
1168 2500 1279 2568 videli-

138 2615 191 2676 cet
206 2609 425 2676 molendinum
454 2613 486 2674 et
502 2614 623 2674 terram
648 2608 689 2672 ad
713 2609 798 2674 idem
823 2613 1023 2694 spectantem
1047 2611 1133 2676 inter
1158 2615 1279 2678 terrem

138 2716 338 2783 Zumbathel
354 2721 386 2782 et
396 2715 600 2802 Kyszeuleus
616 2717 814 2782 adiacentem
824 2718 1050 2802 recapiendam
1060 2720 1277 2802 accessissent,

136 2825 259 2891 Petrus
275 2826 379 2891 dictus
396 2825 509 2890 Zeuhe
524 2824 609 2891 filius
620 2824 750 2892 Nicolsi
765 2825 826 2891 filii
842 2825 961 2892 Jacobi
976 2827 1075 2894 villici
1086 2826 1125 2894 de
1136 2826 1275 2896 Sabaria

137 2957 235 3020 super
251 2935 362 3000 eadem
387 2936 642 3020 possessionaria
667 2935 817 3019 porcione
842 2937 1056 3002 instrumenta
1081 2957 1138 3002 seu
1162 2933 1276 3003 literas

135 3065 212 3109 suas
232 3043 429 3109 exhibuisset
445 3042 594 3108 efficaces
610 3065 748 3127 quarum
766 3050 877 3109 tenore
888 3045 1129 3129 conspexissent
1139 3045 1275 3112 eandem

135 3152 403 3236 possesionariam
428 3151 612 3235 porcionem
639 3157 671 3216 et
696 3150 918 3217 molendinum
949 3153 1101 3218 emcionis
1131 3155 1228 3220 titulo
1256 3176 1276 3220 a

137 3259 304 3344 Tymadeu
319 3259 387 3326 filio
403 3260 508 3345 Tyma
524 3261 743 3344 proximisque
763 3261 829 3326 suis
844 3261 906 3345 ipsi
922 3260 1023 3328 Petro
1049 3262 1136 3329 dioto
1162 3263 1273 3329 Zeuhe

136 3367 176 3434 de
193 3369 264 3434 iure
285 3371 449 3452 pertinere
466 3419 472 3434 .
490 3418 497 3434 .
514 3390 614 3453 quare
631 3369 734 3434 eidem
749 3368 852 3436 Petro
878 3369 1182 3454 successoribusque
1207 3372 1273 3438 suis

135 3477 238 3544 libere
255 3483 287 3542 et
301 3474 435 3560 pacifice
451 3476 563 3542 eodem
579 3478 649 3543 iure
666 3499 847 3562 quousque
873 3479 968 3544 modo
994 3499 1052 3563 per
1078 3479 1214 3545 eundem
1239 3485 1272 3546 et

134 3605 210 3652 suos
235 3584 477 3670 predecessores
497 3606 643 3669 possessa
672 3587 781 3651 extitit
806 3591 963 3670 perpetuo
988 3588 1270 3671 permiserunt..

133 3693 300 3780 possidere
326 3743 357 3758 ..
382 3691 590 3758 nihilominus
615 3693 735 3759 Petrus
751 3691 837 3759 filius
853 3693 952 3778 Kupe
977 3694 1017 3759 dc
1043 3691 1186 3762 Zeuleus
1211 3716 1271 3779 pro

134 3824 168 3868 se
185 3809 218 3867 et
234 3823 292 3885 pro
310 3799 464 3867 Johanne
479 3799 547 3867 filio
571 3801 711 3868 Martini
736 3802 883 3886 proximo
909 3823 967 3868 sno
993 3801 1080 3866 dicto
1112 3800 1152 3866 de
1182 3799 1270 3886 Wep

132 3911 345 3996 personaliter
362 3909 576 3994 comparendo
592 3911 655 3995 ipsi
670 3901 771 3976 Petro
798 3910 885 3976 dicto
911 3910 1021 3975 Zeuhe
1047 3909 1176 3992 suisque
1202 3931 1271 3978 suc·

132 4015 314 4086 cessoribus
330 4017 463 4084 eandem
472 4019 703 4102 possessionem
713 4017 900 4103 possidendi
911 4023 1068 4102 perpetuo
1081 4038 1270 4084 consensum

132 4129 256 4212 pariter
272 4131 304 4190 et
320 4147 486 4192 assensum
512 4123 605 4213 (tgy).
631 4125 754 4192 Datum
779 4126 860 4192 feria
886 4126 1000 4210 quinta
1023 4125 1171 4210 proxima
1195 4131 1270 4212 post

96 4225 103 4238 '
132 4239 262 4302 octavas
279 4235 384 4300 sancti
399 4233 530 4300 Nicolai
544 4236 746 4319 confessoris,
762 4256 847 4301 anno
864 4233 985 4300 domini
1003 4233 1057 4299 ΜΟ
1082 4231 1184 4302 0000
1208 4234 1266 4301 tri-

131 4343 250 4410 cesimo
267 4343 415 4426 secundo,
431 4345 589 4428 magistro
608 4343 743 4410 Andrea
762 4344 935 4429 preposito,
951 4342 1111 4409 Michaele
1128 4349 1268 4430 cantore,

129 4451 302 4518 Dominico
320 4450 460 4536 custode,
471 4449 631 4536 Gregorio
649 4453 769 4521 decano
786 4453 1037 4518 ecclesianostrs
1048 4451 1267 4521 existentibus.

238 4616 338 4680 nggo
350 4616 445 4681 peccet
457 4617 635 4683 nyomaiva13
655 4616 789 4682 credetije
811 4631 827 4666 a
839 4616 873 4666 N.
887 4615 1084 4678 Muzenmban‚
1110 4631 1127 4668 a
1140 4615 1263 4684 Beksssy

130 4719 166 4756 cs.
186 4703 306 4757 ltdrban.

617 4795 773 4806 ...ἡ-.-
