3132 5470
533 459 627 520 1327.
644 473 719 522 suu.
738 459 788 520 19.
856 483 858 487 ·
1158 458 1222 521 315

88 657 151 701 una
177 637 300 721 prefati
324 637 490 702 Dominici
514 635 574 702 filii
598 637 695 702 Pauli
726 658 746 700 a
778 637 908 702 climate
952 637 1126 702 occidentis
1153 639 1223 702 'alia

88 743 268 811 Laurencii
300 746 378 811 dicti
395 745 558 830 Cyttuuar
583 768 602 810 a
629 746 728 830 plaga
753 746 994 830 septemtrionis
1021 747 1121 812 tercia
1138 746 1223 811 dicte

87 855 302 939 possessionis
325 852 422 939 Nyek
445 875 503 938 per
528 855 659 939 plagam
683 855 936 937 meridionalem,
955 855 1088 920 tandem
1114 877 1223 920 versus

89 965 252 1028 orientem
277 961 523 1046 quampluribus
539 963 633 1027 metis
650 963 850 1048 interpositis
875 965 1014 1028 vertitur
1039 963 1081 1030 ad
1097 965 1222 1047 priores

90 1081 154 1138 tres
171 1077 279 1136 metas
289 1071 462 1154 angulares
471 1070 590 1135 iterato
607 1093 704 1155 super
717 1071 834 1155 quibus
845 1073 878 1137 in
891 1072 1011 1156 primis
1021 1070 1223 1138 reambulare

89 1179 289 1246 inchoarunt
304 1177 488 1260 ibidemque
506 1199 618 1242 cursus
629 1183 661 1242 et
677 1178 905 1244 distinccicnes
921 1183 1082 1244 metarum
1099 1199 1222 1262 posses-

88 1289 187 1354 sionis
216 1285 313 1371 Nyek
337 1286 557 1370 suprascripte
583 1287 808 1352 terminantur.
833 1287 960 1352 Datum
986 1291 1106 1370 quarta
1136 1286 1224 1351 feria

90 1397 242 1481 proxima
267 1399 341 1478 post
356 1393 473 1459 festum
504 1391 728 1460 Assumoionis
746 1395 877 1479 virginis
894 1395 1043 1479 gloriose,
1068 1416 1152 1461 anno
1169 1393 1224 1460 do·

90 1503 169 1570 mini
184 1503 244 1569 Μ0
260 1500 361 1569 0000
375 1501 467 1566 XX⁰
483 1501 629 1586 septimo.

199 1687 223 1735 1.
237 1685 343 1748 Karoly
355 1684 504 1748 kirtlynak
519 1687 596 1734 1327.
622 1699 685 1736 nov.
701 1685 782 1736 27-dn
805 1686 864 1736 kelt
882 1687 1050 1751 megerdsltd
1064 1684 1224 1748 ttirutabdl,

91 1779 196 1841 melyet
210 1791 228 1825 a
240 1776 332 1839 kiraly
348 1777 424 1826 1335.
438 1789 501 1825 nov.
516 1774 581 1824 tutu
600 1775 629 1839 ej
644 1775 736 1840 penset
749 1775 827 1839 alatt,
840 1775 925 1826 mivel
939 1792 955 1826 s
968 1776 1025 1840 regi
1039 1776 1085 1826 »in
1099 1776 1225 1840 partibus

91 1865 275 1930 transalpinis
290 1902 296 1916 .
310 1901 316 1914 .
332 1866 451 1929 quodam
465 1879 529 1914 casu
541 1864 724 1928 inopinabili«
741 1867 879 1924 elveszett,
894 1863 975 1915 limet
988 1865 1044 1915 atlr
1057 1864 1085 1916 es
1099 1867 1224 1928 magerb-

91 1959 140 2022 sit3
173 1972 208 2007 ez
240 1955 396 2006 utobbinak
418 1953 549 2020 eradetije
571 1969 689 2020 megvsn
702 1969 734 2005 az
749 1969 818 2005 orsz.
833 1956 889 2005 ltar
901 1955 1000 2006 kinost.
1015 1959 1082 2006 oszt.
1096 1955 1129 2006 N.
1144 1955 1176 2005 R.
1191 1955 1224 2004 Α.

92 2051 151 2099 378.
167 2050 213 2098 33.
237 2045 305 2112 dipl.
319 2045 390 2097 tter:
414 2049 491 2096 2431.
515 2045 613 2096 Kozli:
637 2047 717 2110 Nagy
731 2044 830 2111 Gyule.

583 2223 740 2233 -..——.-.

627 2425 701 2488 279.

93 2607 191 2670 1327.
210 2630 284 2693 cup.
305 2607 353 2669 19.
372 2601 401 2668 Α
418 2605 473 2670 kei
488 2604 686 2690 bctptalmrl.
705 2607 830 2692 Kciroly
846 2607 1024 2692 lcirc'lpoale
1044 2607 1138 2670 1327.
1149 2607 1228 2691 mdj.

92 2719 200 2779 ‘Adria
217 2713 433 2802 belt,jbotobd
450 2715 526 2778 263.
546 2738 586 2778 aa.
604 2716 687 2780 olott
702 2715 804 2780 koablt
815 2721 1025 2800 pararreaa'ro
1048 2715 1165 2780 Tomos
1181 2740 1228 2778 er·

89 2824 181 2910 de'lyi
197 2823 314 2907 oojddt
329 2823 475 2887 'iboroaa
486 2821 572 2885 Boos
584 2825 767 2909 vdrmeppei
777 2822 923 2887 birtoloba
939 2822 1133 2903 beiktotocto,
1144 2821 1229 2888 errdl

437 2929 607 3014 jelente'se't
634 2930 881 3019 igpfolytotjo:

203 3107 275 3174 Nos
291 3109 392 3190 igitur
408 3157 415 3171 .
432 3156 439 3171 .
455 3128 595 3172 unacum
611 3108 758 3193 predicto
775 3107 913 3175 Nicolao
938 3107 1006 3174 filio
1034 3107 1183 3176 Ladizlai
1199 3157 1206 3172 .
1222 3157 1230 3174 .

90 3220 259 3286 hominem
292 3223 438 3282 nostrum
455 3267 462 3281 .
480 3266 486 3280 .
504 3215 654 3302 duximus
679 3219 1014 3286 transmittendum..
1032 3219 1087 3304 qui
1111 3219 1231 3284 retule-

89 3335 170 3394 runt
187 3326 278 3412 quod
294 3327 328 3390 in
343 3324 425 3391 sesto
442 3323 538 3390 beate
553 3323 661 3390 Maris
678 3326 876 3410 Magdalene
901 3328 1047 3411 proxime
1073 3327 1230 3410 preterito

89 3437 273 3504 adfaciem
290 3433 433 3500 eiusdem
449 3435 660 3518 possessionis
687 3435 858 3501 Thamara
881 3437 915 3500 in
941 3436 1098 3501 comitatu
1113 3433 1230 3500 Bachi-

90 3549 161 3615 ensi
179 3546 351 3612 existentis
376 3546 587 3610 accessissent
604 3545 804 3630 eandemque
822 3567 895 3611 cum
920 3545 1047 3610 duobus
1075 3546 1154 3610 locis
1174 3567 1230 3609 seu

89 3657 213 3724 sitibus
231 3655 381 3720 villarum
398 3651 591 3718 Petbefolva
608 3658 641 3719 et
656 3653 913 3738 Perehtynsolua
939 3654 1061 3719 vocatis
1078 3703 1085 3717 .
1104 3703 1111 3717 .
1128 3673 1230 3717 ream·

89 3763 241 3832 bulaudo
257 3761 344 3828 idem
359 3762 456 3827 horno
472 3767 579 3827 vester
594 3811 602 3828 .
618 3813 624 3826 .
642 3760 813 3845 magnifico
844 3763 913 3827 viro
931 3761 1056 3826 Thome
1072 3760 1226 3845 woyuode

90 3871 330 3940 Transsilvauo
347 3871 537 3935 statuisset.
554 3920 561 3934 .
579 3869 803 3955 cuiusquidem
833 3869 1043 3954 possessionis
1060 3869 1231 3934 Thamara

91 4003 212 4051 errrsus
240 3983 402 4043 metarum
420 4027 426 4042 .
443 4027 450 4042 .
467 3978 577 4042 taliter
593 3977 833 4066 distingunturss:
852 3977 937 4062 quod
954 3978 1057 4062 primo
1074 3977 1188 4061 incipit
1212 3997 1232 4041 a

91 4100 189 4181 parte
207 4088 361 4155 orientali
387 4109 483 4171 super
499 4086 602 4152 tribus
618 4090 712 4154 mstis
729 4089 938 4173 angularibus
967 4107 1105 4171 quarum
1121 4107 1187 4150 una
1212 4105 1231 4148 a

89 4208 187 4289 parte
206 4195 354 4263 meridiei
365 4201 450 4260 terre
460 4194 602 4261 filiorum
612 4195 637 4261 J
639 4197 732 4263 aoobi
742 4203 775 4262 et
784 4195 926 4262 filiorum
936 4195 1109 4260 Michaelis
1120 4189 1231 4276 Gyula

89 4317 212 4379 vocate
229 4307 336 4374 altera
360 4325 436 4369 vero
452 4309 539 4370 terre
557 4306 694 4389 capituli
710 4306 848 4373 ecclesie
874 4304 1065 4370 Baohiensis
1081 4301 1231 4367 similiter

89 4422 272 4487 Thamana
288 4419 401 4482 vocate
417 4435 476 4498 per
491 4421 619 4498 partem
636 4417 771 4480 orientis
783 4415 885 4480 tercia
901 4413 1043 4479 eiusdem
1059 4409 1232 4495 possessio·

89 4533 139 4597 nis
157 4528 374 4594 Thamanaa
398 4524 496 4607 plaga
521 4524 770 4608 septemtrionis,
788 4523 863 4588 inde
888 4527 998 4588 autem
1024 4520 1118 4584 metis
1133 4518 1232 4582 interr

88 4637 211 4725 positis
227 4635 298 4699 itur
309 4651 418 4697 versus
435 4633 593 4697 orientem
606 4629 648 4696 ad
664 4640 730 4699 tres
742 4638 845 4698 metas
861 4631 1033 4716 angulares
1060 4649 1099 4692 ex
1116 4625 1232 4710 quibus
