3112 5466
703 486 888 530 tiurouuoiu
906 473 1123 530 oauiurriu.

880 794 952 853 180.

353 953 447 1016 1325.
457 954 532 1037 jan.
550 954 602 1017 24.
628 950 676 1015 Aa
702 954 771 1037 apri
795 953 951 1039 boiplalau
975 953 1048 1017 elb'tt
1064 952 1139 1016 Be'lr'
1156 951 1343 1033 Lu'szlo'fiai
1359 949 1455 1012 llilclos

549 1064 581 1125 e‘s
598 1060 734 1145 Miluilp,
750 1064 865 1125 bcirom
881 1061 1028 1124 birtelma
1041 1058 1286 1143 irreposzlozaak.

458 1236 647 1322 Capitulum
664 1238 796 1303 ecclesie
811 1235 984 1321 Agriensis
1000 1289 1006 1304 .
1023 1291 1030 1305 .
1051 1237 1254 1304 declaramus
1271 1287 1278 1302 .
1295 1287 1302 1301 .
1320 1236 1398 1320 quod
1411 1235 1456 1299 Ni·
1551 1278 1552 1282 =

351 1347 461 1411 oolaus
479 1353 511 1410 et
527 1344 673 1411 Mioliael
689 1344 746 1410 filii
773 1347 898 1411 comitis
923 1346 1068 1412 Laelislai
1095 1346 1135 1410 de
1159 1345 1242 1410 Beel
1267 1344 1309 1409 ael
1334 1353 1456 1409 nostran

350 1454 541 1519 accedentes
557 1455 756 1538 presenciam
778 1462 1016 1539 proposuerunt
1031 1455 1104 1521 viva
1127 1477 1213 1536 voce,
1240 1453 1327 1538 quod
1351 1454 1381 1516 in
1403 1453 1457 1534 qui·

350 1561 487 1626 busdam
502 1562 754 1644 possessionibus
771 1564 835 1627 suis
851 1562 957 1648 Pauly
977 1560 1052 1629 Gon
1065 1563 1187 1627 etBeel
1198 1564 1319 1627 voeatis
1335 1612 1341 1626 .
1356 1613 1363 1628 .
1377 1560 1457 1624 talen

350 1671 436 1733 inter
451 1690 484 1734 se
499 1667 651 1734 fecissent
667 1669 863 1752 divisionem,
881 1670 967 1753 quoel
984 1672 1054 1752 ipsa
1064 1671 1223 1754 possessio
1241 1671 1345 1756 Pauly
1360 1678 1421 1737 tota
1434 1675 1458 1731 et

354 1779 463 1860 porcio
480 1778 622 1861 ipsorum
639 1778 672 1840 in
687 1777 798 1841 eadem
816 1775 891 1842 Gon
908 1778 1021 1843 habita
1038 1800 1110 1842 cunr
1119 1779 1278 1843 uniuersis
1288 1778 1459 1843 utilitatibus

352 1892 385 1950 et
410 1884 617 1968 pertinenciis
643 1884 827 1949 earumdem
852 1886 1023 1949 cessissent
1048 1885 1152 1949 eidem
1177 1884 1332 1950 Michaeli
1357 1892 1387 1949 et-
1407 1885 1459 1948 suis

350 1992 523 2058 herodibus
540 1992 610 2056 iure
626 1999 783 2076 perpetuo
799 1993 993 2076 possidendo
1010 2000 1043 2057 et
1058 1993 1216 2076 habende,
1236 2002 1269 2058 et
1287 2000 1355 2059 tota
1368 1993 1458 2076 porcio

350 2103 493 2186 ipsorum
510 2101 543 2164 in
560 2100 647 2165 dicta
663 2100 743 2164 Beel
759 2100 874 2165 habita
890 2123 953 2184 que
979 2107 1028 2165 est
1053 2102 1212 2184 populosa
1237 2103 1380 2166 similiter
1402 2120 1458 2163 eun

352 2209 501 2274 omnibus
527 2209 746 2274 utilitatibus.
764 2259 771 2273 .
789 2209 891 2273 eidem
916 2208 1055 2274 Nicolao
1081 2215 1114 2273 et
1139 2210 1374 2274 successoribus
1396 2209 1460 2271 eins-

352 2320 424 2383 dem
440 2318 607 2403 perennali
623 2318 694 2381 iure
710 2316 905 2402 possidenda
920 2318 1134 2397 remansisset,
1150 2324 1182 2381 et
1199 2318 1276 2402 quia
1293 2316 1460 2403 ipsaporrio

352 2449 463 2491 eorum
480 2426 519 2489 de
536 2425 615 2490 Beel
632 2427 746 2490 melior
763 2433 795 2491 et
811 2426 926 2490 utilior
951 2425 1047 2489 (lictis
1066 2425 1321 2508 possessionibus
1336 2427 1422 2491 Pauli
1435 2432 1460 2486 et

353 2533 428 2599 Gon
444 2535 604 2597 extitisset
630 2533 670 2597 ob
687 2533 748 2598 hoo
765 2533 850 2597 idem
866 2533 1023 2598 Nieolans
1047 2541 1143 2616 prout
1168 2535 1255 2599 inter
1281 2558 1314 2599 se
1340 2534 1461 2600 ordinas·

353 2648 425 2706 sent
441 2647 592 2723 quartam
608 2639 741 2706 filialem
758 2641 797 2705 de
822 2641 910 2707 dicta
936 2644 1088 2725 porcione
1114 2665 1173 2707 sua
1199 2643 1239 2707 (le
1265 2643 1373 2707 eadem
1396 2639 1461 2704 Beel

354 2750 477 2814 solvere
493 2755 668 2831 teneretur,
684 2750 726 2814 ad
743 2751 830 2832 quod
845 2750 931 2814 illem
947 2749 1103 2816 Nicolaus
1120 2773 1154 2815 se
1170 2773 1280 2816 coram
1297 2752 1383 2816 nobis
1397 2749 1462 2813 obli·
1554 2807 1555 2824 p

354 2859 450 2940 gavit.
466 2857 591 2922 Datum
606 2858 733 2923 infesto
746 2858 938 2923 Natiuitatis
955 2859 1042 2924 beati
1056 2859 1081 2924 J
1083 2860 1220 2924 ohannis
1231 2860 1384 2943 Baptista,
1393 2877 1462 2922 anno

355 2963 475 3028 domini
492 2963 668 3030 Millesimo
685 2967 911 3032 trecentesimo
927 2967 1081 3050 vigesimo
1098 2969 1225 3050 quinto.

464 3146 629 3209 Ugyanesak
642 3162 674 3195 az
688 3147 746 3210 egri
759 3146 947 3211 kaptalannak
972 3151 1047 3197 1427.
1072 3162 1131 3211 apr.
1147 3147 1209 3196 lain
1235 3148 1393 3214 »Gregorius
1404 3145 1462 3195 filins

355 3235 475 3285 ladislai
488 3236 521 3284 de
543 3237 713 3286 Molnosbel«
738 3236 842 3287 resztre
864 3238 975 3287 kiadott
995 3237 1153 3297 atirstribol
1173 3239 1249 3301 niely
1271 3238 1350 3288 ismot
1368 3252 1397 3286 az
1416 3234 1463 3298 egri

355 3325 545 3388 kaptalannak
572 3326 594 3375 Ι.
619 3327 726 3389 Matyas
753 3327 844 3390 kirtly
872 3331 948 3377 1470.
973 3327 1032 3391 jun.
1057 3331 1099 3376 24.
1119 3327 1218 3377 Badrin
1241 3329 1300 3377 kelt
1321 3325 1464 3391 parancseim

359 3416 516 3465 »Dionisius
529 3416 622 3480 Bekey
636 3421 664 3466 et
676 3417 773 3467 Pet-rus
795 3418 924 3467 similiter
942 3419 1034 3481 Bekey
1057 3418 1090 3467 de
1114 3418 1338 3482 Sayonernptbyt
1361 3415 1465 3465 saaraim

363 3504 566 3569 {llo-benjun.
581 3506 811 3556 30-anlriallitott
833 3508 990 3556 atirataban
1013 3523 1066 3556 vnn
1089 3520 1168 3569 meg;
1198 3508 1288 3556 ennek
1306 3504 1424 3567 eredelije
1440 3518 1465 3550 az

357 3609 427 3644 orez.
440 3595 494 3643 ltar
507 3595 606 3644 kinost.
626 3600 693 3646 oszt.
703 3597 737 3645 N.
751 3598 784 3646 R.
798 3596 830 3646 Α.
852 3602 913 3648 442.
928 3602 970 3648 28.
985 3599 1050 3661 dipl.
1065 3598 1137 3646 ltar:
1153 3601 1232 3646 2394.
1255 3599 1325 3647 alatt
1346 3595 1465 3646 brizletik.

357 3684 454 3733 Kozli:
474 3684 553 3749 Nagy
568 3686 666 3748 Gyula.

845 3807 1000 3823 ..h--

888 3976 959 4037 181.

360 4137 453 4200 1325.
462 4137 528 4220 jul.
545 4139 575 4199 (i.
594 4133 621 4198 A
638 4138 791 4220 pozsoayi
807 4138 967 4221 briptalaa
984 4139 1054 4202 elb'tl
1066 4138 1169 4200 Il'eue'z
1180 4142 1326 4203 corireses
1338 4134 1468 4223 Elefiiuli

358 4246 489 4328 rllrilpo's
499 4269 518 4306 o
531 4243 628 4308 Geztb
639 4245 671 4306 e's
683 4245 831 4328 llujle'up
843 4255 922 4309 areoli
933 4245 1080 4309 hierosol
1096 4246 1198 4309 bozra
1218 4247 1291 4310 cralo
1309 4248 1376 4329 re'pi
1389 4246 1469 4306 liutai·
1551 4286 1552 4326 ἦ

643 4351 905 4436 irreptarta'sdbaa
922 4353 1202 4438 rirrprillopoclnolf.

465 4511 535 4575 Nos
552 4511 729 4594 capitulum
747 4512 878 4576 ecclesie
894 4512 1101 4579 Posoniensis
1117 4514 1334 4597 significamus
1350 4564 1356 4578 .
1371 4564 1377 4578 .
1393 4507 1465 4594 quod

359 4619 553 4687 constitutus
583 4620 797 4705 personaliter
828 4643 935 4691 eoram
961 4622 1052 4692 nobis
1084 4645 1188 4695 eomes
1213 4624 1328 4695 Kenez
1352 4621 1390 4688 ab
1412 4639 1465 4685 una
