3172 5462
635 393 637 398 ’
714 426 901 476 snrounoar
918 419 1137 482 onnrlur‘rlrn.

885 759 956 824 155.

353 942 448 1005 1324.
476 941 502 1005 I.
519 942 644 1026 Keirolp
660 941 772 1028 lrirrilp
789 941 861 1006 eluet
878 966 899 1006 a
916 941 1004 1007 Ka'to
1032 942 1253 1028 rrerrszetse'pbdl
1277 943 1346 1006 valo
1364 943 1445 1007 Jdrror

351 1052 451 1133 dsfia,
469 1051 553 1115 Euri
569 1061 649 1116 creuit
665 1050 771 1115 Bibae·
787 1053 970 1138 ode-mepyei
986 1051 1122 1117 birtolrot
1148 1052 1300 1137 Iudnkofl
1314 1053 1386 1116 lmre
1397 1053 1445 1133 fici-

351 1160 417 1225 rrolr
433 1161 587 1225 Peren-net·
604 1162 635 1223 e‘s
650 1159 913 1224 verrolrouaiuulr
929 1159 1097 1224 tutotuto
1113 1161 1297 1245 docsdtp'dlr;
1313 1159 1445 1225 caelicoli

589 1268 744 1333 tordolmu
759 1269 955 1334 lrivorrotbou
971 1272 1028 1354 igp
1044 1269 1158 1334 udalilr
1175 1269 1242 1334 old:

457 1496 464 1511 .
482 1496 488 1511 .
506 1445 594 1530 quod
609 1445 635 1512 J
636 1447 762 1512 ohanne
781 1447 848 1512 filio
874 1447 998 1512 Thome
1023 1446 1082 1512 filii
1107 1443 1272 1512 Gabrielis
1297 1447 1333 1512 de
1354 1465 1443 1530 genere

349 1552 443 1618 Kata
459 1575 517 1636 pro
534 1577 567 1618 se
584 1561 616 1619 et
632 1577 690 1638 pro
707 1555 782 1620 filiis
798 1557 864 1621 suis
881 1555 1008 1620 Thoma
1024 1561 1056 1620 et
1071 1553 1236 1620 Michaele
1251 1554 1294 1620 ab
1310 1554 1445 1634 uuallon

349 1659 450 1726 Petro
466 1661 533 1726 filio
550 1664 714 1746 quondam
729 1664 878 1747 magistri
893 1663 1037 1728 Emerici
1053 1661 1112 1727 filii
1137 1660 1163 1726 J
1165 1663 1288 1728 ohanoe
1313 1661 1445 1746 conpatris

349 1772 498 1835 annotati
515 1771 636 1836 domini
651 1771 773 1837 Karuli
790 1773 874 1855 regis
890 1772 973 1837 bone
996 1772 1149 1837 memorie
1165 1793 1224 1854 pro
1240 1795 1275 1837 se
1291 1777 1321 1836 et
1335 1791 1385 1854 pro
1398 1767 1444 1832 lra-

349 1877 454 1942 tribus
488 1879 555 1944 suis
579 1878 719 1946 Nicolao
744 1880 900 1944 Ladislao
925 1885 958 1944 et
983 1877 1141 1958 Barraba‚
1166 1880 1245 1944 item
1271 1878 1405 1944 Johanne
1423 1880 1446 1938 et

349 1984 505 2051 Ladislao
521 1985 597 2051 filiis
614 1985 745 2052 Nicolai
760 1987 819 2052 filii
836 1987 978 2052 eiusdem
994 1986 1020 2054 J
1021 1987 1143 2053 ohanne
1159 1989 1307 2052 similiter
1321 2007 1371 2070 pro
1384 2005 1410 2048 se
1422 1991 1445 2045 et

348 2115 406 2178 pro
422 2095 491 2177 ipso
509 2103 601 2178 putre
618 2116 729 2160 eorum
745 2118 784 2160 ac
799 2095 937 2161 Nicolao
954 2115 1116 2179 germano,
1126 2094 1257 2160 Mathia
1268 2091 1445 2160 filioAndree

348 2201 460 2268 fratris
476 2204 668 2268 venerabilis
685 2205 720 2268 in
740 2205 861 2268 ohristo
887 2205 989 2288 patris
1016 2204 1137 2268 domini
1163 2203 1188 2269 J
1190 2205 1309 2270 olnance
1333 2197 1446 2287 episcopi

348 2309 573 2377 Waradiensis
597 2313 757 2378 karissimi
784 2313 948 2396 conpatris
972 2313 1073 2396 ipsius
1100 2311 1221 2376 domini
1246 2310 1360 2376 Karuli
1380 2306 1446 2389 regis

347 2418 387 2484 ab
405 2421 508 2484 altera
524 2441 634 2485 coram
651 2420 762 2485 eodem
779 2421 908 2486 domino
934 2418 1063 2484 Karulo
1080 2439 1155 2502 rege
1171 2418 1376 2502 personaliter
1390 2435 1446 2480 con·

347 2529 479 2609 stitutis,
495 2527 581 2593 idern
597 2527 766 2594 lohannes
782 2528 869 2594 filius
894 2529 1017 2594 Thome
1049 2526 1212 2610 quandam
1243 2526 1447 2611 possessionen

347 2657 438 2700 suam
463 2657 537 2701 vere
561 2636 793 2702 hereditariam
809 2637 851 2702 ad
871 2658 904 2700 se
921 2636 1106 2701 devolutam
1122 2635 1212 2717 Eusi,
1233 2633 1383 2720 Stephani
1403 2629 1447 2694 filii

346 2742 515 2808 Benedicti
531 2751 679 2811 vocatam
695 2767 795 2829 prope
813 2746 978 2811 civitatem
987 2743 1223 2812 Varadiensem
1242 2746 1330 2809 iuxta
1339 2741 1447 2806 flurium

347 2851 443 2918 Orisii
460 2845 650 2920 existentem
665 2853 699 2918 in
715 2860 805 2917 reeta
831 2857 926 2937 parte
946 2852 1079 2918 dimidia
1103 2853 1208 2936 ipsum
1235 2853 1447 2934 contingentem

346 2982 443 3046 quam
460 2963 566 3026 adhuc
583 2962 704 3027 dudum
721 2961 841 3028 eisdem
858 2962 1023 3045 magistris
1039 2961 1189 3027 Emorioo
1207 2967 1240 3028 et
1250 2957 1446 3027 Nioolaofiliis

343 3068 369 3134 J
371 3069 515 3135 ohanohe
531 3092 570 3134 ao
586 3068 660 3134 filiis
677 3069 863 3134 eorumdem
880 3077 913 3134 et
929 3069 1045 3134 Mathe
1064 3068 1133 3135 filio
1159 3067 1294 3136 Andros
1318 3065 1446 3152 predictis

344 3202 404 3264 pro
436 3179 629 3262 quibusdam
661 3181 727 3244 suis
758 3178 1005 3244 necessitatibus
1035 3179 1277 3246 inevitabilibus
1308 3199 1358 3262 per
1385 3193 1448 3258 quos

343 3289 538 3371 multiplicia
554 3287 745 3353 damnorum
770 3287 940 3372 dispendia
964 3289 1204 3372 possessionum
1235 3293 1268 3352 et
1293 3307 1388 3353 rorum
1402 3281 1446 3347 ali-

344 3417 436 3461 arum
453 3417 509 3460 seu
524 3396 681 3462 bonorum
697 3396 778 3462 alias
793 3397 991 3480 incurrisset,
1008 3402 1107 3480 prout
1129 3397 1295 3463 retulisset
1319 3417 1370 3480 pro
1384 3412 1447 3474 qua·

344 3503 497 3585 draginta
512 3505 629 3570 marcis
646 3503 702 3568 fini
718 3505 845 3587 argenti
861 3505 921 3570 sub
938 3527 1021 3588 pena
1038 3505 1129 3588 dupli
1154 3528 1253 3588 quam
1267 3507 1349 3570 idem
1361 3504 1446 3566 incur·

343 3613 446 3693 risset,
461 3617 498 3676 ut
515 3613 703 3677 asseruisset
719 3635 756 3678 eo
783 3613 870 3696 quod
885 3613 957 3677 aliis
975 3635 1031 3678 sue
1047 3614 1268 3696 generacionis
1288 3608 1446 3678 horninibus

344 3721 540 3804 nequivisset
555 3726 593 3786 ut
618 3719 752 3786 dixisset
777 3721 905 3803 pignori
930 3721 1099 3805 obligasse,
1123 3721 1341 3788 mediantibus
1362 3713 1447 3784 literis

343 3851 400 3893 seu
416 3828 638 3892 instrumentis
654 3827 806 3910 legitimis
825 3849 884 3910 pro
910 3827 1031 3893 eisdem
1047 3826 1268 3912 quadraginta
1283 3826 1389 3894 marcis
1403 3820 1447 3886 lini

343 3938 469 4020 argenti
494 3943 527 4000 et
560 3936 659 4020 duplo
685 3935 870 4000 earumdem
901 3936 1048 4020 predicto
1073 3959 1195 4020 aspro
1221 3938 1359 4022 quadam
1376 3941 1448 3996 terra

343 4066 446 4110 vacua
462 4043 607 4108 Pelenka
623 4045 789 4108 nominata
804 4044 838 4108 in
855 4047 1012 4110 comitatu
1027 4045 1213 4111 Bihorionsi
1238 4067 1337 4130 prope
1358 4039 1448 4105 villan

344 4153 514 4218 Derechlre
529 4153 622 4218 iuxta
643 4151 776 4217 fluvium
800 4151 942 4218 Kehello
968 4154 1160 4218 existentem
1183 4175 1223 4218 ao
1248 4175 1307 4238 pro
1330 4145 1448 4236 quadarn

343 4262 437 4326 vinea
461 4261 547 4326 bona
571 4261 605 4325 in
630 4262 794 4326 territorio
820 4260 1029 4327 Waradiensi
1054 4264 1118 4328 sita
1143 4269 1176 4328 et
1200 4263 1356 4346 plantata,
1381 4272 1448 4338 quas

343 4367 462 4450 prefati
477 4367 536 4432 filii
552 4367 694 4433 Emerici
711 4373 743 4432 et
759 4367 793 4433 N
794 4369 914 4434 icolaus
925 4391 963 4435 ao
973 4369 1119 4436 Mathias
1131 4370 1234 4435 eidem
1244 4367 1449 4454 conpacienter

345 4474 626 4540 condescendendo
653 4476 714 4540 sibi
731 4482 762 4542 et
779 4499 837 4560 per
855 4499 929 4542 eum
955 4479 1020 4544 suis
1045 4479 1218 4544 heredibus
1234 4529 1241 4544 .
1259 4529 1266 4544 .
1283 4477 1409 4544 dedisset
1423 4471 1448 4531 et

345 4581 556 4648 tradidisset.
575 4632 582 4647 .
598 4583 675 4648 lieet
689 4585 759 4670 ipsa
776 4587 933 4669 possessio
949 4585 1040 4673 Eusy
1065 4593 1195 4653 tantum
1220 4609 1286 4654 non
1309 4581 1448 4657 valuisset,
