3130 5470
596 445 691 511 1329.
708 467 781 511 ura.
800 447 851 510 10.
1217 444 1278 506 397

149 621 331 690 Nitriensis
346 625 498 692 videlicet
517 627 675 712 magistro
691 624 858 712 Stephano
875 629 1008 691 cantore
1025 623 1168 690 eiusdem
1179 624 1281 690 eecle-

152 734 199 798 sie
214 731 392 801 Nitriensis
417 735 459 801 ad
483 736 547 802 hoc
566 741 732 822 assumpto
748 757 808 820 pro
833 735 1018 800 testimonio
1044 739 1077 800 et
1092 733 1282 798 transmisso

151 848 252 928 prout
266 843 396 929 plenius
411 847 446 911 in
461 846 581 912 litteris
598 846 742 912 eiusdem
758 845 895 930 capituli
904 843 1081 910 Nitriensis
1098 865 1179 929 quas
1196 842 1283 908 dixe

155 957 233 1016 runt
250 973 284 1018 se
300 953 420 1019 habere
436 958 587 1020 asserunt
603 954 764 1020 contineri
775 977 782 1034 ;
793 975 904 1020 verum
915 953 992 1038 quia
1007 951 1178 1017 exhibente
1190 949 1283 1015 nobis

153 1059 266 1126 eodem
284 1064 441 1145 magistro
456 1061 573 1129 Laohk
588 1069 799 1147 procuratore
815 1068 848 1127 et
863 1061 993 1127 homine
1009 1061 1130 1127 domini
1146 1059 1230 1143 regis
1241 1057 1284 1123 ad

152 1167 215 1234 hoc
241 1171 427 1266 specialiter
453 1171 617 1238 destinato
642 1173 772 1237 litteras
797 1171 898 1254 ipsius
925 1169 1048 1236 domini
1079 1169 1164 1252 regis
1189 1167 1283 1233 nobis

158 1301 256 1363 super
272 1281 336 1347 hoc
359 1285 568 1349 transmissas
584 1285 764 1370 recepimus
779 1284 813 1348 in
839 1282 956 1368 quibus
981 1281 1166 1366 specialiter
1188 1278 1282 1344 nobis

154 1389 335 1455 mandabat
366 1399 404 1457 ut
419 1392 583 1458 hominem
617 1399 765 1458 nostrum
800 1392 1022 1457 transmittere
1048 1389 1237 1455 deberemus
1254 1437 1284 1452 ..

156 1519 215 1562 nos
241 1519 318 1563 vero
335 1549 342 1564 .
359 1550 366 1564 .
382 1499 544 1565 hominem
569 1506 742 1566 nostrum.
759 1551 766 1565 .
782 1501 973 1584 magistrum
998 1497 1136 1563 Petrum
1161 1495 1285 1560 dictum

160 1611 324 1671 tartarum
340 1610 595 1676 concanonicum
621 1615 654 1674 et
670 1609 791 1674 socium
807 1612 955 1673 nostrum
980 1604 1023 1671 ad
1047 1605 1196 1690 predicta
1213 1624 1284 1668 exe-

158 1713 291 1798 quenda
326 1737 397 1781 cum
425 1717 538 1784 eodem
572 1718 728 1802 magistro
753 1715 869 1782 Lachk
893 1715 1023 1781 homine
1048 1713 1171 1780 domini
1196 1713 1285 1794 regis

156 1823 308 1890 duximus
324 1826 619 1912 transmittendum,
637 1828 693 1912 qui
710 1826 841 1910 quidem
859 1876 866 1892 .
883 1876 890 1892 .
907 1844 1016 1891 coram
1031 1823 1124 1889 nobis
1139 1823 1173 1887 in
1189 1822 1285 1906 pleno

156 1934 301 2017 capitulo
318 1936 488 2002 constituti
504 1935 709 2002 concorditer
726 1940 895 2001 narrantes
911 1937 959 2000 rei
975 1933 1091 2000 seriem
1101 1931 1285 1996 retulerunt

155 2041 189 2105 in
205 2040 293 2108 hunc
309 2043 448 2127 modum,
466 2043 554 2128 quod
570 2045 631 2130 ipsi
647 2044 681 2109 in
698 2043 859 2110 dominica
874 2041 1094 2108 Reminiscere
1110 2045 1143 2105 et
1160 2061 1218 2122 per
1235 2043 1284 2103 to·

156 2155 225 2215 tam
251 2149 432 2217 ebdomada
456 2151 578 2218 ibidem
603 2159 842 2218 commorantes
867 2173 952 2218 anno
978 2150 1100 2216 domini
1115 2147 1169 2213 Μ0
1186 2143 1286 2212 000ο

156 2259 310 2342 vigesimo
321 2283 407 2327 nono
424 2261 616 2329 accedentes
626 2262 795 2330 adfaciem
810 2263 1030 2347 predictarum
1047 2260 1288 2346 possessionum

156 2389 213 2452 per
230 2370 397 2436 dominum
413 2393 523 2456 regem
540 2372 643 2439 eidem
658 2374 815 2456 magistro
826 2371 995 2458 Stephano
1011 2373 1045 2438 in
1062 2366 1287 2436 concambium

156 2479 352 2546 traditarum
378 2481 561 2548 convocatis
585 2483 698 2548 vicinis
735 2489 769 2548 et
793 2482 1022 2549 commetaneis
1048 2487 1081 2545 et
1112 2478 1283 2544 convenire

158 2589 354 2656 sufficientes
380 2592 559 2676 expectatis
577 2613 684 2657 coram
699 2591 778 2676 ipsis
793 2590 956 2676 predictas
980 2589 1195 2674 possessiones
1211 2589 1281 2652 uni·

157 2721 266 2766 versas
282 2705 316 2764 et
346 2699 538 2784 singillatim
553 2721 592 2766 ac
606 2701 727 2784 passim
744 2719 1006 2783 unamquamque
1030 2719 1089 2782 per
1112 2702 1236 2762 veteres
1253 2699 1287 2760 et

159 2809 311 2892 antiquas
327 2814 430 2873 metas
445 2807 705 2873 reambulassent
730 2814 764 2873 et
788 2805 877 2873 facta
902 2805 1162 2872 reambulacione
1178 2803 1286 2889 predi-

159 2921 226 2980 ctas
242 2915 459 2999 possessiones
476 2915 700 2980 universaliter
724 2919 757 2981 ct
772 2915 981 3000 singulariter
998 2914 1102 2979 eidem
1127 2914 1283 2998 magistro

161 3021 325 3108 Stephano
351 3025 407 3107 qui
433 3025 650 3109 personaliter
673 3023 720 3089 ibi
744 3023 860 3089 aderat
885 3023 953 3088 sine
979 3021 1238 3088 contradiccione
1255 3071 1287 3086 ..

161 3134 381 3216 assignassent
397 3139 430 3198 et
445 3134 552 3218 ipsum
577 3134 771 3218 magistrum
796 3130 1000 3218 Stephanum
1024 3132 1058 3196 in
1084 3130 1289 3215 corporalem

161 3243 394 3326 possessionem
418 3243 639 3326 predictarum
655 3243 895 3326 possessionum
911 3240 1171 3306 introduxissent
1185 3237 1288 3304 libere

162 3352 286 3416 nemine
304 3349 555 3435 contradicente,
573 3356 607 3416 et
622 3349 743 3416 ibidem
759 3349 994 3416 reambulaudo
1011 3348 1238 3414 distinooiones
1256 3351 1289 3410 et

164 3480 273 3524 cursus
289 3464 450 3525 metarum
466 3460 552 3524 visus
563 3459 757 3524 certitudine
768 3458 972 3542 pernotando
988 3458 1124 3523 rescribi
1140 3455 1289 3522 fecerunt

163 3574 193 3631 et
209 3567 361 3632 fecissent
378 3573 411 3632 et
426 3568 585 3651 repositas
601 3568 634 3631 in
651 3568 789 3651 registro
806 3565 895 3632 sacta
911 3566 1008 3650 plena
1023 3565 1184 3631 relacione
1195 3562 1288 3629 nobie

162 3681 400 3760 presentarunt,
417 3699 554 3760 quarum
581 3675 710 3760 quidem
726 3681 888 3741 metarum
905 3681 939 3741 et
954 3675 1202 3740 distinooionum
1219 3689 1295 3738 curt

163 3807 214 3851 sus
239 3793 272 3852 et
302 3792 397 3852 tenor
428 3787 504 3852 talis
534 3792 600 3852 est:
617 3785 722 3869 prima
756 3791 843 3850 meta
868 3791 1031 3849 terrarum
1057 3781 1185 3866 Zylwas
1210 3783 1289 3847 item

164 3892 299 3978 Septeer
315 3901 348 3959 et
363 3893 554 3960 Eumnenus
580 3893 841 3976 supradictarum
858 3893 972 3974 incipit
997 3915 1016 3956 a
1032 3897 1126 3976 parte
1141 3889 1290 3956 meridio-

163 4003 228 4068 nali
243 4003 279 4068 in
294 4003 413 4068 beeroh
438 4003 494 4070 ubi
511 4008 587 4068 sunt
603 4009 668 4067 tres
684 4007 769 4068 mete
785 4008 891 4067 terrea
908 4023 1045 4084 quarum
1062 4022 1128 4066 una
1144 3998 1292 4082 distingit

165 4135 185 4178 a
200 4119 290 4178 terra
306 4110 435 4196 Zplwas
451 4112 517 4177 alia
548 4133 568 4176 a
584 4117 674 4178 terra
690 4107 934 4194 Ozdscenpetur
950 4109 1052 4174 tercia
1068 4129 1087 4172 a
1103 4113 1191 4174 terra
1207 4105 1290 4172 Zen-

164 4245 266 4307 gurgy
296 4228 412 4288 vocata
437 4223 527 4287 iuxta
554 4243 651 4305 quam
668 4225 841 4284 erexerunt
857 4239 973 4284 noram
998 4221 1117 4282 metam
1142 4222 1291 4298 terream,

164 4329 237 4396 inde
255 4330 421 4396 descendit
438 4332 525 4396 circa
541 4331 649 4396 villam
667 4327 774 4394 Tumb
791 4327 833 4393 ad
849 4327 983 4392 fluvium
1007 4323 1119 4390 Ludas
1137 4331 1170 4388 et
1186 4331 1291 4390 trans·

165 4441 270 4506 eundo
295 4441 401 4525 ipsum
426 4438 557 4505 fluvium
584 4437 697 4504 Ludas
714 4435 819 4503 tendit
842 4438 928 4501 inter
953 4434 1034 4499 duas
1060 4439 1164 4499 terras
1181 4431 1291 4516 Noge-

164 4549 259 4616 kaato
276 4554 310 4614 et
325 4547 515 4632 Kysakazto
532 4547 565 4612 in
582 4547 686 4612 latere
702 4547 796 4610 unius
821 4543 940 4609 beerch
957 4541 1148 4628 Kysakazto
1172 4540 1293 4606 beerch

168 4665 281 4726 vocato
298 4663 332 4723 et
347 4657 494 4742 pervenit
511 4655 553 4722 ad
570 4656 650 4722 duas
675 4660 778 4720 metas
804 4660 927 4720 terreae
952 4651 985 4716 in
1010 4649 1137 4736 beeroh,
1155 4671 1293 4735 quarum
