3132 5470
301 461 364 521 372
650 471 836 520 carcerom
855 460 1072 518 onmlurrln.

250 707 254 714 ,
299 636 457 702 comitatu
473 635 512 700 de
528 633 755 720 Heueswyuar
786 635 998 700 existencium
1014 653 1095 718 quas
1120 631 1341 698 dimidietates
1356 633 1419 716 ipae

299 749 426 810 teneret
451 748 484 808 et
507 741 644 808 haberet
670 748 827 826 quantam
853 741 922 826 ipse
946 745 1075 808 tantam
1099 739 1163 826 ipsi
1187 738 1248 806 filii
1280 738 1422 825 Symonis

298 851 375 918 bani
392 849 631 938 (singulariter)
648 850 808 916 haberent
824 851 995 935 porciones
1021 849 1183 934 equaliter
1198 850 1287 915 inter
1302 849 1422 915 eosdem

297 961 367 1024 iure
382 959 579 1026 hereditario
595 961 827 1044 participantes
841 986 847 1042 ;
865 981 929 1042 qua
946 957 1144 1025 confessione
1159 979 1218 1043 per
1233 956 1357 1023 dictum
1365 956 1423 1022 Lo·

298 1067 437 1134 randum
452 1066 542 1133 facta
557 1066 655 1132 iidem
669 1066 729 1133 filii
745 1066 894 1152 Symonis
909 1067 987 1132 bani
1004 1088 1063 1152 pro
1079 1087 1113 1130 se
1129 1071 1164 1130 et
1178 1087 1238 1149 pro
1256 1065 1351 1132 dictis
1367 1063 1422 1130 Ja-

298 1175 378 1242 cobo
395 1182 428 1242 et
443 1175 613 1241 Demetrio
629 1174 787 1241 fratribus
797 1175 863 1242 suis
879 1176 1068 1258 pariterque
1077 1174 1163 1240 idem
1180 1173 1206 1239 J
1207 1173 1328 1240 acobus
1339 1171 1420 1237 filius

297 1283 479 1369 Mychaelis
494 1305 553 1367 pro
569 1305 603 1348 se
620 1289 652 1348 et
668 1281 756 1349 dicto
772 1288 866 1367 patre
883 1305 941 1348 suo
957 1284 1127 1366 porciones
1143 1283 1177 1346 in
1193 1281 1291 1346 dictis
1306 1301 1423 1365 posses-

299 1391 449 1458 sionariis
474 1390 730 1457 dimidietatibus
761 1412 816 1456 eos
842 1392 1067 1475 contingentes
1091 1391 1301 1474 reliquissent
1325 1387 1421 1454 eidem

296 1499 453 1566 Lorando
469 1499 530 1566 sub
545 1501 689 1584 ipsorum
705 1501 833 1567 nomine
849 1498 1060 1584 possidendas
1083 1506 1117 1564 et
1141 1497 1308 1564 habendas
1325 1497 1423 1564 donec

297 1609 441 1692 ipsorum
456 1608 602 1694 placeret
618 1609 810 1675 voluntati«

403 1789 506 1840 Miklos
518 1789 663 1841 nadornsk
678 1793 755 1840 1344.
766 1789 818 1854 jnl.
835 1790 944 1840 19·iken
955 1789 1023 1852 kelt,
1033 1803 1050 1839 a
1059 1789 1138 1840 Koba
1150 1787 1254 1840 Miklos
1270 1787 1297 1838 ts
1308 1787 1419 1839 emboli

297 1877 404 1930 Inerant
415 1878 452 1929 fla
465 1879 573 1930 Andros
587 1880 683 1929 kozott
695 1878 795 1944 lelolyt
807 1881 911 1944 perben
934 1881 1033 1931 hozott
1053 1877 1279 1942 iteletlevalebm,
1301 1878 1425 1943 melynelr

297 1968 602 2034 eredetijemegvanaz
616 1984 684 2022 orsa.
698 1969 753 2020 lter
772 1970 873 2022 kinost.
887 1975 953 2024 oszt.
975 1970 1009 2020 N.
1031 1971 1064 2020 R.
1090 1969 1123 2019 Α.
1152 1972 1230 2019 1536.
1257 1972 1300 2020 88.
1318 1969 1382 2032 dipl.
1397 1969 1424 2018 lt

298 2062 377 2110 ³655.
390 2058 489 2111 Kozli:
503 2059 605 2111 Vincze
618 2059 720 2112 (labor.

784 2224 941 2235 *—

831 2462 905 2524 333.

301 2619 395 2684 1328.
413 2631 489 2706 sept.
508 2621 558 2684 15.
575 2617 604 2684 A
617 2621 941 2707 porsoayiko'ptalaa
959 2623 1031 2686 elom
1042 2619 1427 2708 NopyszombatiReucde

295 2729 417 2814 Rutqcr·
432 2733 500 2814 ncjc
516 2751 537 2792 a
568 2729 825 2814 copy-sacratam
841 2729 1070 2794 clarisadkook
1086 2755 1107 2794 o
1124 2733 1223 2794 rc‘osei
1240 2733 1358 2815 hoppen.
1373 2751 1427 2813 epp

717 2838 815 2902 czdldt
830 2838 1018 2922 ajo'odc'koz.
1103 2919 1106 2922 ,

403 3009 473 3078 Nos
491 3013 674 3098 capitulum
690 3014 824 3080 ecclesie
840 3015 1047 3082 Posoniensis
1063 3014 1283 3098 significamus
1300 3065 1307 3080 .
1324 3013 1426 3098 ,quod

299 3121 479 3186 constituta
494 3123 711 3206 personaliter
728 3145 837 3189 coram
847 3123 938 3190 nobis
948 3124 1274 3209 Elyzebethconsors
1284 3123 1430 3206 Rutgery

301 3225 381 3292 dicti
396 3225 533 3294 Reuche
550 3229 627 3294 civis
644 3227 820 3313 Tyrnensis
846 3237 895 3296 est
921 3229 1068 3296 confessa
1083 3279 1091 3297 .
1107 3281 1114 3296 .
1131 3231 1220 3316 quod
1243 3232 1316 3314 ipsa
1332 3251 1431 3315 quan-

304 3334 380 3400 dam
405 3335 572 3402 dimidiam
596 3337 723 3402 vineam
748 3359 840 3402 suam
867 3339 900 3403 in
925 3343 1035 3404 monte
1060 3339 1239 3404 Benedicti·
1249 3339 1432 3424 specialiter

303 3440 391 3508 dioto
408 3444 608 3526 generaliter
622 3465 697 3510 vero
714 3447 748 3510 in
772 3451 883 3512 monte
908 3445 985 3512 ville
1009 3445 1121 3513 Reche
1146 3454 1336 3533 nuncupato
1367 3448 1432 3510 exi-

302 3553 439 3615 stentem
449 3549 634 3619 Katherine
644 3553 808 3619 carissime
824 3552 891 3619 filie
908 3577 964 3620 sue
979 3557 1014 3620 in
1029 3555 1145 3622 habitu
1161 3557 1367 3623 dominarum
1382 3577 1432 3621 re

300 3655 444 3723 latarum
460 3659 494 3724 in
510 3660 651 3728 claustro
667 3661 764 3728 beate
781 3659 879 3728 Olare
895 3663 935 3728 de
950 3663 1091 3731 Posonio
1119 3665 1234 3731 devote
1251 3665 1313 3732 deo
1329 3665 1430 3732 famu·

300 3763 384 3828 lanti
401 3770 434 3830 et
449 3769 551 3831 eciam
567 3767 670 3834 eidem
687 3770 829 3835 claustro
845 3769 940 3837 beate
957 3769 1055 3838 Clare
1071 3779 1206 3858 propter
1221 3775 1432 3840 tenerrimam

298 3891 338 3936 ao
354 3875 526 3956 specialem
542 3875 751 3942 dileccionem
768 3877 910 3944 eiusdem
926 3879 992 3946 filie
1008 3902 1065 3946 sue
1082 3888 1115 3946 et
1130 3885 1271 3948 maxime
1297 3904 1356 3969 pro
1386 3903 1433 3947 rc-

302 3978 408 4046 medio
425 3983 608 4049 animarum
621 3992 794 4070 parentum
810 3993 844 4053 et
859 3989 1121 4071 predecessorum
1133 4013 1265 4057 suorum
1275 4013 1314 4057 ac
1329 3994 1432 4057 eciam

303 4085 345 4151 ob
361 4089 580 4157 remissionem
595 4099 804 4176 peccatorum
820 4117 960 4182 suorum,
977 4119 1076 4181 quam
1092 4099 1225 4182 quidem
1250 4100 1378 4166 vineam
1395 4098 1434 4163 de

304 4197 388 4261 scitu
403 4204 436 4261 et
452 4219 608 4278 consensu
625 4207 658 4265 ct
674 4200 760 4267 bona
775 4203 945 4269 voluntate
961 4205 1042 4270 dicti
1057 4208 1168 4272 mariti
1185 4208 1234 4273 sui
1261 4209 1345 4273 sicut
1363 4209 1434 4291 ipsa

303 4323 412 4368 coram
429 4304 522 4371 nobis
537 4307 667 4391 publice
683 4307 849 4375 fatebatur
864 4311 1021 4380 hactenus
1036 4336 1096 4399 pro
1114 4315 1227 4380 eadem
1243 4313 1312 4380 filia
1327 4337 1389 4382 sua
1405 4321 1437 4379 et

291 4408 436 4495 domina
450 4419 628 4482 matresua
644 4438 707 4501 que
723 4417 875 4484 videlicet
891 4427 997 4487 mater
1012 4444 1073 4488 sua
1098 4423 1133 4488 in
1160 4422 1436 4489 eodem-claustro

303 4518 397 4614 beate
414 4518 512 4586 Olore
528 4525 637 4589 extitit
652 4526 732 4590 inibi
749 4525 809 4592 deo
826 4525 1014 4596 famulando
1032 4528 1186 4596 defuncta
1212 4535 1245 4596 et
1257 4533 1365 4618 ¹e'oiam
1383 4553 1437 4596 ou·

304 4627 428 4694 mulata
444 4629 541 4696 titulo
559 4639 803 4718 comparaverat
819 4635 981 4722 emmonis,
998 4638 1140 4706 dedisset
1156 4690 1163 4705 .
1181 4690 1187 4706 .
1205 4660 1313 4706 eoram
1339 4639 1435 4706 nobis
