3172 5462
344 431 408 499 178
696 443 884 495 susannam
900 431 1116 496 000100οἱ0.

342 620 413 678 tum
430 611 573 676 extitisse
600 613 633 674 et
648 611 694 674 sic
708 611 812 692 ipsam
828 610 1036 694 possessionis
1052 611 1249 693 particulam
1274 611 1359 677 dicto
1380 612 1447 676 iura-

341 729 450 788 mento
465 721 572 804 ipsum
587 719 697 784 Eliam
713 739 803 784 suam
819 717 887 782 fore
897 718 1126 784 hereditariam
1136 720 1447 805 comprobasse3unde

342 833 420 917 quia
453 829 544 912 regni
573 825 745 910 Hungarie
770 827 998 894 consuetudine
1024 828 1172 911 exigente
1196 831 1343 894 universe
1370 851 1446 894 cause

340 940 525 1005 testimonio
542 935 750 1019 comprobate
769 958 833 1001 uno
850 938 984 1002 istorum
1001 935 1139 1002 duorum
1155 938 1365 1003 articulorum
1379 939 1447 1004 vide-
1468 918 1471 926 ¹

339 1049 417 1114 licet
450 1047 652 1129 deposicione
680 1047 854 1110 iuramenti
879 1051 938 1112 aut
963 1045 1174 1111 dimicacione
1200 1045 1300 1112 duelli
1324 1046 1447 1112 debitum

339 1156 435 1221 finem
469 1155 579 1221 sortiri
604 1159 846 1236 consueverunt,
877 1175 1016 1219 unacum
1047 1154 1223 1220 baronibus
1249 1159 1283 1220 ct
1306 1155 1447 1222 nobilibus

339 1265 431 1347 regni
447 1262 614 1328 nobiscum
633 1263 666 1326 in
691 1261 810 1327 iudicio
836 1261 1022 1327 sedentibus
1048 1263 1122 1328 visis
1147 1263 1252 1329 literis
1277 1286 1370 1348 super
1391 1285 1446 1348 pre-

339 1372 428 1438 dicta
443 1371 671 1437 sacramentali
688 1369 891 1454 depositione
915 1372 986 1436 iure
1011 1371 1165 1437 consectis
1189 1374 1294 1457 ipsam
1318 1374 1447 1458 possessi-

340 1483 410 1547 onis
425 1479 622 1563 particnlam
637 1479 671 1542 in
687 1477 797 1562 Dyrsy
811 1477 959 1544 habitam
976 1501 1073 1563 quam
1089 1479 1175 1544 idem
1194 1479 1336 1546 Thomas
1360 1481 1447 1546 dictus

334 1588 430 1674 'Pyuk
455 1593 493 1651 ut
511 1587 711 1670 prediximus
737 1606 757 1650 a
782 1586 873 1670 regia
898 1587 1068 1652 maiestate
1092 1588 1280 1671 postularat
1303 1589 1447 1674 sepedicto

334 1695 408 1760 Elio
424 1694 491 1760 lilio
509 1693 632 1758 Thome
649 1692 905 1759 adiudicavimus
921 1743 928 1758 .
946 1743 952 1759 .
978 1693 1102 1760 Datum
1119 1695 1153 1758 in
1169 1694 1330 1778 Visegrad
1346 1703 1447 1781 quarto

334 1802 385 1868 dic
403 1801 617 1868 conversionis
643 1802 731 1866 beati
747 1800 846 1866 Pauli
862 1803 1011 1886 apostoli,
1036 1823 1121 1868 auno
1148 1803 1271 1868 domini
1295 1803 1448 1871 1110000ο

333 1909 426 1976 XX⁰
442 1910 565 1994 quinto,

440 2091 592 2157 Httlapjdn
604 2089 698 2156 pessa
710 2093 869 2156 nyomaival
881 2109 887 2157 ;
901 2090 1033 2155 credetijs
1046 2106 1063 2141 a
1075 2093 1102 2142 b.
1112 2091 1207 2156 Rtvay
1220 2107 1257 2146 00.
1271 2095 1344 2160 lbsn,
1356 2094 1446 2144 Divers.

335 2181 412 2232 Fam.
425 2181 489 2232 tusc.
506 2185 529 2230 1.
544 2185 567 2230 7.

822 2341 974 2350 *-

866 2563 938 2626 161.

335 2725 431 2790 1325.
465 2723 632 2809 l'iseprcid,
648 2723 734 2810 felir.
761 2725 812 2788 24.
839 2724 867 2788 I.
894 2725 1022 2810 Kciroly
1043 2724 1155 2808 lciroily
1172 2725 1245 2788 elau
1270 2725 1383 2790 Laiszld
1396 2725 1446 2787 bdu

333 2834 401 2918 vaje
433 2829 551 2917 Tepsen
580 2854 680 2895 conces
706 2831 871 2918 Harkciay
897 2831 999 2896 birtolc
1021 2832 1106 2918 fela't
1130 2832 1206 2896 Post
1229 2833 1448 2918 acirmepydbea

333 2943 459 3026 ipsimet·
475 2941 738 3026 uiszzabocsa'tja,
764 2965 811 3004 00
836 2941 949 3027 belyett
974 2941 1115 3006 Reito'loa
1140 2942 1208 3006 lead
1225 2940 1449 3007 birtobrc'szszcl

785 3049 956 3134 eloquiam
972 3050 1017 3114 lai.

440 3207 510 3274 Nos
541 3207 736 3274 Karalus..
762 3231 818 3274 rex
837 3258 867 3274 ..
893 3207 1111 3293 significamus
1128 3257 1159 3274 ..
1185 3207 1273 3292 quod
1307 3207 1449 3274 ladislao

335 3317 500 3401 quondam
525 3316 610 3382 bano
626 3315 693 3382 filio
711 3315 870 3401 Stephani
886 3316 966 3382 dicti
982 3317 1094 3382 Purcb
1114 3322 1146 3382 et
1163 3313 1307 3382 Oliverio
1322 3315 1384 3382 filio
1399 3337 1449 3380 suo

335 3424 377 3490 ab
394 3447 458 3490 una
474 3431 576 3508 parts,
602 3427 680 3490 item
705 3427 821 3492 comite
838 3425 965 3509 Tepsen
981 3425 1048 3490 filio
1065 3423 1158 3489 Petri
1184 3446 1304 3508 genero
1321 3423 1449 3490 eiusdem

333 3531 481 3598 Ladislai
505 3532 583 3598 bani
610 3533 651 3598 ab
678 3534 783 3599 altera
800 3555 909 3600 coram
924 3534 1018 3600 nobis
1037 3533 1253 3616 personaliter
1279 3530 1451 3598 constitutis

332 3639 539 3704 concorditer
554 3640 756 3724 propositum
783 3642 893 3707 extitit
917 3663 975 3724 per
1000 3641 1136 3720 eosdem,
1163 3640 1251 3725 quod
1278 3641 1353 3706 licet
1374 3639 1450 3703 idem

330 3746 507 3812 Ladislaus
534 3746 638 3813 banus
663 3771 702 3813 ex
719 3771 875 3816 consensu
892 3749 1035 3814 eiusdem
1051 3745 1186 3843 Oliverii
1211 3748 1272 3814 filii
1298 3749 1344 3813 sui
1368 3745 1451 3810 dimi-

334 3855 491 3920 dietatem
515 3862 639 3922 rectam
665 3858 832 3924 cuiusdam
848 3859 1058 3943 possessionis
1083 3877 1140 3922 sue
1165 3855 1326 3940 Harkyan
1348 3859 1451 3920 vocate

331 3961 365 4024 in
391 3964 548 4030 comitatu
574 3961 736 4031 Pestiensi
762 3967 929 4032 existentis
946 3966 1050 4032 eidem
1067 3964 1176 4031 comiti
1194 3961 1319 4047 Tepsen
1344 3981 1451 4048 genero

247 4125 249 4130 ,
331 4089 390 4134 000
415 4074 559 4153 tempore
576 4078 763 4140 contractus
788 4075 986 4158 sponsalium
1012 4095 1084 4140 cum
1110 4071 1179 4136 filia
1204 4091 1262 4136 sua
1288 4067 1450 4136 contulerit

331 4183 488 4262 perpetuo
505 4180 746 4266 possidendam,
771 4189 880 4249 tamen
906 4183 983 4266 quia
1008 4182 1093 4247 idem
1109 4180 1285 4246 Ladislaus
1301 4179 1399 4245 banus
1422 4181 1450 4240 et

331 4283 493 4352 Oliverius
527 4285 614 4353 filius
640 4312 717 4356 suus
743 4291 855 4358 ordine
879 4291 1049 4357 iudiciario
1075 4295 1188 4356 contra
1213 4287 1336 4373 Mykch
1357 4283 1451 4367 nra-gi·

331 4399 435 4457 strum
460 4396 699 4463 tavernicorum
724 4399 852 4465 domine
867 4400 978 4484 regine
995 4397 1153 4463 consortis
1169 4401 1279 4460 nostre
1295 4394 1452 4460 karissime

334 4500 367 4563 in
384 4501 519 4586 capitali
529 4507 694 4572 sentencia
705 4510 840 4575 convicti
851 4513 1051 4593 nequeuntes
1062 4502 1125 4591 (se)
1136 4504 1177 4570 ab
1187 4503 1368 4571 huiusmodi
1376 4499 1453 4566 iudi-

331 4608 380 4672 cio
396 4629 452 4673 seu
468 4614 634 4679 sentencia
650 4616 784 4700 capitali
800 4616 1016 4702 pecunialiter
1031 4612 1188 4679 redimere
1199 4613 1286 4678 inter
1304 4607 1451 4696 quasdam
