3132 5470
568 458 662 520 1327.
679 471 753 519 Ans.
773 457 822 521 19.

652 860 727 920 277.

125 1019 217 1082 1327.
237 1020 406 1104 Visepro'd,
416 1044 490 1106 aurp.
502 1023 532 1085 9.
545 1023 573 1085 Ι.
587 1021 717 1106 Kdroly
726 1021 838 1108 lcirdly
848 1021 1108 1108 odomdnylevele
1121 1019 1254 1089 Csicsvo

381 1127 538 1193 birtokro'l
555 1128 731 1211 Ldszlo'fio
747 1129 843 1194 Pe'ter
859 1131 994 1196 re'szdre.

230 1285 301 1352 Nos
316 1287 462 1355 Karolus
479 1341 486 1356 .
504 1339 510 1355 .
527 1311 583 1355 rex
600 1339 607 1355 .
623 1339 630 1355 .
647 1287 867 1373 significamus
883 1339 890 1355 .
907 1341 914 1356 .
932 1291 1019 1375 quod
1044 1292 1120 1357 licet
1136 1313 1195 1358 nos
1213 1291 1256 1358 ad

122 1395 317 1478 peticionem
333 1395 496 1481 magnifici
512 1399 571 1464 vin'
587 1397 746 1464 Demetrii
771 1399 919 1482 magistri
935 1401 1181 1466 tawamioorum
1201 1423 1256 1467 no-

124 1511 265 1569 strorum
292 1507 454 1588 quandam
470 1508 583 1572 silvam
599 1506 641 1572 ad
665 1508 898 1590 possessionem
924 1505 1082 1594 Ohyohua
1099 1515 1256 1594 {vocatum

130 1614 348 1695 pertinentem
364 1615 449 1680 inter
472 1615 586 1680 fluvios
617 1615 873 1700 Kabalapotoka
898 1597 981 1701 Topi
999 1623 1031 1682 et
1047 1617 1190 1704 ¹Bodrug
1205 1639 1257 1682 vo-

123 1727 213 1786 ratos
231 1723 423 1788 existentem
439 1722 464 1788 J
465 1725 586 1790 ohanni
602 1723 669 1789 filio
685 1723 796 1809 Egidii
812 1725 964 1790 servienti
990 1747 1049 1791 suo
1066 1727 1261 1791 contulisse--

124 1850 193 1894 mus
210 1837 369 1914 perpetuo
394 1831 621 1915 possidendam
637 1839 746 1898 tamen
771 1833 849 1916 quia
864 1832 950 1897 idem
967 1835 1122 1918 magister
1137 1835 1257 1901 Dema·

124 1937 206 2002 trius
224 1939 441 2006 omnimodam
456 1941 627 2006 veritatem
652 1939 783 2005 sciendo
809 1941 913 2024 ipsam
938 1942 1052 2006 silvam
1077 1943 1171 2007 Pet-ri
1196 1941 1256 2008 filii

124 2045 273 2112 Ladizlai
290 2046 388 2112 fuisse
404 2053 437 2114 et
453 2069 522 2114 osse
538 2049 631 2114 nobis
647 2050 795 2133 exposuit
811 2049 932 2115 diotem
960 2051 1074 2115 silvam
1102 2052 1167 2116 sive
1184 2073 1255 2135 pos-

123 2156 298 2220 sessionem
319 2156 360 2222 ab
377 2156 490 2222 eodem
506 2156 532 2221 J
533 2157 661 2223 ohanne
676 2155 744 2222 filio
760 2157 873 2241 Egidii
898 2158 1090 2224 removendo
1106 2159 1257 2244 ipsasque

123 2264 252 2329 litteras
268 2271 396 2330 nostros
413 2287 510 2349 super
527 2266 703 2332 oollaoione
730 2265 815 2331 dicte
832 2266 910 2330 silve
927 2265 988 2331 sibi
1005 2288 1172 2332 concessas
1189 2289 1256 2333 oas-

124 2370 226 2436 sando
244 2377 277 2436 et
293 2373 452 2438 carituras
469 2372 591 2438 viribus
606 2373 772 2440 reddendo
799 2395 872 2438 oum
888 2373 1036 2439 omnibus
1051 2375 1117 2439 suis
1133 2375 1257 2440 utilita-

124 2479 213 2544 tibus
239 2485 273 2546 et
297 2481 505 2564 pertinenciis
530 2481 687 2547 universis
720 2483 782 2565 ipsi
807 2481 909 2547 Petro
935 2487 968 2546 et
999 2480 1158 2548 Ladizluo
1188 2481 1256 2547 filio

124 2586 290 2653 Johaunis
316 2595 414 2672 prout
439 2591 585 2673 ipsorum
619 2587 726 2654 iuerat
757 2589 957 2655 reddidimus
990 2595 1022 2654 et
1052 2591 1253 2655 restituimus

124 2695 352 2779 possidendam
369 2703 524 2781 perpetuo
541 2698 715 2764 tenendam
726 2705 759 2763 et
774 2696 966 2764 habendam.
983 2697 1109 2763 Datum
1124 2699 1158 2762 in
1175 2697 1254 2783 Wy-

123 2804 248 2888 segrad,
273 2805 307 2870 in
332 2805 442 2890 vigilia
465 2805 554 2871 beati
579 2807 754 2873 Laurencii
782 2807 933 2889 martiris,
951 2829 1036 2872 anno
1063 2806 1184 2872 domini
1201 2807 1255 2872 Μ0

125 2913 229 2981 CCO⁰
243 2913 393 2981 vicesimo
410 2916 557 2999 septimo.

233 3099 398 3164 Ugyanesak
411 3097 432 3146 1.
446 3097 552 3161 Ktroly
563 3097 654 3161 kirtly
674 3101 748 3148 1330.
762 3113 820 3162 apr.
836 3098 901 3147 dein
928 3098 987 3148 kelt
996 3097 1065 3162 jeles
1079 3095 1163 3148 alakd
1179 3097 1254 3148 okle·

123 3190 384 3253 vetdbol,melyben
410 3203 426 3237 a
451 3188 543 3251 kirtly
571 3188 718 3252 ›niagister
746 3191 843 3238 Petrus
863 3189 936 3238 fllius
949 3188 1072 3238 hadiztai
1085 3187 1118 3236 de
1132 3189 1255 3236 Bozteh‹

123 3279 250 3329 keresdre
263 3295 280 3328 a
292 3278 417 3328 fontebbi
431 3279 568 3328 oklevetet
587 3278 755 3341 megerdstti.
769 3278 874 3342 Kdroly
887 3279 978 3342 kirtly
1003 3277 1113 3328 lsao-ki
1135 3277 1258 3326 oklevele

123 3385 243 3434 megvan
263 3369 420 3419 eredetiban
443 3383 475 3418 aa
499 3383 568 3418 orsa.
594 3368 648 3418 ltdr
673 3367 770 3417 kinost.
798 3375 866 3419 oszt.
892 3369 925 3417 N.
949 3369 982 3417 R.
996 3368 1029 3417 A.
1055 3370 1113 3418 595.
1129 3371 1170 3418 34.
1185 3367 1258 3431 dipl.

123 3460 198 3511 tter:
213 3464 293 3510 2445.
304 3460 401 3509 Kozli:
415 3461 495 3523 Nagy
508 3461 607 3524 Gyula.

623 3639 769 3650 ——Q

657 3860 730 3921 278.

125 4041 223 4106 1327.
240 4063 313 4125 adp.
332 4041 382 4102 19.
409 4011 438 4103 A
465 4040 694 4124 tetraptoton
718 4041 853 4103 dtirodo
880 4039 907 4102 I.
934 4038 1062 4124 Kciroly
1078 4037 1258 4122 kirdlyoak

125 4149 222 4212 1327.
239 4149 349 4232 mdjus
366 4149 468 4211 26u‘u
484 4147 699 4230 ioelufdntebb
725 4149 799 4211 263.
816 4171 857 4211 ez.
889 4171 918 4210 o.
944 4146 1047 4210 Iro'zdlt
1076 4147 1258 4230 parascedt

128 4258 250 4322 Tamds
277 4257 402 4341 erdetpi
416 4256 587 4342 oojddualo
603 4257 696 4341 Nyo'k
713 4255 880 4320 birtolrbon
904 4254 980 4318 uolo'
1012 4253 1214 4317 beiktatdsdr
1234 4251 1255 4331 l,

464 4365 634 4450 jeleutdse't
665 4363 910 4450 ippfolytotjo:

232 4525 306 4592 Nos
330 4527 452 4610 igitur.
469 4575 477 4590 .
494 4547 633 4590 unacum
665 4523 812 4606 predicto
838 4520 977 4586 Nicolao
1008 4519 1074 4585 filio
1106 4519 1257 4584 Ladizlai

120 4637 255 4705 homine
272 4640 378 4701 vestro
394 4635 556 4701 hominem
572 4638 720 4700 nostrum
745 4653 805 4716 pro
821 4630 1005 4698 testimonio
1038 4627 1187 4695 duximus
1204 4627 1257 4692 de-
