3154 5474
367 515 431 580 564
721 531 909 580 nraouuom
925 519 1143 580 orulamlu.

363 693 444 760 duas
460 699 562 760 metas
586 699 708 761 terreas
734 697 885 778 antiquas
903 694 992 759 cuius
1017 716 1094 779 pars
1112 693 1322 760 occidentalis
1340 699 1386 759 est
1400 701 1478 760 terra

365 803 522 869 nobilium
549 802 589 868 de
616 801 712 890 Gyog
738 824 814 888 pars
842 823 918 868 vero
943 802 1111 868 orientalis
1137 808 1284 868 remanet
1308 807 1393 868 terre
1406 802 1480 867 Ben-

363 913 427 976 neh
452 912 563 996 ibique
580 911 714 996 angulat
730 932 764 976 se
782 916 814 976 et
830 909 973 975 declinat
996 909 1039 974 ad
1063 909 1220 976 orientem
1246 908 1411 994 eundoque
1431 931 1480 994 per

365 1042 520 1104 magnum
536 1022 680 1104 spacium
697 1018 739 1086 ad
755 1021 913 1084 orientem
940 1019 1028 1084 circa
1060 1017 1232 1102 quamdam
1249 1020 1334 1084 viam
1349 1020 1480 1103 pervenit

366 1127 409 1193 ad
426 1134 492 1194 tres
509 1132 612 1194 metas
637 1133 761 1193 terreas
781 1127 932 1210 antiquas
948 1147 1046 1211 penes
1072 1147 1153 1209 quas
1180 1131 1289 1192 erecta
1314 1133 1362 1192 est
1378 1133 1481 1210 quarta

364 1256 457 1320 nova,
475 1234 516 1300 ab
531 1235 608 1300 hinc
624 1235 667 1301 ad
684 1234 818 1301 eandem
833 1240 962 1320 partem
982 1235 1175 1300 orientalem
1190 1233 1297 1300 tendit
1312 1237 1395 1300 cirea
1410 1236 1481 1298 viam

366 1365 478 1410 versus
494 1345 758 1428 septemtrionem
774 1365 833 1430 per
848 1344 1025 1428 virgultum
1045 1349 1077 1409 et
1087 1344 1234 1428 parvenit
1244 1344 1287 1409 ad
1297 1345 1375 1410 duas
1390 1350 1481 1408 metas

366 1455 489 1518 terreas
515 1453 601 1518 circa
625 1452 773 1518 arborem
794 1451 893 1517 silicis
919 1472 1014 1518 cruce
1039 1452 1200 1534 signatam
1231 1452 1289 1519 ubi
1315 1457 1363 1518 est
1387 1459 1481 1516 erecta

370 1561 472 1626 tercia
487 1565 576 1626 meta
592 1582 683 1643 nova,
700 1558 815 1625 deinde
840 1558 1007 1625 descendit
1023 1559 1066 1624 ad
1081 1560 1199 1624 vallem
1211 1565 1245 1626 et
1260 1561 1377 1626 transit
1392 1561 1482 1645 ipsam

368 1667 486 1734 vallem
503 1667 712 1752 ascenditque
732 1668 775 1735 ad
800 1673 942 1735 montem
967 1666 1130 1733 adfinem
1155 1669 1236 1734 silve
1263 1668 1318 1734 ubi
1343 1670 1375 1733 in
1392 1669 1482 1734 latere

364 1779 484 1844 montis
502 1780 589 1844 circa
613 1778 761 1844 arborem
786 1777 884 1843 silicis
901 1781 950 1842 est
965 1781 1052 1842 meta
1078 1781 1185 1843 terrea
1200 1778 1338 1861 antiqua
1362 1783 1394 1843 et
1409 1797 1480 1841 nova

365 1907 427 1968 que
444 1891 576 1970 separat
601 1891 732 1970 aparte
758 1884 1016 1970 septemtrionali
1041 1905 1060 1950 a
1086 1890 1174 1951 terra
1190 1882 1274 1970 Gyrv
1299 1884 1482 1970 supradicta,

364 1993 480 2061 deinde
495 2017 555 2080 per
571 1996 655 2062 viam
671 1995 814 2061 declinat
837 1994 880 2060 ad
895 1999 1021 2080 partem
1043 1995 1339 2078 septemtrionalem
1364 2002 1397 2061 et
1420 2017 1482 2080 per-

365 2103 453 2168 venit
478 2103 520 2168 ad
536 2103 617 2169 duas
632 2109 735 2170 metae
751 2109 876 2170 terreas
892 2105 1043 2188 antiquas
1058 2103 1093 2168 iu
1117 2109 1212 2190 parte
1239 2105 1396 2186 orientali,
1420 2111 1484 2188 post

363 2210 423 2276 hec
448 2231 506 2294 per
534 2211 669 2278 eandem
694 2213 776 2278 viam
801 2212 892 2278 vadit
917 2213 960 2278 ad
985 2217 1110 2297 partem
1137 2213 1430 2297 septemtrionalem
1458 2220 1484 2278 et

364 2321 512 2404 pervenit
528 2320 562 2385 in
578 2341 713 2386 ascensu
731 2321 898 2386 cuiusdam
923 2320 1015 2386 collis
1040 2320 1082 2386 ad
1098 2325 1239 2404 quatuor
1254 2328 1357 2389 metas
1373 2329 1485 2388 terreas

364 2429 513 2514 antiquas
544 2428 601 2494 ubi
626 2429 740 2513 quinta
765 2432 812 2493 est
838 2433 944 2495 erecta
976 2451 1060 2495 nova
1084 2433 1171 2494 meta
1197 2429 1243 2495 ibi
1270 2431 1370 2496 eciam
1385 2429 1485 2496 deficit

363 2537 509 2602 vicinitas
527 2541 612 2603 terre
630 2535 712 2622 Gyw
728 2544 761 2602 et
776 2537 892 2622 incipit
918 2541 1028 2602 tenere
1053 2544 1157 2603 metas
1182 2559 1256 2604 cum
1282 2545 1369 2604 terra
1385 2535 1486 2604 Gerelr

365 2666 428 2729 que
446 2644 594 2711 videlicet
610 2651 694 2712 mete
720 2649 872 2730 separant
897 2667 918 2710 a
943 2650 1036 2729 parte
1062 2644 1256 2710 occidentali
1280 2651 1396 2711 terram
1413 2644 1487 2732 Gyv

365 2753 654 2838 aseptemtrionali
674 2759 768 2838 parte
799 2759 921 2820 terram
947 2751 1057 2820 Gereh
1082 2775 1102 2819 a
1125 2757 1219 2838 parte
1246 2775 1319 2820 vero
1346 2757 1487 2820 orientali

363 2866 396 2926 et
426 2861 628 2928 meridionali
659 2867 745 2928 terre
776 2861 913 2927 Bennek
944 2867 1138 2946 remanente,
1174 2862 1215 2928 ab
1248 2863 1322 2927 hinc
1353 2863 1487 2930 declinat

363 2969 404 3036 ad
443 2971 600 3036 orientem
640 2976 671 3034 et
710 2971 856 3036 metatim
895 2970 1001 3036 eundo
1033 2971 1179 3055 pervenit
1210 2970 1252 3035 ad
1283 2972 1362 3037 duas
1394 2978 1487 3039 metas

363 3085 484 3144 terreas
524 3077 694 3162 angulares
730 3100 866 3162 quarum
901 3101 966 3145 una
997 3083 1126 3163 separat
1158 3083 1245 3146 terre
1284 3078 1392 3146 Gerek
1430 3081 1486 3147 aliu

361 3191 448 3252 terre
473 3186 645 3270 Felgemas
670 3209 689 3253 a
715 3193 809 3270 parte
838 3187 989 3252 orientali
1016 3188 1117 3254 tercia
1142 3208 1217 3254 vero
1234 3209 1274 3253 ex
1289 3210 1369 3254 novo
1386 3197 1487 3256 erecta

361 3300 492 3377 separat
525 3299 609 3360 terre
644 3293 782 3360 Bennek
820 3294 963 3378 predicte
998 3294 1038 3361 ad
1079 3302 1207 3380 partem
1242 3296 1487 3376 meridionalem,

361 3401 479 3468 abhinc
518 3403 614 3468 vertit
648 3423 681 3466 se
715 3402 757 3468 ad
794 3401 926 3488 plagam
960 3401 1202 3470 meridionalem
1238 3427 1347 3471 versus
1379 3406 1487 3471 silvam

361 3509 418 3576 ubi
433 3511 595 3576 vicinatur
612 3533 685 3577 cum
708 3511 805 3576 terris
830 3510 1024 3595 populorum
1042 3512 1292 3578 udvornicorum
1313 3513 1353 3579 de
1368 3513 1456 3579 'lbrd
1471 3535 1487 3576 a

360 3624 455 3704 parte
471 3619 628 3704 orientali,
645 3619 760 3685 deinde
773 3617 815 3685 ad
827 3619 962 3684 eandem
978 3625 1103 3704 partem
1113 3620 1358 3688 meridionalem
1373 3623 1485 3687 transit

362 3728 396 3791 in
414 3728 520 3813 capite
538 3712 703 3793 cuiusdam
729 3728 822 3794 vallis
849 3733 881 3794 et
906 3729 1053 3813 pervenit
1072 3728 1114 3794 ad
1130 3733 1236 3795 terras
1252 3730 1393 3798 arabiles
1408 3731 1488 3795 inter

361 3858 445 3920 quas
462 3841 511 3902 est
526 3841 614 3902 meta
629 3840 745 3921 terrea,
761 3835 876 3902 deinde
893 3859 952 3922 per
968 3838 1078 3922 spinas
1093 3837 1180 3902 inter
1197 3835 1279 3902 duas
1304 3845 1407 3904 terras
1422 3859 1488 3904 ara-

357 3944 440 4009 biles
457 3965 516 4028 pro
532 3950 618 4010 meta
641 3943 814 4010 derelictas
831 3965 887 4010 seu
905 3945 1090 4010 commissas
1116 3941 1268 4028 graditur
1293 3945 1334 4010 ad
1358 3943 1487 4010 eandem

358 4057 484 4136 partem
500 4053 705 4137 declinatque
720 4051 864 4137 palisper
889 4053 931 4118 ad
954 4051 1163 4136 occidentem,
1189 4057 1264 4136 post
1289 4052 1348 4118 hec
1371 4053 1486 4117 iterato

361 4161 404 4226 ad
434 4161 603 4228 meridiem
620 4183 679 4246 per
693 4161 833 4228 tribulos
865 4161 1087 4246 virgultasque
1112 4143 1263 4227 similiter
1294 4161 1373 4227 duas
1405 4162 1486 4226 inter

363 4275 466 4334 terras
498 4270 637 4336 arabiles
679 4271 851 4336 existentes
885 4269 1030 4352 pervenit
1060 4275 1179 4334 terram
1220 4289 1285 4353 qua
1316 4276 1363 4334 est
1407 4269 1487 4333 inter

362 4375 441 4442 duas
466 4377 600 4444 arbores
614 4379 679 4464 piri
703 4379 853 4444 videlicet
878 4384 911 4443 et
936 4376 1128 4462 gemulchen
1153 4377 1240 4442 circa
1266 4399 1364 4461 quam
1383 4386 1486 4441 erecta

359 4489 407 4550 est
423 4485 486 4552 alia
501 4492 588 4552 meta
603 4509 695 4572 nova,
723 4487 841 4553 abhinc
870 4507 929 4572 per
954 4485 1161 4570 quamplures
1187 4483 1321 4550 arbores
1345 4485 1488 4570 pirorum

358 4591 522 4660 descendit
539 4595 581 4662 ad
598 4595 776 4677 virgultum
792 4595 834 4659 ad
851 4591 984 4660 eandem
1001 4598 1127 4680 partem
1144 4597 1177 4660 et
1191 4613 1250 4678 per
1267 4615 1364 4659 unum
1390 4591 1487 4657 berch

359 4699 445 4764 circa
468 4701 621 4768 vallema
644 4708 738 4786 parte
764 4701 958 4769 occidentali
984 4701 1133 4786 graditur
1159 4707 1192 4767 et
1207 4702 1354 4787 pervenit
1378 4701 1415 4767 in
1441 4700 1490 4765 de
