3172 5462
618 471 713 540 1323.
1167 474 1228 540 111

89 652 244 720 mudreui
262 657 419 738 vocatum,
436 674 532 739 super
548 675 613 739 quo
628 653 807 722 reflectitur
818 653 861 722 61
871 653 1071 722 6661166166
1081 659 1115 722 61
1125 654 1230 722 66616

90 763 266 848 paulisper
279 763 369 830 venit
384 761 427 828 61
442 759 611 846 Zarrazer,
620 763 655 828 in
671 784 736 846 qua
750 761 930 832 reflectitur
943 764 1063 832 iterato
1079 763 1229 850 616661-

90 869 204 936 lonem
221 875 256 936 et
272 869 378 936 eundo
395 869 518 936 directe
535 870 672 936 6611116
687 868 820 938 flauum
836 871 985 938 similiter
993 869 1062 938 Eer
1071 875 1229 955 vocatum,

90 977 125 1042 in
144 999 214 1062 quo
230 980 337 1063 vergit
352 977 395 1044 61
411 978 548 1044 eandem
563 979 695 1064 plagam
721 983 755 1045 et
779 999 876 1065 super
902 979 1085 1047 clausuram
1109 979 1230 1046 molen·

89 1086 162 1152 dini
181 1087 273 1154 cadit
287 1088 323 1152 in
337 1085 470 1154 fluvium
485 1085 635 1174 Heuyow
651 1093 685 1154 61
699 1087 745 1154 ibi
769 1089 997 1156 terminantur.
1018 1087 1231 1155 Presentibus

88 1201 206 1261 tamen
222 1197 379 1280 magistro
395 1195 497 1263 Petro
512 1197 689 1282 proposito,
712 1195 852 1264 Nicolao
868 1198 999 1282 lectore,
1024 1195 1164 1265 Nicolao
1181 1218 1234 1263 cu·

89 1303 198 1386 61616,
218 1303 369 1371 Waltero
385 1303 425 1369 16
450 1301 613 1389 Borusua,
638 1303 822 1371 Laurencio
848 1303 888 1369 de
913 1302 1050 1392 Kemey,
1074 1303 1177 1371 Petro
1193 1303 1233 1370 16

87 1409 241 1494 Zemlen,
257 1410 437 1478 Benedicto
462 1411 503 1477 16
527 1411 666 1496 Borsud,
691 1413 756 1478 alio
784 1411 964 1478 Benedicto
989 1409 1229 1498 161766816-

87 1521 204 1604 phano
232 1520 273 1586 16
297 1519 410 1588 Η6666
434 1520 670 1587 archidiaconis
695 1523 728 1586 et
753 1521 826 1587 aliis
850 1521 970 1606 multis,
995 1542 1081 1588 anno
1106 1520 1229 1588 domini

88 1627 145 1693 111ο
166 1626 272 1695 0000
287 1627 380 1695 XX⁰
395 1629 507 1714 tercio,
521 1633 681 1713 regnante
696 1627 825 1696 Karolo
846 1630 966 1697 illustri
981 1651 1058 1715 rege
1073 1629 1229 1714 Vngarie‚

89 1737 252 1804 Bolezlao
279 1735 504 1822 Strigoniensi,
529 1735 687 1804 Ladizlao
713 1736 897 1804 0611666661
922 1738 1171 1823 archiepiscopis
1196 1743 1230 1803 61

89 1847 226 1913 domino
242 1851 355 1912 nostro
372 1845 549 1914 venerabili
563 1849 656 1931 patre
673 1845 874 1932 Ohanadyno
891 1847 943 1914 161
953 1848 1064 1932 gracia
1079 1847 1229 1932 episcopo

89 1951 251 2037 Agriensi
268 1953 491 2020 existentibus

204 2116 272 2167 Arm
284 2116 319 2168 A.
334 2117 365 2168 B.
377 2117 405 2168 0.
418 2117 697 2186 cyrographummal;
711 2117 842 2184 eredetijs
855 2133 887 2170 az
901 2117 1035 2171 oranlttr
1047 2117 1147 2170 kincst.
1162 2121 1229 2170 6661.

88 2207 171 2258 Ρ661.
184 2207 271 2257 166611.
287 2212 312 2258 5.
328 2211 351 2258 1.
365 2208 432 2272 dipl.
445 2209 517 2262 lter:
532 2213 609 2262 2205.
623 2211 665 2260 Az
679 2209 783 2260 eredeti
799 2209 967 2274 poldanybtl
988 2225 1040 2276 egy
1063 2210 1148 2261 darab
1170 2209 1230 2260 hla-

89 2298 233 2362 nyozvatm
245 2312 263 2347 a
277 2296 399 2362 ztrjelek
412 2297 553 2350 1116116νὸ
566 2299 659 2350 reszek
672 2315 704 2350 az
724 2299 783 2364 egri
804 2299 995 2364 kaptalannalr
1008 2315 1061 2365 egy
1077 2303 1152 2351 1500.
1166 2314 1228 2364 aug.

89 2389 154 2440 o-an
168 2389 228 2439 lrelt
241 2387 399 2439 nriratabol
411 2388 590 2454 pololtattalr.
603 2390 701 2443 Kozn:
720 2389 824 2442 Vincze
842 2388 942 2441 (labor.

90 2879 189 2942 1323.
208 2876 239 2942 Α
257 2877 362 2943 madai
376 2877 621 2963 1161616661111
637 2877 771 2944 61661616
783 2878 868 2964 pesti
878 2878 999 2965 polpclr
1015 2882 1081 2966 neje
1098 2879 1230 2962 Liltom,

87 3011 108 3049 6
122 2989 262 3074 pomcizi
278 2987 441 3052 1661616166
457 2988 526 3054 loeo·
542 2989 668 3072 sarllcjc't
683 2987 796 3054 Becsei
813 2988 899 3054 Imre
915 2990 1001 3055 le'oai
1015 2990 1230 3077 voroagynak

583 3097 739 3162 eltrtllcz'ti.

204 3255 398 3341 Capitulum
413 3253 576 3324 Budensis
593 3255 728 3324 ecclesie
745 3306 752 3323 .
768 3307 776 3324 .
792 3257 835 3324 ad
860 3257 1082 3326 universorum
1098 3307 1106 3325 .
1124 3259 1230 3326 ,6611-

88 3363 176 3430 ciam
194 3412 227 3430 ..
252 3363 401 3431 volumus
425 3365 599 3450 pervenire,
626 3363 715 3449 quod
735 3364 864 3432 domina
888 3365 1029 3452 Lylyum
1053 3387 1136 3433 uxor
1159 3363 1231 3433 An-

87 3475 170 3540 dree
203 3472 265 3539 filii
294 3473 467 3540 Michaelis
493 3475 568 3540 civis
593 3473 772 3542 Pestiensis
803 3475 986 3542 astantibus
1012 3475 1114 3542 eidem
1141 3475 1230 3541 dicto

86 3580 236 3650 Andrea
250 3583 371 3648 marito
387 3603 446 3648 suo
466 3585 500 3648 et
524 3582 651 3649 duabus
676 3581 806 3649 filiabus
831 3585 897 3650 suis
922 3583 963 3650 16
987 3585 1088 3671 priori
1112 3585 1231 3649 marito

88 3713 152 3760 666
169 3691 293 3777 genitis
309 3691 351 3758 ab
367 3713 433 3758 una
448 3695 550 3776 parte,
575 3692 653 3758 item
677 3693 833 3776 magister
856 3691 1028 3759 Emericus
1057 3692 1097 3758 16
1121 3691 1232 3758 Beehe

91 3801 299 3868 castellanus
315 3799 355 3865 16
371 3798 471 3866 Lewa
486 3799 528 3867 ab
545 3801 652 3867 altera
667 3801 700 3866 in
715 3799 820 3868 nostri
834 3801 1001 3886 presencia
1018 3799 1234 3888 personaliter

88 3909 277 3992 constituti,
293 3907 405 3974 eadem
429 3909 561 3976 domina
584 3907 725 3994 Lylyum
751 3909 914 3994 quandam
938 3909 1065 3976 vineam
1089 3929 1183 3976 suam
1198 3907 1233 3974 in

87 4017 264 4086 territorio
294 4017 368 4082 ville
398 4015 521 4084 Pomaz
553 4018 708 4084 situatam
737 4018 773 4084 in
797 4018 962 4085 vicinitate
985 4019 1153 4087 vinearum
1178 4016 1233 4083 16-

87 4130 262 4195 minarum
279 4145 427 4192 sororum
443 4125 483 4192 16
504 4125 620 4193 Insula
644 4126 741 4194 beate
765 4127 899 4212 virginis
925 4125 965 4192 16
989 4125 1087 4194 Buda
1112 4132 1146 4192 61
1168 4124 1233 4191 Mi·

88 4236 220 4304 chaelis
237 4233 297 4300 filii
313 4233 457 4300 Peturlre
475 4234 515 4300 16
531 4235 645 4301 eadem
670 4233 792 4300 Pomaz
817 4233 1019 4301 adiacentem
1045 4256 1118 4300 cum
1142 4237 1233 4300 terra

87 4345 223 4412 inculta
239 4343 403 4427 spectanti
418 4342 460 4408 ad
471 4343 607 4409 eandem
624 4394 631 4410 .
647 4394 655 4410 .
672 4343 819 4410 confessa
829 4347 878 4410 661
886 4342 1065 4410 vendidisse
1080 4393 1088 4410 .
1103 4391 1112 4409 .
1128 4343 1232 4409 eidem

85 4453 255 4538 magistro
272 4447 423 4517 Emerico
448 4472 507 4536 pro
528 4451 747 4537 quadraginta
770 4452 888 4518 marcis
914 4453 1041 4536 argenti
1064 4453 1231 4520 mercimo-

84 4561 189 4628 nialis
206 4559 304 4644 plene
322 4560 463 4643 receptis
488 4559 529 4626 ab
556 4559 668 4627 eodem
684 4609 692 4626 .
709 4610 716 4626 .
733 4563 890 4646 perpetuo
906 4609 914 4627 .
930 4608 937 4627 .
954 4559 1206 4646 possidendam.
1223 4609 1231 4626 .

84 4669 221 4740 Datum
238 4687 298 4752 per
313 4687 430 4732 manus
445 4666 577 4734 discreti
592 4669 652 4733 viri
668 4669 816 4754 magistri
832 4667 924 4736 Petri
940 4669 1072 4736 lectoris
1097 4669 1230 4735 ecclesie
