3130 5470
688 453 783 536 rsae.
1224 455 1303 518 ‘453

168 631 295 698 tatibus
313 653 425 698 earum
439 630 597 696 universis
614 650 652 695 ac
667 634 759 696 sexta
775 651 852 718 pars
868 631 943 696 ville
960 629 1069 698 Zeech
1086 655 1144 698 uec
1160 655 1224 699 uon
1239 632 1304 700 Kis

169 739 329 807 Technad
337 742 372 806 in
382 740 495 806 eodem
512 741 670 806 comitatu
687 739 727 804 de
744 739 903 826 Zemlyeu
920 741 1097 808 existentes
1115 764 1187 809 cum
1204 745 1303 811 omni·

166 847 227 913 bus
244 849 442 915 utilitatibus
457 854 567 932 preter
583 847 696 914 silvam
714 870 786 914 cum
803 871 869 916 uno
900 849 1001 916 tundo
1018 851 1196 918 molendini
1213 851 1300 919 Obo-

167 955 233 1022 bok
258 955 449 1041 Molnahely
474 961 589 1023 vocato
616 977 714 1040 super
737 956 835 1024 fluvio
862 957 974 1024 Tema
990 960 1112 1026 situato
1130 961 1301 1046 cessissent

166 1063 314 1147 predicto
330 1065 486 1149 magistro
503 1063 643 1130 Nicolao
659 1062 727 1130 filio
738 1064 832 1130 Boxa
842 1072 875 1130 et
890 1064 965 1132 filiis
981 1066 1160 1152 Franohyk
1175 1118 1182 1132 .
1200 1119 1206 1132 .
1223 1070 1233 1134 i
1252 1090 1302 1135 em

166 1172 386 1255 possessiones
401 1169 541 1256 Woyda‚
557 1171 687 1256 Honky,
704 1169 834 1256 Agolch
844 1177 957 1238 vocate
965 1174 1050 1238 inter
1060 1172 1166 1242 dictos
1182 1174 1299 1242 fluvios

166 1279 267 1364 Tycie
284 1287 316 1346 et
332 1280 492 1364 Bodrugh
508 1283 541 1346 in
570 1303 669 1366 snpra
685 1281 773 1347 dicto
803 1283 959 1348 comitatu
990 1281 1030 1348 de
1061 1281 1217 1370 Zemlyen
1235 1287 1300 1350 exi·

165 1392 290 1454 etentes
315 1411 390 1454 cum
421 1389 569 1455 omnibus
600 1389 798 1456 utilitatibus
826 1391 898 1474 suis,
924 1391 1003 1454 item
1018 1389 1200 1458 Kenohech
1223 1391 1296 1460 Au-

165 1496 347 1562 dreashazc
371 1503 404 1562 et
419 1497 483 1564 Kis
499 1497 663 1564 Bachkow
681 1499 829 1564 similiter
854 1497 897 1564 ad
922 1503 1063 1564 castrum
1088 1498 1296 1586 Porosthyan

164 1605 367 1688 pertinentes
394 1626 468 1671 oum
492 1607 649 1671 universis
674 1605 872 1672 utilitatibus
897 1607 963 1671 suis
987 1611 1099 1690 preter
1115 1608 1239 1692 silvam,
1262 1611 1295 1674 in

164 1713 278 1778 eodem
290 1713 448 1779 comitatu
459 1713 598 1797 Zemlyn
609 1713 739 1797 situate,
750 1715 829 1779 item
839 1713 1026 1799 Kethzayla
1040 1735 1141 1800 prope
1153 1722 1296 1782 castrum

164 1820 271 1906 Syrok
286 1823 320 1886 in
337 1822 494 1888 comitatu
510 1821 628 1888 Hewes
646 1821 822 1888 existentes
839 1822 990 1888 similiter
1006 1844 1079 1888 cum
1095 1824 1296 1892 utilitatibus

162 1931 308 2014 ipsarum
324 1930 495 1996 cessissent
510 1928 673 2013 Gregorio
690 1929 758 1996 filio
775 1931 918 1997 Dionisii
935 1981 942 1996 .
959 1983 966 1998 .
982 1933 1061 1998 item
1076 1933 1299 2017 possessiones

163 2038 234 2103 Zek
259 2038 512 2122 interpretatos
538 2038 653 2104 fluvios
689 2037 789 2123 Tyoia
815 2045 848 2104 et
883 2040 1041 2124 Bodrugh
1064 2042 1098 2105 in
1131 2043 1290 2108 comitatu

161 2147 300 2231 Zemlyn
332 2149 471 2213 existens
504 2169 576 2212 cum
607 2149 672 2212 suis
697 2148 895 2214 utilitatibus
919 2149 1084 2232 omnibus,
1115 2150 1193 2215 item
1226 2149 1288 2216 due

161 2261 273 2339 partes
289 2255 406 2339 Zcecb‚
422 2257 501 2321 item
516 2255 649 2340 Kohan,
667 2254 830 2338 Gerunda,
848 2255 1040 2340 ZebekneW,
1057 2257 1292 2343 Horwathpal-

162 2363 245 2427 haza
261 2368 295 2428 et
312 2361 466 2447 Wysnow
482 2363 717 2447 adpredictum
733 2371 875 2430 castrum
890 2363 1074 2450 Porostyan
1090 2367 1293 2450 pertinentes

162 2491 236 2534 cum
252 2470 451 2536 utilitatibus
467 2492 579 2537 earum
607 2473 754 2538 omnibus
780 2479 890 2558 preter
921 2473 1035 2540 silvam
1060 2475 1293 2540 remansissent

161 2577 300 2644 Nicolao
311 2585 351 2656 ,et
367 2577 532 2664 Stephano
548 2581 712 2664 magistris
727 2580 803 2646 filiis
818 2581 946 2646 Detrici
963 2581 1157 2666 supradictis
1173 2632 1180 2647 .
1197 2583 1291 2648 ‚item

159 2689 377 2770 possessiones
409 2687 545 2756 Struthe
571 2688 683 2774 Ohoop
709 2697 742 2755 et
766 2690 856 2756 Rath
879 2691 914 2754 in
938 2691 1095 2756 comitatu
1120 2689 1160 2755 de
1186 2690 1288 2774 Vugh

160 2796 336 2861 existentes
368 2818 441 2862 cum
457 2797 614 2864 universis
631 2797 830 2863 utilitatibus
848 2797 1025 2862 earundem
1051 2803 1083 2862 et
1108 2819 1181 2862 cum
1197 2804 1291 2864 sexta

158 2909 254 2988 parte
270 2904 433 2988 sepedicta
449 2905 524 2970 ville
539 2903 648 2970 Zeech
665 2911 698 2970 et
711 2905 860 2990 Kereple
876 2907 910 2970 iu
921 2907 1077 2971 comitatu
1094 2906 1134 2971 de
1152 2905 1290 2991 Zemlyn

160 3011 311 3076 similiter
342 3011 384 3077 ad
400 3016 542 3078 castrum
558 3011 743 3096 Porostyau
759 3015 959 3096 pertinentes
986 3033 1058 3078 cum
1090 3013 1290 3079 utilitatibus

160 3119 226 3184 suis
243 3119 401 3185 universis
426 3127 535 3203 preter
566 3121 677 3186 silvam
703 3121 874 3186 cessissent
898 3121 1054 3204 magistro
1081 3119 1205 3186 Thome
1220 3119 1290 3188 filio

159 3226 302 3294 Simonis
319 3233 352 3293 et
368 3230 434 3296 suis
449 3229 622 3296 heredibus
638 3236 797 3314 perpetuo
813 3230 884 3295 iure
900 3229 1070 3314 perennali
1082 3235 1115 3294 ct
1130 3231 1289 3296 irrevoca-

158 3335 270 3402 biliter
286 3337 477 3421 possidende
495 3343 528 3403 et
543 3338 710 3420 habende;
735 3339 833 3424 silvas
860 3360 935 3403 vero
961 3337 1182 3421 predictarum
1197 3339 1289 3406 rilla-

159 3467 232 3511 rum
249 3445 366 3530 Zeech,
382 3445 514 3530 Koban,
531 3445 693 3529 Gerenda,
709 3445 894 3530 Zebelmeu,
919 3445 1196 3530 Horvatpalhaza,
1212 3444 1289 3531 Nog

157 3553 300 3636 Visnow‚
316 3553 392 3638 Nog
408 3553 558 3640 Backow,
568 3555 633 3620 Kis
649 3553 821 3639 BachkoW,
832 3555 932 3639 Nogh
948 3555 1073 3637 Tehna
1083 3554 1149 3620 Kis
1166 3555 1289 3640 Tehna,

157 3661 368 3745 Kenchench,
384 3662 630 3746 Andreashaza‚
653 3661 776 3748 Albun,
793 3665 872 3730 item
887 3663 1039 3747 Eghazas
1054 3663 1206 3748 Vysnorr,
1222 3662 1287 3729 Kis

157 3771 293 3853 Visnod‚
324 3771 473 3838 Polanka
504 3776 537 3837 et
568 3771 700 3837 Pernou
732 3772 986 3856 reliquissent..
1004 3772 1218 3837 communiter
1246 3819 1253 3837 .
1280 3822 1287 3838 .

155 3878 368 3964 possidendas
399 3929 406 3944 .
438 3930 445 3944 .
471 3879 657 3963 obligarunt
682 3899 749 3944 sese
774 3881 910 3945 invicem
935 3884 1045 3964 partes
1070 3878 1215 3962 predicte
1249 3902 1287 3946 ac

157 4009 270 4052 eorum
295 3986 431 4053 heredes
463 3988 628 4053 universos
653 3987 695 4052 ab
723 3987 871 4054 omnibus
901 3987 1033 4052 racione
1048 3987 1287 4071 possessionum

85 4117 90 4128 ·
156 4095 377 4180 predictarum
392 4097 426 4160 in
442 4095 590 4180 predicta
606 4095 761 4162 divisione
778 4096 964 4162 habitarum
980 4096 1136 4179 impetere
1153 4096 1286 4160 nitenti·

156 4203 218 4268 bus
235 4203 408 4269 defendere
439 4209 472 4268 et
488 4203 640 4287 expedire
655 4203 823 4269 laboribus
840 4205 906 4270 suis
931 4204 1070 4287 propriis
1087 4208 1120 4267 et
1140 4205 1288 4287 expensis

155 4314 202 4379 ita
218 4310 369 4378 videlicet
386 4310 473 4393 quod
490 4311 516 4376 si
533 4311 660 4394 aliquos
677 4332 716 4376 ex
725 4313 804 4395 ipsis
820 4332 916 4395 super
932 4312 1074 4394 aliquem
1090 4310 1141 4375 vel
1158 4311 1287 4394 aliquos

156 4441 196 4484 ex
211 4419 290 4502 ipsis
306 4439 403 4502 super
419 4418 529 4502 aliqua
544 4419 594 4482 vel
611 4418 774 4502 aliquibus
789 4417 1046 4503 possessionibus
1070 4417 1104 4481 in
1120 4416 1285 4501 prelibata

156 4527 314 4594 divisione
329 4527 371 4592 ad
386 4528 491 4611 ipsum
507 4527 558 4592 vel
575 4527 617 4592 ad
632 4528 720 4611 ipsos
736 4527 896 4592 devolutis
922 4525 1034 4592 ordine
1049 4525 1129 4590 iuris
1147 4526 1287 4609 recapti-

154 4637 225 4707 rari
241 4643 300 4704 aut
317 4636 418 4722 culpis
435 4637 500 4706 suis
525 4627 589 4705 nou
607 4635 813 4724 exigentibus
830 4635 1057 4725 potencialiter
1073 4634 1195 4703 auferri
1212 4657 1285 4704 cou-
