3132 5470
303 517 369 577 328
658 527 846 573 ansounosr
863 513 1080 572 ouulnrrlu.

302 694 397 758 clesie
414 692 517 757 sancti
534 689 707 754 Benedicti
723 687 880 754 Kesehun
896 693 1009 753 vocate
1028 690 1100 752 cum
1116 687 1268 752 omnibus
1284 688 1430 753 utilitati·

300 801 361 866 bus
378 822 435 866 seu
453 799 638 865 attinenciis
662 800 697 862 in
722 799 843 863 octavis
859 798 948 863 beati
972 777 1146 863 Michaelis
1171 798 1362 882 archangeli
1379 799 1429 862 in-

301 909 424 995 pedivit
449 915 486 973 ut
512 907 628 972 amodo
653 908 810 990 incipiens
835 907 1014 990 predictam
1039 908 1275 992 possessionem
1291 909 1429 992 legitime

300 1018 490 1102 impeditam
507 1017 613 1081 vivere
629 1020 662 1080 et
678 1015 801 1099 perfrui
817 1037 881 1080 non
898 1015 1045 1096 deberet3
1057 1016 1091 1079 in
1102 1017 1194 1080 cuiue
1210 1015 1428 1100 impedicionis

302 1121 520 1212 (memoriam)
536 1125 664 1188 litteras
681 1128 808 1187 nostras
824 1123 1090 1208 impedioionales
1107 1123 1254 1206 predicto
1271 1122 1367 1188 fratri
1378 1121 1428 1188 Ni·

304 1235 395 1301 colac
413 1233 637 1299 concessimus.
655 1231 782 1296 Datum
798 1232 831 1296 in
848 1233 970 1297 octaris
996 1232 1084 1296 beati
1100 1231 1275 1297 Michaelis
1300 1232 1429 1298 archan-

305 1345 378 1428 geli,
396 1364 481 1408 anno
498 1343 619 1407 domini
635 1340 690 1406 M⁰
706 1337 806 1406 0000
821 1339 915 1404 XX⁰
930 1342 1078 1426 septime.

415 1506 545 1556 Zdrlahtn
568 1505 660 1570 pecstt
681 1505 858 1570 nyornaivel;
879 1504 1010 1570 credetije
1032 1520 1064 1554 az
1087 1520 1156 1556 orez.
1178 1506 1233 1556 lter
1246 1505 1346 1555 kincst.
1373 1508 1431 1554 oszt

303 1599 376 1647 Eccl.
392 1601 433 1646 24.
450 1597 657 1660 recipimur:
674 1599 752 1646 2458.

790 1795 951 1803 ——n

838 1997 913 2059 290.

309 2161 404 2225 1327.
430 2159 593 2240 Szutrndr,
620 2169 677 2223 col.
703 2161 733 2221 9.
759 2157 911 2224 Szotnrdr
935 2161 1103 2244 odrorepye
1138 2158 1337 2242 szolpobr'rdi
1368 2157 1432 2220 alcu

310 2267 451 2355 Semjdui
467 2268 596 2352 Mihc'ly
623 2267 730 2332 Sintoi
745 2267 852 2330 De'oes
869 2269 902 2330 e's
918 2267 1063 2331 Mikoloi
1087 2267 1195 2332 Jce'oos
1211 2267 1359 2351 biscopes
1386 2266 1430 2329 dl·-

606 2376 665 2440 rol
683 2374 845 2478 dolpddon
862 2374 1141 2462 mepdllapoduok.

415 2536 486 2602 Nos
503 2541 644 2620 quatuor
660 2534 782 2600 indices
807 2533 966 2599 nobilium
990 2536 1158 2619 provincie
1183 2534 1432 2601 Zothmarieusis

308 2649 421 2712 damus
431 2667 491 2729 pro
503 2641 696 2730 (memoria),
708 2643 792 2728 quod
803 2645 958 2727 magister
973 2643 1118 2709 Michael
1128 2644 1247 2710 nobilis
1263 2644 1303 2709 de
1313 2641 1431 2710 Semien

308 2757 341 2820 in
358 2754 480 2820 octaris
506 2749 659 2818 Omnium
676 2751 871 2819 Sanctorum
897 2775 984 2817 nunc
998 2754 1142 2818 venturis
1172 2775 1230 2838 per
1247 2753 1375 2818 modum
1389 2771 1432 2816 ar-

310 2863 401 2929 bitrii
418 2869 531 2928 contra
546 2861 731 2928 Dionisium
747 2861 851 2927 filium
868 2861 979 2928 Deseu
995 2863 1137 2928 nobilem
1154 2863 1194 2927 de
1227 2861 1319 2928 Simo
1334 2867 1364 2927 et
1379 2857 1431 2926 Jo-

309 2973 449 3038 hnnnem
465 2969 568 3036 filium
584 2970 759 3036 Michaelis
773 2972 916 3037 nobilem
932 2971 972 3040 de
997 2970 1126 3036 Milola
1151 2977 1253 3056 prout
1276 2971 1371 3035 iidem
1393 2967 1431 3032 ad

309 3083 415 3164 ipsum
431 3082 624 3164 magistrum
639 3079 837 3146 Michaelem
853 3102 887 3146 se
903 3081 1316 3164 spontaneapromiserunt
1330 3078 1431 3143 solun-

310 3193 380 3254 tate
395 3189 429 3253 in
446 3189 523 3253 villa
540 3188 643 3255 Tatar
659 3211 756 3274 snper
766 3189 954 3273 recepcione
966 3189 1104 3254 duorum
1120 3189 1239 3254 bovum
1256 3190 1283 3254 si
1299 3185 1432 3273 prestare

310 3297 521 3381 presumserit
546 3297 644 3361 iidem
668 3295 836 3362 Dionisius
862 3303 896 3362 et
912 3293 957 3363 'J
958 3298 1102 3364 ohannes
1134 3299 1295 3382 receperit
1326 3301 1432 3360 extunc

312 3403 416 3470 eidem
440 3406 597 3489 magistro
621 3404 778 3470 Michaeli
802 3406 889 3490 ipsos
915 3405 997 3472 duos
1021 3405 1118 3472 boves
1144 3407 1178 3470 in
1202 3407 1338 3470 termino
1362 3409 1433 3467 tunc

312 3513 433 3597 profixo
449 3514 632 3598 persolvere
648 3514 853 3582 tenebuntur.
886 3513 1011 3580 Datum
1037 3516 1070 3580 in
1096 3515 1346 3600 congregacione
1370 3533 1430 3575 mu·

313 3621 423 3706 gnifici
438 3621 499 3686 viri
515 3621 674 3687 Demetrii
698 3623 845 3705 magistri
871 3623 1131 3688 thavernicorum
1156 3623 1278 3689 domini
1302 3621 1382 3704 regis
1402 3619 1432 3683 in

313 3731 475 3796 dominica
500 3731 648 3814 proxima
663 3736 740 3814 post
756 3736 887 3796 octavas
903 3730 993 3795 beati
1023 3730 1196 3796 Michaelis
1221 3731 1254 3794 in
1280 3727 1431 3794 Zothmar

313 3839 485 3917 celebrata,
518 3861 602 3905 anno
620 3839 741 3904 domini
757 3837 811 3904 Μ0
827 3837 928 3904 0000
944 3839 1036 3904 XX⁰
1052 3839 1198 3924 septimo.

421 4005 552 4055 Zeirlata'n
564 4003 663 4054 hstrom
675 4002 825 4068 pecedttcl;
844 4003 973 4069 credetije
995 4019 1011 4054 a
1033 4004 1066 4054 N.
1089 4003 1282 4064 Muzeumbsn,
1306 4016 1321 4049 a
1341 3999 1433 4062 Kenay

314 4107 350 4144 cs.
365 4097 437 4144 lban.
453 4095 549 4146 Kozli:
565 4094 690 4160 Togdnyi
701 4095 735 4143 K.
