3112 5466
342 421 406 487 250
692 435 879 482 rurouuoru
903 423 1119 482 onalsrnan.

341 602 584 668 statuissent..
611 599 701 664 cuius
726 598 855 682 quidem
880 599 1087 682 possessionis
1112 604 1195 665 mete
1220 651 1227 665 .
1254 651 1262 666 .
1286 601 1346 667 hoc
1359 601 1455 666 ordine.

341 711 578 793 distinguntur:
594 709 699 794 prima
714 714 802 773 meta
819 708 969 790 incipite
985 709 1082 793 plaga
1106 709 1257 776 orientali
1280 729 1373 794 penes
1395 731 1455 794 pra·

341 825 410 884 tum
436 817 602 884 cuiusdam
634 816 723 882 fluuii
757 815 839 883 Saar
863 817 1042 902 nuncupati
1069 823 1101 882 et
1125 817 1246 882 ibidem
1270 818 1305 882 in
1328 817 1456 899 margine

341 927 481 993 eiusdem
497 928 583 1011 prati
600 931 647 992 est
664 949 728 992 una
751 927 886 1010 antiqua
910 931 997 992 meta
1014 929 1046 992 et
1061 926 1202 992 secunda
1227 949 1312 992 noua
1336 947 1456 1010 quarum

343 1059 409 1102 una
424 1036 591 1120 distinguit
607 1035 710 1121 ipsam
725 1035 957 1120 possessionem
975 1031 1075 1118 Aplra
1094 1035 1235 1101 secunda
1245 1036 1458 1119 possessionen

343 1144 475 1209 ecclesie
500 1141 612 1210 Sancti
647 1140 827 1208 Salvatoris
862 1141 1010 1206 similiter
1043 1138 1143 1226 Apka
1173 1147 1332 1224 uocatam,
1358 1143 1460 1208 abhinc

341 1250 544 1337 procedendo
560 1272 669 1318 uersus
692 1251 847 1316 orientem
873 1255 906 1314 et
929 1271 1045 1334 parum
1062 1250 1166 1316 eundo
1190 1271 1289 1335 penes
1315 1250 1462 1334 quandam

341 1361 424 1426 uiam
456 1361 622 1445 publicam
647 1381 709 1444 que
735 1359 826 1425 ducit
850 1380 959 1425 uersus
985 1359 1148 1425 ciuitatem
1172 1349 1400 1425 Posoniensem
1422 1365 1460 1422 est

342 1491 408 1533 una
437 1473 524 1534 meta
548 1470 684 1552 antiqua
715 1473 748 1534 et
779 1467 919 1533 secunda
949 1489 1033 1534 noua
1057 1467 1289 1551 distinguentes
1320 1473 1462 1552 tanquan

341 1577 451 1661 prime,
468 1575 581 1641 deinde
596 1575 686 1643 uadit
702 1575 850 1641 similiter
864 1597 974 1641 uersus
990 1576 1144 1641 orientem
1172 1581 1205 1642 et
1229 1597 1346 1660 parum
1370 1575 1460 1640 eundo

341 1685 432 1750 iuxta
457 1683 632 1750 secundam
656 1683 741 1750 viam
771 1683 937 1768 publicam
968 1702 1031 1768 que
1064 1681 1154 1749 ducit
1177 1703 1289 1749 uersus
1314 1683 1459 1749 ciuitatem

342 1793 532 1858 Timensem
548 1797 596 1858 est
611 1813 677 1858 una
692 1793 829 1875 antiqua
853 1797 939 1857 meta
955 1797 988 1856 et
1004 1791 1145 1857 secunda
1168 1813 1253 1857 noua
1279 1813 1342 1876 que
1360 1791 1457 1857 distin-

342 1906 424 1983 gunt
439 1901 568 1966 ornnino
588 1901 673 1964 siout
687 1901 798 1984 prime,
815 1899 934 1966 abhinc
958 1901 1077 1965 transit
1102 1899 1250 1965 similiter
1274 1899 1318 1966 ad
1342 1901 1456 1984 plagam

341 2010 530 2076 orientalem
547 2014 579 2074 et
594 2029 710 2092 parum
729 2008 832 2075 eundo
850 2015 899 2074 est
914 2031 980 2074 una
1003 2015 1091 2074 meta
1114 2009 1250 2092 antiqua
1275 2016 1309 2074 et
1333 2007 1457 2074 secunda

341 2140 424 2184 noua
447 2116 543 2182 modo
568 2115 739 2201 prehabito
766 2116 1006 2200 distinguentes,
1032 2116 1108 2182 inde
1133 2116 1343 2201 progreditur
1365 2114 1458 2181 adhuc

340 2247 451 2292 uersus
476 2225 633 2290 orientem
649 2229 681 2290 et
698 2227 744 2290 sio
769 2225 873 2291 eundo
898 2225 966 2291 itur
990 2247 1087 2310 penes
1113 2225 1276 2310 quandam
1301 2226 1384 2290 uiam
1406 2245 1459 2308 que

340 2334 428 2398 uenit
444 2333 483 2398 de
499 2333 576 2398 uilla
588 2329 728 2418 Gyozyg
744 2354 854 2400 uersus
870 2333 981 2400 uillam
1009 2333 1128 2400 Pauldi
1144 2333 1201 2400 ubi
1217 2339 1294 2399 sunt
1310 2338 1374 2399 tres
1387 2337 1460 2396 mete

341 2442 497 2526 capitales
522 2463 660 2527 quarum
675 2465 739 2508 una
765 2449 894 2527 separat
918 2442 1039 2508 dictam
1064 2449 1185 2508 terram
1210 2439 1312 2526 Aplm
1335 2439 1461 2508 secunda

341 2556 462 2616 terram
478 2550 610 2616 ecclesie
621 2549 734 2616 Sancti
752 2549 930 2617 Salvatoris
943 2573 1004 2636 que
1020 2550 1139 2618 ibidem
1155 2551 1349 2616 terminatur
1364 2554 1393 2614 et
1406 2553 1461 2613 ter·

342 2659 393 2725 cia
409 2665 529 2724 terram
544 2658 620 2724 uille
636 2657 784 2742 Mached,
801 2659 920 2724 abhinc
944 2660 1034 2726 uadit
1058 2681 1168 2726 uersus
1191 2658 1324 2744 plagam
1347 2656 1462 2723 meridi·

341 2767 468 2834 onalem
491 2768 583 2832 iuxta
607 2767 691 2832 uiam
722 2767 920 2833 antedictam
945 2773 978 2833 et
1003 2789 1119 2852 parurn
1143 2766 1249 2832 eundo
1275 2787 1314 2832 ex
1337 2773 1462 2847 ubsque

342 2873 464 2961 (parte)
480 2874 621 2941 eiusdem
635 2876 685 2942 uie
701 2882 749 2941 est
764 2897 829 2941 una
844 2883 931 2942 meta
946 2877 1080 2961 antiqua
1096 2882 1128 2940 et
1147 2897 1212 2940 uua
1227 2897 1311 2941 noua
1336 2893 1462 2958 qumam

340 3007 406 3050 una
431 2984 579 3067 distingit
602 2991 723 3049 terram
748 2981 849 3068 Apka
873 2983 1015 3050 secunda
1039 2991 1160 3050 terram
1184 2982 1334 3067 Mached,
1359 2979 1464 3046 deinde

340 3114 455 3178 parum
472 3091 575 3157 eundo
592 3092 741 3156 similiter
756 3112 866 3156 uersus
890 3091 1048 3157 ¹orientem
1063 3091 1157 3156 iuxta
1173 3089 1308 3156 eandem
1324 3090 1404 3154 uiam
1421 3093 1463 3152 est

340 3223 405 3267 una
421 3201 555 3284 antiqua
571 3207 657 3266 meta
682 3205 714 3264 et
738 3221 804 3264 una
828 3221 911 3264 noua
936 3199 1031 3266 modo
1056 3198 1210 3264 iamdicto
1235 3197 1465 3280 distinguentes,

342 3307 456 3373 deinde
472 3309 589 3374 transit
604 3329 778 3393 parumper
795 3307 836 3372 ad
852 3307 982 3392 plagam
1009 3307 1198 3372 orientalem
1215 3305 1347 3371 ardendo
1364 3303 1403 3370 de
1418 3304 1465 3370 uia

340 3416 493 3482 iamdicta
509 3422 541 3481 et
557 3417 602 3482 sic
617 3415 721 3481 eundo
739 3420 868 3481 estune
892 3421 980 3480 meta
1004 3415 1140 3500 antiqua
1165 3420 1198 3480 et
1222 3436 1290 3481 una
1310 3437 1401 3498 noua,
1416 3415 1466 3480 ab·

339 3525 416 3590 hinc
431 3522 608 3590 reflectitur
623 3545 732 3590 uersus
746 3523 910 3590 meridiem
936 3523 1038 3589 etsie
1063 3521 1168 3588 eundo
1194 3523 1287 3589 iuxta
1312 3523 1466 3608 quendam

339 3631 472 3698 fluuium
497 3631 625 3698 Pelewa
640 3635 861 3716 nuncupatum
885 3637 961 3698 sunt
985 3637 1052 3697 tres
1076 3637 1161 3697 mete
1187 3637 1311 3698 ueteres
1335 3653 1467 3717 quarum

339 3762 405 3806 una
421 3740 589 3824 distinguit
602 3741 707 3826 ipsam
722 3745 844 3807 terram
869 3735 970 3824 Apka
995 3738 1136 3806 secunda
1160 3745 1282 3805 terram
1307 3740 1385 3806 ville
1400 3739 1468 3804 Ma-

340 4174 473 4258 stinguit
491 4173 610 4240 dictam
626 4180 748 4239 terram
763 4170 863 4258 Apka
888 4173 928 4239 de
954 4179 1042 4239 terra
1057 4170 1168 4239 Alach
1184 4173 1318 4239 ecclesie
1336 4173 1379 4239 de
1395 4174 1471 4254 Plis,

338 4281 457 4347 abhinc
471 4282 619 4346 similiter
635 4281 739 4347 eundo
755 4282 891 4348 ulterius
906 4287 982 4348 sunt
1007 4281 1069 4347 due
1085 4285 1169 4347 mete
1185 4282 1319 4366 antique
1338 4284 1471 4350 collate·

339 4389 423 4454 rales
440 4390 670 4474 distinguentes
685 4391 789 4474 ipsam
804 4395 924 4456 terram
940 4387 1041 4474 Aplra
1056 4390 1096 4456 de
1121 4395 1209 4456 terra
1234 4389 1323 4456 dicte
1341 4393 1472 4458 ecclesie

340 4496 379 4560 de
394 4497 472 4581 Plis‚
499 4497 613 4564 deinde
637 4499 843 4583 protenditur
871 4499 1019 4564 similiter
1044 4503 1076 4565 et
1103 4500 1191 4564 uenit
1219 4499 1314 4564 iuxta
1341 4499 1472 4568 fluuium

339 4602 490 4689 Dadwag
507 4612 539 4670 et
554 4605 599 4670 ibi
617 4612 666 4672 est
681 4629 747 4672 una
761 4613 848 4673 meta
863 4608 998 4692 antiqua
1024 4607 1222 4691 distinguens
1239 4607 1342 4674 modo
1358 4631 1473 4676 merno-

340 3849 438 3914 clreed
454 3871 515 3934 que
530 3848 650 3914 ibidem
665 3849 859 3914 terminatur
884 3853 916 3914 et
933 3849 1033 3914 tercia
1059 3855 1180 3914 terram
1204 3845 1315 3914 Alach
1340 3849 1469 3914 ecclesie

340 3955 380 4020 de
395 3956 474 4042 Plis,
491 3957 605 4022 deinde
621 3958 758 4023 ulterius
774 3956 878 4023 eundo
894 3958 928 4022 in
944 3957 1046 4022 latere
1071 3957 1237 4024 cuiusdam
1262 3958 1359 4023 uallis
1384 3957 1469 4023 fluuii
1544 3957 1545 4024 l

339 4067 507 4131 memorati
523 4065 651 4131 Pelewa
667 4071 714 4130 est
730 4065 863 4150 quidam
878 4072 1011 4131 truncus
1036 4065 1091 4150 qui
1108 4068 1157 4131 est
1172 4087 1232 4150 pro
1249 4073 1337 4131 meta
1354 4067 1412 4152 qui
1428 4064 1470 4130 di·
