3172 5462
598 475 694 544 1323.
711 497 785 545 uov.
803 476 854 544 20.
1243 479 1284 546 99

150 657 260 724 litatis
276 655 371 726 nobis
396 663 430 724 et
453 678 545 725 sacre
571 677 688 726 corone
711 656 823 726 debita
847 657 1036 726 divertendo
1061 658 1198 727 Matheo
1219 659 1286 726 filio

151 767 248 836 Petri
265 767 306 835 de
331 767 497 855 Trinchpn
512 767 676 854 quondam
707 767 835 835 notorio
858 771 971 835 nostro
989 766 1113 836 infideli
1137 773 1281 836 assumto

151 875 342 945 rebellionis
374 878 493 964 spiritu
526 877 719 944 adherentes
754 880 869 944 contra
891 897 951 944 nos
975 881 1091 964 utpote
1116 879 1284 945 dominum

153 1007 270 1054 eorum
285 987 470 1054 naturalem
502 987 701 1073 nequissima
717 991 751 1053 et
774 985 929 1053 damnosa
945 987 1145 1054 emulaoione
1160 1009 1288 1074 proces-

153 1096 283 1180 sissent,
292 1096 490 1182 perpetratis
500 1117 560 1182 per
578 1117 632 1162 eos
649 1094 863 1163 occisionibus
878 1117 1090 1182 personarum
1108 1102 1141 1163 εὴ
1156 1099 1288 1164 vastita-

152 1202 245 1270 tibus
268 1205 505 1290 possessionum
532 1207 718 1272 nostrornm
742 1204 900 1292 fidelium,
924 1209 1004 1271 tunc
1029 1207 1183 1294 precipue
1207 1205 1285 1274 dum

153 1311 243 1379 idem
258 1312 417 1382 Matheus
433 1313 521 1381 filius
536 1313 632 1382 Petri
643 1320 751 1382 erecto
770 1335 827 1382 sue
842 1314 1070 1382 nefandissime
1092 1317 1287 1402 presumeio·

151 1422 204 1487 uis
228 1423 349 1490 uexillo
375 1423 468 1490 iuxta
492 1421 626 1490 fluvium
658 1422 790 1492 Tarcho
821 1444 923 1510 propo
954 1422 1091 1510 Rozgun
1106 1425 1142 1491 in
1173 1446 1286 1510 campo

152 1535 271 1597 contra
286 1535 430 1599 nostrum
454 1533 658 1600 maiestatem
685 1531 816 1599 servilia
839 1533 1052 1616 mositarma,
1067 1533 1286 1618 prenominati

157 1634 220 1704 filii
235 1638 359 1705 Budun
368 1641 402 1706 in
412 1640 481 1706 acie
491 1640 593 1727 ipsius
602 1638 733 1707 Mathei
749 1639 919 1708 adversum
929 1661 987 1706 uos
994 1639 1159 1707 hostiliter
1174 1639 1285 1708 decer-

152 1751 437 1834 tarunt‚preterea
456 1749 534 1815 dum
551 1749 645 1816 nobis
664 1751 697 1816 in
713 1771 813 1836 regno
832 1755 945 1816 nostro
961 1745 1210 1835 procedentibus
1226 1771 1286 1836 pro

151 1854 389 1924 reformaciouo
405 1861 511 1924 status
528 1859 621 1942 regni
636 1859 741 1925 nostri
765 1857 908 1924 nobilem
923 1857 1028 1924 uirum
1045 1862 1077 1924 et
1093 1863 1287 1925 strennuum

152 1963 291 2030 militem
301 1969 447 2032 nostrum
457 1965 1000 2050 magistrumvidelioetLadislaum
1010 1965 1216 2032 filiumPauli
1226 1965 1285 2032 lilii

151 2069 335 2156 Kompoldi
345 2074 388 2139 ad
396 2074 636 2160 properandum
645 2097 704 2159 pro
720 2075 814 2142 nobis
825 2075 1014 2142 descensum
1024 2075 1286 2159 promiseramus,

151 2179 252 2246 iidem
267 2179 329 2247 filii
343 2181 466 2250 Budun
481 2184 633 2269 nequiter
656 2184 750 2250 nobis
765 2185 957 2252 insidiantes
981 2184 1164 2268 aspirantes
1180 2184 1285 2249 extin-

152 2311 229 2372 gere
244 2292 345 2356 vitam
369 2296 514 2358 nostram
529 2294 564 2358 iu
579 2293 657 2359 villa
673 2290 809 2378 Gyurke
835 2298 951 2359 vocata
969 2292 1076 2378 ipsum
1091 2292 1284 2376 magistrum

151 2396 346 2466 Ladislaum
372 2401 568 2468 nescientem
593 2400 655 2467 sibi
680 2423 852 2486 precavere
872 2401 994 2488 agressi
1010 2398 1186 2466 crudeliter
1202 2401 1285 2466 occi-

152 2506 282 2592 derunt,
298 2527 338 2574 ex
353 2507 472 2593 quibus
497 2515 530 2576 et
544 2509 619 2576 aliis
647 2510 792 2594 ipsorum
807 2510 976 2577 maleficiis
991 2507 1285 2578 innumerabilibus

152 2617 187 2682 in
202 2618 434 2684 contumeliam
450 2621 484 2684 et
498 2617 708 2703 obprobrium
719 2625 830 2688 nostre
846 2619 1047 2686 celsitudinis
1063 2619 1167 2686 illatis
1182 2618 1285 2684 maui-

152 2722 236 2790 fests
260 2722 464 2791 infidelitatis
496 2729 608 2793 uotam
632 2726 843 2812 incurrentes,
868 2749 927 2793 uos
957 2726 1164 2794 attendentes
1196 2724 1285 2810 quod

151 2833 283 2917 publice
307 2833 462 2900 utilitatis
486 2835 616 2901 intersit
640 2856 681 2900 ne
699 2836 835 2902 crimina
860 2841 1050 2902 remaneant
1073 2835 1224 2920 inpunita
1252 2841 1286 2900 et

152 2941 274 3008 indulti
290 2943 421 3010 sceleris
436 2943 574 3010 audacia
590 2944 705 3010 ceteris
723 2944 934 3030 perpetrandi
956 2945 1074 3010 similia
1090 2947 1237 3010 transeat
1252 2942 1287 3007 iu

154 3051 348 3136 exemplum,
358 3051 521 3138 predictos
537 3103 544 3119 .
561 3103 568 3118 .
584 3053 667 3120 filios
677 3053 798 3120 Budun
807 3052 954 3120 infideles
969 3058 1097 3120 nostros
1107 3075 1147 3118 ne
1164 3052 1204 3118 de
1220 3051 1286 3117 suis

152 3158 403 3227 infidelitatibus
428 3160 600 3227 videantur
625 3161 794 3228 comodum
817 3166 985 3246 reportare
1010 3161 1067 3228 sed
1082 3161 1195 3246 pocius
1211 3179 1283 3244 per-

152 3274 253 3354 petue
269 3267 403 3336 doleant
427 3271 615 3354 angusoiam
632 3271 793 3354 egestatis,
819 3270 968 3336 omnibus
985 3291 1097 3336 eorum
1112 3268 1285 3354 possessio-

153 3377 250 3442 nibus
275 3382 309 3442 et
333 3377 517 3461 specialiter
540 3378 741 3460 possessione
766 3379 910 3462 ipsorum
935 3377 1101 3444 Helmuch
1115 3381 1231 3442 vocata
1246 3377 1280 3441 in

155 3486 315 3552 comitatu
330 3484 540 3552 Zemliuicnsi
551 3487 716 3571 existente,
733 3508 796 3571 que
806 3487 883 3553 olim
901 3483 1085 3553 Alexandri
1100 3484 1160 3551 filii
1175 3481 1286 3569 Ange-

153 3593 205 3660 lus
220 3600 255 3660 et
270 3594 342 3679 ipso
357 3591 548 3661 Alexandro
564 3599 760 3679 procurante
770 3595 858 3680 apud
877 3593 961 3662 filios
972 3593 1136 3678 quondam
1151 3591 1285 3658 Herrici

153 3701 230 3769 bani
248 3703 437 3789 capcionem
453 3708 486 3770 et
501 3704 725 3789 captivitatem
752 3703 874 3770 domini
889 3702 1039 3770 Ladizlai
1054 3709 1133 3768 tuuc
1148 3702 1285 3767 illustris

153 3813 240 3895 regis
263 3810 437 3897 Hungarie
462 3813 620 3880 carissimi
644 3811 755 3878 fratris
780 3814 883 3878 nostri
908 3813 1067 3898 patruelis
1093 3817 1126 3877 et
1158 3832 1198 3876 ex
1222 3809 1286 3876 hoc

153 3921 277 3986 crimen
291 3919 357 3986 lese
372 3921 553 3987 maiestatis
568 3923 762 4006 incurrente,
779 3923 862 3987 sicut
881 3943 920 3988 cx
936 3927 1026 3988 certa
1042 3921 1178 3987 scientia
1193 3919 1286 3986 nobis

154 4035 294 4116 constat,
310 4031 353 4098 ad
368 4033 473 4116 ipsum
489 4031 611 4098 Budun
636 4054 676 4100 ex
690 4033 781 4117 regia
806 4033 981 4099 collacione
1001 4032 1109 4098 fuerat
1124 4031 1285 4112 devoluta,

153 4139 194 4206 de
225 4140 428 4226 prelatorum
453 4147 486 4207 et
510 4141 667 4208 baronum
699 4145 884 4208 nostrorum
909 4142 1042 4208 consilio
1068 4146 1101 4207 ct
1125 4160 1283 4207 consensu

154 4249 226 4334 lege
242 4248 347 4333 regali
361 4250 571 4335 permittente
586 4249 736 4315 duximus
746 4249 943 4338 spoliandos,
960 4271 1056 4336 quam
1074 4249 1204 4335 quidem
1213 4269 1285 4332 pos-

155 4357 331 4424 sessionem
353 4355 518 4424 Helmuch
543 4380 615 4424 cum
640 4359 707 4424 suis
721 4358 920 4426 utilitatibus
946 4365 980 4425 et
997 4358 1204 4444 pertinenciis
1218 4377 1285 4423 ma·

159 4463 293 4549 gnificus
308 4465 358 4532 vir
373 4465 497 4551 Mykch
521 4465 608 4534 filius
632 4466 816 4553 Mychaelis
842 4471 879 4535 de
894 4495 1004 4557 genere
1020 4469 1112 4534 Alcas
1128 4467 1285 4549 magister

159 4572 428 4642 tbawarnicorum
438 4575 566 4642 domine
576 4577 686 4660 regine
696 4577 861 4643 carissime
878 4577 1037 4644 consortis
1052 4579 1163 4642 nostre
1179 4593 1285 4642 comes

164 4679 314 4753 deSarus
331 4683 420 4751 etde
445 4683 583 4773 Zemlpn
608 4683 745 4753 dilectus
762 4688 795 4750 et
819 4683 925 4752 fidelis
940 4688 1050 4752 noster
1075 4683 1117 4748 ad
1141 4686 1286 4750 nostram

1138 4789 1177 4862 7*
