<?xml version="1.0" encoding="UTF-8"?>
<!DOCTYPE html PUBLIC "-//W3C//DTD XHTML 1.0 Transitional//EN"
    "http://www.w3.org/TR/xhtml1/DTD/xhtml1-transitional.dtd">
<html xmlns="http://www.w3.org/1999/xhtml" xml:lang="en" lang="en">
 <head>
  <title>
</title>
<meta http-equiv="Content-Type" content="text/html;charset=utf-8" />
  <meta name='ocr-system' content='tesseract 3.04.00' />
  <meta name='ocr-capabilities' content='ocr_page ocr_carea ocr_par ocr_line ocrx_word'/>
</head>
<body>
  <div class='ocr_page' id='page_1' title='image "./codexdiplomatic01nagygoog_0325.png"; bbox 0 0 3132 5470; ppageno 0'>
   <div class='ocr_carea' id='block_1_1' title="bbox 309 452 1083 513">
    <p class='ocr_par' dir='ltr' id='par_1_1' title="bbox 309 452 1083 513">
     <span class='ocr_line' id='line_1_1' title="bbox 309 452 1083 513; baseline 0.001 -2"><span class='ocrx_word' id='word_1_1' title='bbox 309 452 373 511; x_wconf 82' lang='lat'><strong>308</strong></span> <span class='ocrx_word' id='word_1_2' title='bbox 658 466 847 513; x_wconf 77' lang='lat' dir='ltr'><strong>susonnoar</strong></span> <span class='ocrx_word' id='word_1_3' title='bbox 866 453 1083 512; x_wconf 80' lang='lat' dir='ltr'><strong>onnlurria.</strong></span> 
     </span>
    </p>
   </div>
   <div class='ocr_carea' id='block_1_2' title="bbox 307 627 1430 1762">
    <p class='ocr_par' dir='ltr' id='par_1_2' title="bbox 307 627 1430 1762">
     <span class='ocr_line' id='line_1_2' title="bbox 415 627 1427 694; baseline -0.002 -16"><span class='ocrx_word' id='word_1_4' title='bbox 415 627 823 694; x_wconf 74' lang='lat' dir='ltr'><strong>I.Ktrolylriraly1327‚aug.</strong></span> <span class='ocrx_word' id='word_1_5' title='bbox 838 629 949 679; x_wconf 69' lang='lat' dir='ltr'><strong>wiltu</strong></span> <span class='ocrx_word' id='word_1_6' title='bbox 972 627 1083 678; x_wconf 86' lang='lat' dir='ltr'><strong>kiadott</strong></span> <span class='ocrx_word' id='word_1_7' title='bbox 1102 628 1171 693; x_wconf 87' lang='lat' dir='ltr'><strong>jeles</strong></span> <span class='ocrx_word' id='word_1_8' title='bbox 1190 627 1277 678; x_wconf 80' lang='lat' dir='ltr'><strong>alakir</strong></span> <span class='ocrx_word' id='word_1_9' title='bbox 1301 627 1427 677; x_wconf 76' lang='lat' dir='ltr'><strong>olrlerele·</strong></span> 
     </span>
     <span class='ocr_line' id='line_1_3' title="bbox 307 719 1427 783; baseline -0.003 -13"><span class='ocrx_word' id='word_1_10' title='bbox 307 721 363 783; x_wconf 77' lang='lat' dir='ltr'><strong>bol,</strong></span> <span class='ocrx_word' id='word_1_11' title='bbox 376 722 449 783; x_wconf 86' lang='lat' dir='ltr'><strong>moly</strong></span> <span class='ocrx_word' id='word_1_12' title='bbox 462 720 564 770; x_wconf 88' lang='lat' dir='ltr'><strong>szerint</strong></span> <span class='ocrx_word' id='word_1_13' title='bbox 578 721 774 770; x_wconf 81' lang='lat' dir='ltr'><strong>»consideratis</strong></span> <span class='ocrx_word' id='word_1_14' title='bbox 789 721 967 772; x_wconf 83' lang='lat' dir='ltr'><strong>fidelitatibus</strong></span> <span class='ocrx_word' id='word_1_15' title='bbox 981 724 1008 771; x_wconf 88' lang='lat' dir='ltr'><strong>et</strong></span> <span class='ocrx_word' id='word_1_16' title='bbox 1020 721 1143 770; x_wconf 85' lang='lat' dir='ltr'><strong>fidelium</strong></span> <span class='ocrx_word' id='word_1_17' title='bbox 1157 720 1341 770; x_wconf 77' lang='lat' dir='ltr'><strong>cervisiorum</strong></span> <span class='ocrx_word' id='word_1_18' title='bbox 1361 719 1427 768; x_wconf 84' lang='lat' dir='ltr'><strong>mari·</strong></span> 
     </span>
     <span class='ocr_line' id='line_1_4' title="bbox 311 809 1429 876; baseline -0.003 -17"><span class='ocrx_word' id='word_1_19' title='bbox 311 812 347 860; x_wconf 83' lang='lat' dir='ltr'><strong>tis</strong></span> <span class='ocrx_word' id='word_1_20' title='bbox 371 809 487 874; x_wconf 79' lang='lat' dir='ltr'><strong>predicti</strong></span> <span class='ocrx_word' id='word_1_21' title='bbox 510 810 636 876; x_wconf 80' lang='lat' dir='ltr'><strong>magistri</strong></span> <span class='ocrx_word' id='word_1_22' title='bbox 659 811 756 861; x_wconf 82' lang='lat' dir='ltr'><strong>Desew</strong></span> <span class='ocrx_word' id='word_1_23' title='bbox 781 825 834 875; x_wconf 89' lang='lat' dir='ltr'><strong>que</strong></span> <span class='ocrx_word' id='word_1_24' title='bbox 858 811 938 860; x_wconf 84' lang='lat' dir='ltr'><strong>nobis</strong></span> <span class='ocrx_word' id='word_1_25' title='bbox 961 813 990 860; x_wconf 89' lang='lat' dir='ltr'><strong>et</strong></span> <span class='ocrx_word' id='word_1_26' title='bbox 1011 825 1097 874; x_wconf 85' lang='lat' dir='ltr'><strong>regno</strong></span> <span class='ocrx_word' id='word_1_27' title='bbox 1110 815 1205 860; x_wconf 89' lang='lat' dir='ltr'><strong>nostro</strong></span> <span class='ocrx_word' id='word_1_28' title='bbox 1218 815 1429 873; x_wconf 83' lang='lat' dir='ltr'><strong>atemporsquo</strong></span> 
     </span>
     <span class='ocr_line' id='line_1_5' title="bbox 307 899 1430 966; baseline -0.004 -15"><span class='ocrx_word' id='word_1_29' title='bbox 307 915 423 965; x_wconf 81' lang='lat' dir='ltr'><strong>reguum</strong></span> <span class='ocrx_word' id='word_1_30' title='bbox 442 905 568 951; x_wconf 84' lang='lat' dir='ltr'><strong>nostrum</strong></span> <span class='ocrx_word' id='word_1_31' title='bbox 580 901 722 965; x_wconf 83' lang='lat' dir='ltr'><strong>Hungarie</strong></span> <span class='ocrx_word' id='word_1_32' title='bbox 749 902 809 951; x_wconf 90' lang='lat' dir='ltr'><strong>iure</strong></span> <span class='ocrx_word' id='word_1_33' title='bbox 832 903 958 966; x_wconf 84' lang='lat' dir='ltr'><strong>geniture</strong></span> <span class='ocrx_word' id='word_1_34' title='bbox 980 901 1060 950; x_wconf 90' lang='lat' dir='ltr'><strong>nobis</strong></span> <span class='ocrx_word' id='word_1_35' title='bbox 1083 901 1208 952; x_wconf 83' lang='lat' dir='ltr'><strong>debitum</strong></span> <span class='ocrx_word' id='word_1_36' title='bbox 1233 901 1396 950; x_wconf 85' lang='lat' dir='ltr'><strong>intravimus</strong></span> <span class='ocrx_word' id='word_1_37' title='bbox 1406 899 1430 948; x_wconf 89' lang='lat' dir='ltr'><strong>in</strong></span> 
     </span>
     <span class='ocr_line' id='line_1_6' title="bbox 309 991 1428 1056; baseline 0 -16"><span class='ocrx_word' id='word_1_38' title='bbox 309 991 423 1040; x_wconf 83' lang='lat' dir='ltr'><strong>diversis</strong></span> <span class='ocrx_word' id='word_1_39' title='bbox 436 991 536 1041; x_wconf 87' lang='lat' dir='ltr'><strong>nostris</strong></span> <span class='ocrx_word' id='word_1_40' title='bbox 551 994 579 1040; x_wconf 88' lang='lat' dir='ltr'><strong>et</strong></span> <span class='ocrx_word' id='word_1_41' title='bbox 591 992 669 1056; x_wconf 83' lang='lat' dir='ltr'><strong>regni</strong></span> <span class='ocrx_word' id='word_1_42' title='bbox 682 993 770 1042; x_wconf 86' lang='lat' dir='ltr'><strong>nostri</strong></span> <span class='ocrx_word' id='word_1_43' title='bbox 784 992 1009 1056; x_wconf 88' lang='lat' dir='ltr'><strong>expedicionibus</strong></span> <span class='ocrx_word' id='word_1_44' title='bbox 1022 1007 1072 1056; x_wconf 89' lang='lat' dir='ltr'><strong>pro</strong></span> <span class='ocrx_word' id='word_1_45' title='bbox 1097 993 1270 1042; x_wconf 71' lang='lat' dir='ltr'>exaltacione</span> <span class='ocrx_word' id='word_1_46' title='bbox 1294 991 1381 1042; x_wconf 84' lang='lat' dir='ltr'><strong>nostri</strong></span> <span class='ocrx_word' id='word_1_47' title='bbox 1393 1005 1428 1040; x_wconf 87' lang='lat' dir='ltr'><strong>re-</strong></span> 
     </span>
     <span class='ocr_line' id='line_1_7' title="bbox 309 1081 1427 1146; baseline -0.001 -16"><span class='ocrx_word' id='word_1_48' title='bbox 309 1081 421 1145; x_wconf 86' lang='lat' dir='ltr'><strong>giminis</strong></span> <span class='ocrx_word' id='word_1_49' title='bbox 432 1085 460 1130; x_wconf 90' lang='lat' dir='ltr'><strong>et</strong></span> <span class='ocrx_word' id='word_1_50' title='bbox 471 1082 586 1132; x_wconf 87' lang='lat' dir='ltr'><strong>honoris</strong></span> <span class='ocrx_word' id='word_1_51' title='bbox 600 1096 650 1145; x_wconf 92' lang='lat' dir='ltr'><strong>pro</strong></span> <span class='ocrx_word' id='word_1_52' title='bbox 664 1082 852 1146; x_wconf 81' lang='lat' dir='ltr'><strong>integracioue</strong></span> <span class='ocrx_word' id='word_1_53' title='bbox 866 1085 894 1132; x_wconf 88' lang='lat' dir='ltr'><strong>et</strong></span> <span class='ocrx_word' id='word_1_54' title='bbox 907 1085 1057 1146; x_wconf 80' lang='lat' dir='ltr'><strong>arrgruento</strong></span> <span class='ocrx_word' id='word_1_55' title='bbox 1080 1083 1120 1132; x_wconf 89' lang='lat' dir='ltr'><strong>rei</strong></span> <span class='ocrx_word' id='word_1_56' title='bbox 1134 1083 1243 1146; x_wconf 87' lang='lat' dir='ltr'><strong>publice</strong></span> <span class='ocrx_word' id='word_1_57' title='bbox 1262 1097 1295 1132; x_wconf 88' lang='lat' dir='ltr'><strong>ac</strong></span> <span class='ocrx_word' id='word_1_58' title='bbox 1308 1081 1427 1133; x_wconf 85' lang='lat' dir='ltr'><strong>raicrms·</strong></span> 
     </span>
     <span class='ocr_line' id='line_1_8' title="bbox 310 1171 1426 1236; baseline -0.001 -16"><span class='ocrx_word' id='word_1_59' title='bbox 310 1171 389 1221; x_wconf 89' lang='lat' dir='ltr'><strong>cione</strong></span> <span class='ocrx_word' id='word_1_60' title='bbox 402 1172 476 1235; x_wconf 81' lang='lat' dir='ltr'><strong>pacis</strong></span> <span class='ocrx_word' id='word_1_61' title='bbox 490 1173 518 1220; x_wconf 90' lang='lat' dir='ltr'><strong>in</strong></span> <span class='ocrx_word' id='word_1_62' title='bbox 532 1185 616 1235; x_wconf 81' lang='lat' dir='ltr'><strong>regno</strong></span> <span class='ocrx_word' id='word_1_63' title='bbox 627 1173 656 1222; x_wconf 91' lang='lat' dir='ltr'><strong>in</strong></span> <span class='ocrx_word' id='word_1_64' title='bbox 670 1171 765 1222; x_wconf 76' lang='lat' dir='ltr'><strong>mullis</strong></span> <span class='ocrx_word' id='word_1_65' title='bbox 777 1175 926 1223; x_wconf 83' lang='lat' dir='ltr'><strong>suintuosis</strong></span> <span class='ocrx_word' id='word_1_66' title='bbox 939 1172 1082 1222; x_wconf 71' lang='lat' dir='ltr'><strong>laboribus</strong></span> <span class='ocrx_word' id='word_1_67' title='bbox 1096 1177 1123 1222; x_wconf 89' lang='lat' dir='ltr'><strong>et</strong></span> <span class='ocrx_word' id='word_1_68' title='bbox 1136 1186 1318 1235; x_wconf 87' lang='lat' dir='ltr'><strong>personarum</strong></span> <span class='ocrx_word' id='word_1_69' title='bbox 1332 1172 1426 1236; x_wconf 86' lang='lat' dir='ltr'><strong>pericu·</strong></span> 
     </span>
     <span class='ocr_line' id='line_1_9' title="bbox 314 1261 1429 1327; baseline 0.001 -17"><span class='ocrx_word' id='word_1_70' title='bbox 314 1261 348 1310; x_wconf 89' lang='lat' dir='ltr'><strong>lis</strong></span> <span class='ocrx_word' id='word_1_71' title='bbox 362 1261 468 1325; x_wconf 88' lang='lat' dir='ltr'><strong>pondus</strong></span> <span class='ocrx_word' id='word_1_72' title='bbox 481 1261 536 1311; x_wconf 85' lang='lat' dir='ltr'><strong>diei</strong></span> <span class='ocrx_word' id='word_1_73' title='bbox 551 1265 664 1312; x_wconf 78' lang='lat' dir='ltr'><strong>etesius</strong></span> <span class='ocrx_word' id='word_1_74' title='bbox 687 1263 831 1312; x_wconf 85' lang='lat' dir='ltr'><strong>nobiscnm</strong></span> <span class='ocrx_word' id='word_1_75' title='bbox 851 1263 1040 1327; x_wconf 82' lang='lat' dir='ltr'><strong>supportando</strong></span> <span class='ocrx_word' id='word_1_76' title='bbox 1061 1277 1124 1312; x_wconf 87' lang='lat' dir='ltr'><strong>cum</strong></span> <span class='ocrx_word' id='word_1_77' title='bbox 1146 1263 1188 1312; x_wconf 90' lang='lat' dir='ltr'><strong>sui</strong></span> <span class='ocrx_word' id='word_1_78' title='bbox 1207 1263 1315 1327; x_wconf 85' lang='lat' dir='ltr'><strong>proprii</strong></span> <span class='ocrx_word' id='word_1_79' title='bbox 1338 1267 1366 1312; x_wconf 88' lang='lat' dir='ltr'><strong>et</strong></span> <span class='ocrx_word' id='word_1_80' title='bbox 1385 1276 1429 1310; x_wconf 89' lang='lat' dir='ltr'><strong>ser·</strong></span> 
     </span>
     <span class='ocr_line' id='line_1_10' title="bbox 311 1351 1430 1420; baseline 0.001 -19"><span class='ocrx_word' id='word_1_81' title='bbox 311 1351 450 1401; x_wconf 84' lang='lat' dir='ltr'><strong>vieucium</strong></span> <span class='ocrx_word' id='word_1_82' title='bbox 475 1367 588 1402; x_wconf 87' lang='lat' dir='ltr'><strong>suorum</strong></span> <span class='ocrx_word' id='word_1_83' title='bbox 613 1358 640 1402; x_wconf 87' lang='lat' dir='ltr'><strong>et</strong></span> <span class='ocrx_word' id='word_1_84' title='bbox 671 1355 861 1417; x_wconf 82' lang='lat' dir='ltr'><strong>proximorum</strong></span> <span class='ocrx_word' id='word_1_85' title='bbox 884 1355 1025 1420; x_wconf 83' lang='lat' dir='ltr'><strong>sangvinis</strong></span> <span class='ocrx_word' id='word_1_86' title='bbox 1060 1353 1191 1405; x_wconf 78' lang='lat' dir='ltr'><strong>effusione</strong></span> <span class='ocrx_word' id='word_1_87' title='bbox 1216 1356 1246 1404; x_wconf 90' lang='lat' dir='ltr'><strong>in</strong></span> <span class='ocrx_word' id='word_1_88' title='bbox 1280 1353 1430 1404; x_wconf 84' lang='lat' dir='ltr'><strong>obsessioni-</strong></span> 
     </span>
     <span class='ocr_line' id='line_1_11' title="bbox 310 1443 1428 1508; baseline 0.001 -18"><span class='ocrx_word' id='word_1_89' title='bbox 310 1443 360 1490; x_wconf 88' lang='lat' dir='ltr'><strong>bus</strong></span> <span class='ocrx_word' id='word_1_90' title='bbox 386 1447 415 1490; x_wconf 87' lang='lat' dir='ltr'><strong>et</strong></span> <span class='ocrx_word' id='word_1_91' title='bbox 439 1443 695 1507; x_wconf 86' lang='lat' dir='ltr'><strong>expugnacionibus</strong></span> <span class='ocrx_word' id='word_1_92' title='bbox 712 1449 866 1494; x_wconf 82' lang='lat' dir='ltr'><strong>castrorum</strong></span> <span class='ocrx_word' id='word_1_93' title='bbox 880 1443 1009 1494; x_wconf 86' lang='lat' dir='ltr'><strong>exhibuit</strong></span> <span class='ocrx_word' id='word_1_94' title='bbox 1035 1449 1062 1494; x_wconf 88' lang='lat' dir='ltr'><strong>et</strong></span> <span class='ocrx_word' id='word_1_95' title='bbox 1083 1443 1235 1508; x_wconf 77' lang='lat' dir='ltr'><strong>impendit«</strong></span> <span class='ocrx_word' id='word_1_96' title='bbox 1260 1443 1428 1508; x_wconf 76' lang='lat' dir='ltr'><strong>kiralyiado·</strong></span> 
     </span>
     <span class='ocr_line' id='line_1_12' title="bbox 309 1530 1429 1598; baseline 0.003 -19"><span class='ocrx_word' id='word_1_97' title='bbox 309 1530 756 1598; x_wconf 59' lang='lat' dir='ltr'><strong>nranyecmegerosm.lues-015</strong></span> <span class='ocrx_word' id='word_1_98' title='bbox 781 1533 872 1597; x_wconf 77' lang='lat' dir='ltr'><strong>kirrily</strong></span> <span class='ocrx_word' id='word_1_99' title='bbox 897 1549 961 1584; x_wconf 85' lang='lat' dir='ltr'><strong>ezerr</strong></span> <span class='ocrx_word' id='word_1_100' title='bbox 984 1532 1053 1596; x_wconf 82' lang='lat' dir='ltr'><strong>jeles</strong></span> <span class='ocrx_word' id='word_1_101' title='bbox 1068 1533 1152 1583; x_wconf 81' lang='lat' dir='ltr'><strong>alakir</strong></span> <span class='ocrx_word' id='word_1_102' title='bbox 1174 1535 1298 1584; x_wconf 83' lang='lat' dir='ltr'><strong>olrlevele</strong></span> <span class='ocrx_word' id='word_1_103' title='bbox 1323 1548 1429 1598; x_wconf 84' lang='lat' dir='ltr'><strong>megran</strong></span> 
     </span>
     <span class='ocr_line' id='line_1_13' title="bbox 309 1621 1429 1688; baseline 0.002 -18"><span class='ocrx_word' id='word_1_104' title='bbox 309 1635 341 1670; x_wconf 88' lang='lat' dir='ltr'><strong>az</strong></span> <span class='ocrx_word' id='word_1_105' title='bbox 355 1635 424 1670; x_wconf 84' lang='lat' dir='ltr'><strong>orsa.</strong></span> <span class='ocrx_word' id='word_1_106' title='bbox 438 1623 492 1671; x_wconf 71' lang='lat' dir='ltr'><strong>lter</strong></span> <span class='ocrx_word' id='word_1_107' title='bbox 504 1621 682 1672; x_wconf 66' lang='lat' dir='ltr'><strong>kincsaoszt.</strong></span> <span class='ocrx_word' id='word_1_108' title='bbox 696 1623 729 1674; x_wconf 84' lang='lat' dir='ltr'><strong>N.</strong></span> <span class='ocrx_word' id='word_1_109' title='bbox 741 1624 772 1674; x_wconf 88' lang='lat' dir='ltr'><strong>R.</strong></span> <span class='ocrx_word' id='word_1_110' title='bbox 784 1625 816 1673; x_wconf 85' lang='lat' dir='ltr'><strong>A.</strong></span> <span class='ocrx_word' id='word_1_111' title='bbox 834 1627 894 1674; x_wconf 77' lang='lat'><strong>744.</strong></span> <span class='ocrx_word' id='word_1_112' title='bbox 908 1627 951 1673; x_wconf 88' lang='lat'><strong>38.</strong></span> <span class='ocrx_word' id='word_1_113' title='bbox 965 1623 1032 1688; x_wconf 80' lang='lat' dir='ltr'><strong>dipl.</strong></span> <span class='ocrx_word' id='word_1_114' title='bbox 1046 1625 1118 1674; x_wconf 77' lang='lat' dir='ltr'><strong>lta-r:</strong></span> <span class='ocrx_word' id='word_1_115' title='bbox 1133 1627 1212 1676; x_wconf 78' lang='lat'>2436.</span> <span class='ocrx_word' id='word_1_116' title='bbox 1225 1623 1306 1674; x_wconf 79' lang='lat' dir='ltr'><strong>szli</strong></span> <span class='ocrx_word' id='word_1_117' title='bbox 1318 1641 1324 1674; x_wconf 78' lang='grc' dir='ltr'>ι</span> <span class='ocrx_word' id='word_1_118' title='bbox 1338 1625 1429 1674; x_wconf 79' lang='lat' dir='ltr'><strong>Vineae</strong></span> 
     </span>
     <span class='ocr_line' id='line_1_14' title="bbox 311 1710 410 1762; baseline 0.02 -2"><span class='ocrx_word' id='word_1_119' title='bbox 311 1710 410 1762; x_wconf 76' lang='lat' dir='ltr'><strong>(iiber.</strong></span> 
     </span>
    </p>
   </div>
   <div class='ocr_carea' id='block_1_3' title="bbox 794 1874 955 1885">
    <p class='ocr_par' dir='ltr' id='par_1_3' title="bbox 794 1874 955 1885">
     <span class='ocr_line' id='line_1_15' title="bbox 794 1874 955 1885; baseline -0.012 -1"><span class='ocrx_word' id='word_1_120' title='bbox 794 1874 955 1885; x_wconf 73' lang='lat'><strong>---.--</strong></span> 
     </span>
    </p>
   </div>
   <div class='ocr_carea' id='block_1_4' title="bbox 840 2130 914 2192">
    <p class='ocr_par' dir='ltr' id='par_1_4' title="bbox 840 2130 914 2192">
     <span class='ocr_line' id='line_1_16' title="bbox 840 2130 914 2192; baseline 0 0"><span class='ocrx_word' id='word_1_121' title='bbox 840 2130 914 2192; x_wconf 77' lang='lat'><strong>273.</strong></span> 
     </span>
    </p>
   </div>
   <div class='ocr_carea' id='block_1_5' title="bbox 312 2289 1430 2592">
    <p class='ocr_par' dir='ltr' id='par_1_5' title="bbox 312 2289 1430 2592">
     <span class='ocr_line' id='line_1_17' title="bbox 314 2289 1430 2377; baseline -0.001 -23"><span class='ocrx_word' id='word_1_122' title='bbox 314 2293 409 2356; x_wconf 79' lang='grc'><em>1327.</em></span> <span class='ocrx_word' id='word_1_123' title='bbox 418 2293 495 2376; x_wconf 75' lang='lat' dir='ltr'><strong>jari.</strong></span> <span class='ocrx_word' id='word_1_124' title='bbox 513 2292 565 2354; x_wconf 79' lang='lat'><strong>29.</strong></span> <span class='ocrx_word' id='word_1_125' title='bbox 582 2291 609 2353; x_wconf 85' lang='lat' dir='ltr'><em>A</em></span> <span class='ocrx_word' id='word_1_126' title='bbox 628 2291 724 2374; x_wconf 48' lang='lat' dir='ltr'><strong>,epiri</strong></span> <span class='ocrx_word' id='word_1_127' title='bbox 740 2289 900 2376; x_wconf 76' lang='lat' dir='ltr'><strong>Isdptoloa</strong></span> <span class='ocrx_word' id='word_1_128' title='bbox 916 2293 1022 2376; x_wconf 81' lang='lat' dir='ltr'><strong>‹itirja</strong></span> <span class='ocrx_word' id='word_1_129' title='bbox 1038 2291 1185 2356; x_wconf 74' lang='lat' dir='ltr'><strong>Boleszlri</strong></span> <span class='ocrx_word' id='word_1_130' title='bbox 1200 2293 1430 2377; x_wconf 64' lang='lat' dir='ltr'><strong>eszterpooaie&#39;r-</strong></span> 
     </span>
     <span class='ocr_line' id='line_1_18' title="bbox 312 2397 1430 2484; baseline -0.004 -22"><span class='ocrx_word' id='word_1_131' title='bbox 312 2401 424 2463; x_wconf 69' lang='lat' dir='ltr'><strong>sokareis</strong></span> <span class='ocrx_word' id='word_1_132' title='bbox 461 2399 597 2463; x_wconf 64' lang='grc' dir='ltr'><strong>1325-1ῡῑΙ</strong></span> <span class='ocrx_word' id='word_1_133' title='bbox 623 2397 769 2462; x_wconf 69' lang='lat' dir='ltr'><strong>seleseia</strong></span> <span class='ocrx_word' id='word_1_134' title='bbox 805 2421 826 2460; x_wconf 86' lang='lat' dir='ltr'><strong>c</strong></span> <span class='ocrx_word' id='word_1_135' title='bbox 847 2398 1089 2482; x_wconf 71' lang='lat' dir='ltr'><strong>poucrooholmi</strong></span> <span class='ocrx_word' id='word_1_136' title='bbox 1124 2403 1266 2484; x_wconf 68' lang='lat' dir='ltr'><strong>apotecip</strong></span> <span class='ocrx_word' id='word_1_137' title='bbox 1296 2397 1430 2462; x_wconf 79' lang='lat' dir='ltr'><strong>dieuesdr&#39;</strong></span> 
     </span>
     <span class='ocr_line' id='line_1_19' title="bbox 512 2505 1242 2592; baseline -0.005 -19"><span class='ocrx_word' id='word_1_138' title='bbox 512 2507 684 2572; x_wconf 65' lang='lat' dir='ltr'><strong>mollescat</strong></span> <span class='ocrx_word' id='word_1_139' title='bbox 701 2505 896 2570; x_wconf 78' lang='lat' dir='ltr'><strong>birtokciuok</strong></span> <span class='ocrx_word' id='word_1_140' title='bbox 913 2507 1242 2592; x_wconf 68' lang='lat' dir='ltr'><strong>tizedmcaiosscprfriil.</strong></span> 
     </span>
    </p>
   </div>
   <div class='ocr_carea' id='block_1_6' title="bbox 311 2664 1436 4696">
    <p class='ocr_par' dir='ltr' id='par_1_6' title="bbox 311 2664 1436 4696">
     <span class='ocr_line' id='line_1_20' title="bbox 421 2664 1430 2753; baseline -0.008 -19"><span class='ocrx_word' id='word_1_141' title='bbox 421 2667 611 2753; x_wconf 82' lang='lat' dir='ltr'><strong>Capitulum</strong></span> <span class='ocrx_word' id='word_1_142' title='bbox 627 2665 653 2732; x_wconf 87' lang='lat' dir='ltr'><strong>J</strong></span> <span class='ocrx_word' id='word_1_143' title='bbox 654 2667 811 2732; x_wconf 88' lang='lat' dir='ltr'><strong>auriensis</strong></span> <span class='ocrx_word' id='word_1_144' title='bbox 843 2667 1022 2732; x_wconf 89' lang='lat' dir='ltr'><strong>ecclesie..</strong></span> <span class='ocrx_word' id='word_1_145' title='bbox 1044 2667 1087 2732; x_wconf 88' lang='lat' dir='ltr'><strong>ad</strong></span> <span class='ocrx_word' id='word_1_146' title='bbox 1111 2668 1332 2733; x_wconf 82' lang='lat' dir='ltr'><strong>universorum</strong></span> <span class='ocrx_word' id='word_1_147' title='bbox 1356 2664 1430 2730; x_wconf 90' lang='lat' dir='ltr'><strong>noti·</strong></span> 
     </span>
     <span class='ocr_line' id='line_1_21' title="bbox 314 2776 1430 2861; baseline -0.006 -18"><span class='ocrx_word' id='word_1_148' title='bbox 314 2780 396 2843; x_wconf 88' lang='lat' dir='ltr'><strong>ciam</strong></span> <span class='ocrx_word' id='word_1_149' title='bbox 421 2779 539 2844; x_wconf 89' lang='lat' dir='ltr'><strong>harum</strong></span> <span class='ocrx_word' id='word_1_150' title='bbox 565 2779 647 2843; x_wconf 89' lang='lat' dir='ltr'><strong>serie</strong></span> <span class='ocrx_word' id='word_1_151' title='bbox 673 2777 820 2842; x_wconf 86' lang='lat' dir='ltr'><strong>volumus</strong></span> <span class='ocrx_word' id='word_1_152' title='bbox 845 2779 1021 2860; x_wconf 78' lang='lat' dir='ltr'><strong>pervenire,</strong></span> <span class='ocrx_word' id='word_1_153' title='bbox 1053 2777 1140 2860; x_wconf 92' lang='lat' dir='ltr'><strong>quod</strong></span> <span class='ocrx_word' id='word_1_154' title='bbox 1160 2778 1327 2861; x_wconf 87' lang='lat' dir='ltr'><strong>religiosus</strong></span> <span class='ocrx_word' id='word_1_155' title='bbox 1343 2776 1389 2840; x_wconf 79' lang='lat' dir='ltr'><strong>sir</strong></span> <span class='ocrx_word' id='word_1_156' title='bbox 1403 2781 1430 2836; x_wconf 84' lang='lat' dir='ltr'><strong>et</strong></span> 
     </span>
     <span class='ocr_line' id='line_1_22' title="bbox 315 2883 1431 2969; baseline -0.007 -17"><span class='ocrx_word' id='word_1_157' title='bbox 315 2887 375 2952; x_wconf 90' lang='lat' dir='ltr'><strong>deo</strong></span> <span class='ocrx_word' id='word_1_158' title='bbox 392 2887 540 2952; x_wconf 87' lang='lat' dir='ltr'><strong>amabilis</strong></span> <span class='ocrx_word' id='word_1_159' title='bbox 556 2886 658 2951; x_wconf 87' lang='lat' dir='ltr'><strong>frater</strong></span> <span class='ocrx_word' id='word_1_160' title='bbox 673 2883 871 2949; x_wconf 88' lang='lat' dir='ltr'><strong>Wilhelmus</strong></span> <span class='ocrx_word' id='word_1_161' title='bbox 895 2886 985 2969; x_wconf 91' lang='lat' dir='ltr'><strong>prior</strong></span> <span class='ocrx_word' id='word_1_162' title='bbox 1010 2885 1197 2950; x_wconf 86' lang='lat' dir='ltr'><strong>monasterii</strong></span> <span class='ocrx_word' id='word_1_163' title='bbox 1224 2885 1326 2950; x_wconf 85' lang='lat' dir='ltr'><strong>sancti</strong></span> <span class='ocrx_word' id='word_1_164' title='bbox 1349 2883 1431 2947; x_wconf 88' lang='lat' dir='ltr'><strong>Mar·</strong></span> 
     </span>
     <span class='ocr_line' id='line_1_23' title="bbox 312 2991 1430 3062; baseline -0.007 -2"><span class='ocrx_word' id='word_1_165' title='bbox 312 2997 374 3062; x_wconf 85' lang='lat' dir='ltr'><strong>tini</strong></span> <span class='ocrx_word' id='word_1_166' title='bbox 392 2995 431 3060; x_wconf 89' lang='lat' dir='ltr'><strong>de</strong></span> <span class='ocrx_word' id='word_1_167' title='bbox 448 3017 539 3061; x_wconf 88' lang='lat' dir='ltr'><strong>sacro</strong></span> <span class='ocrx_word' id='word_1_168' title='bbox 556 2999 665 3060; x_wconf 90' lang='lat' dir='ltr'><strong>monte</strong></span> <span class='ocrx_word' id='word_1_169' title='bbox 690 2994 860 3059; x_wconf 84' lang='lat' dir='ltr'><strong>Pannonis</strong></span> <span class='ocrx_word' id='word_1_170' title='bbox 885 2993 953 3058; x_wconf 84' lang='lat' dir='ltr'><strong>rice</strong></span> <span class='ocrx_word' id='word_1_171' title='bbox 980 2999 1013 3057; x_wconf 88' lang='lat' dir='ltr'><strong>et</strong></span> <span class='ocrx_word' id='word_1_172' title='bbox 1037 2994 1166 3058; x_wconf 87' lang='lat' dir='ltr'><strong>nourine</strong></span> <span class='ocrx_word' id='word_1_173' title='bbox 1192 2991 1388 3056; x_wconf 84' lang='lat' dir='ltr'><strong>honorabilis</strong></span> <span class='ocrx_word' id='word_1_174' title='bbox 1404 2995 1430 3052; x_wconf 86' lang='lat' dir='ltr'><strong>et</strong></span> 
     </span>
     <span class='ocr_line' id='line_1_24' title="bbox 316 3097 1431 3188; baseline -0.009 -20"><span class='ocrx_word' id='word_1_175' title='bbox 316 3105 461 3188; x_wconf 81' lang='lat' dir='ltr'><strong>religiosi</strong></span> <span class='ocrx_word' id='word_1_176' title='bbox 492 3103 553 3166; x_wconf 87' lang='lat' dir='ltr'><strong>viri</strong></span> <span class='ocrx_word' id='word_1_177' title='bbox 569 3101 691 3168; x_wconf 88' lang='lat' dir='ltr'><strong>domini</strong></span> <span class='ocrx_word' id='word_1_178' title='bbox 715 3099 846 3166; x_wconf 89' lang='lat' dir='ltr'><strong>Nicolai</strong></span> <span class='ocrx_word' id='word_1_179' title='bbox 862 3101 1074 3166; x_wconf 82' lang='lat' dir='ltr'><strong>miseracione</strong></span> <span class='ocrx_word' id='word_1_180' title='bbox 1101 3100 1210 3166; x_wconf 86' lang='lat' dir='ltr'><strong>divina</strong></span> <span class='ocrx_word' id='word_1_181' title='bbox 1235 3099 1360 3164; x_wconf 88' lang='lat' dir='ltr'><strong>abbatis</strong></span> <span class='ocrx_word' id='word_1_182' title='bbox 1375 3097 1431 3162; x_wconf 91' lang='lat' dir='ltr'><strong>loci</strong></span> 
     </span>
     <span class='ocr_line' id='line_1_25' title="bbox 313 3205 1432 3292; baseline -0.005 -18"><span class='ocrx_word' id='word_1_183' title='bbox 313 3210 456 3276; x_wconf 89' lang='lat' dir='ltr'><strong>eiusdem</strong></span> <span class='ocrx_word' id='word_1_184' title='bbox 481 3209 523 3276; x_wconf 76' lang='lat' dir='ltr'><strong>acl</strong></span> <span class='ocrx_word' id='word_1_185' title='bbox 547 3215 691 3274; x_wconf 87' lang='lat' dir='ltr'><strong>nostram</strong></span> <span class='ocrx_word' id='word_1_186' title='bbox 724 3209 924 3292; x_wconf 89' lang='lat' dir='ltr'><strong>presenciam</strong></span> <span class='ocrx_word' id='word_1_187' title='bbox 958 3208 1142 3274; x_wconf 84' lang='lat' dir='ltr'><strong>accedendo</strong></span> <span class='ocrx_word' id='word_1_188' title='bbox 1174 3207 1319 3273; x_wconf 84' lang='lat' dir='ltr'><strong>exhibuit</strong></span> <span class='ocrx_word' id='word_1_189' title='bbox 1346 3205 1432 3271; x_wconf 87' lang='lat' dir='ltr'><strong>nobis</strong></span> 
     </span>
     <span class='ocr_line' id='line_1_26' title="bbox 312 3314 1429 3402; baseline -0.006 -19"><span class='ocrx_word' id='word_1_190' title='bbox 312 3318 469 3402; x_wconf 86' lang='lat' dir='ltr'><strong>quasdam</strong></span> <span class='ocrx_word' id='word_1_191' title='bbox 485 3317 611 3382; x_wconf 87' lang='lat' dir='ltr'><strong>litteras</strong></span> <span class='ocrx_word' id='word_1_192' title='bbox 627 3322 776 3400; x_wconf 88' lang='lat' dir='ltr'><strong>patentes</strong></span> <span class='ocrx_word' id='word_1_193' title='bbox 793 3315 913 3380; x_wconf 89' lang='lat' dir='ltr'><strong>domini</strong></span> <span class='ocrx_word' id='word_1_194' title='bbox 940 3316 1087 3382; x_wconf 87' lang='lat' dir='ltr'><strong>Bolealai</strong></span> <span class='ocrx_word' id='word_1_195' title='bbox 1098 3315 1211 3382; x_wconf 87' lang='lat' dir='ltr'><strong>eadem</strong></span> <span class='ocrx_word' id='word_1_196' title='bbox 1229 3314 1429 3380; x_wconf 75' lang='lat' dir='ltr'><strong>miseracione</strong></span> 
     </span>
     <span class='ocr_line' id='line_1_27' title="bbox 313 3423 1432 3508; baseline -0.008 -17"><span class='ocrx_word' id='word_1_197' title='bbox 313 3427 421 3491; x_wconf 88' lang='lat' dir='ltr'><strong>diviua</strong></span> <span class='ocrx_word' id='word_1_198' title='bbox 455 3425 687 3508; x_wconf 88' lang='lat' dir='ltr'><strong>archiepiscopi</strong></span> <span class='ocrx_word' id='word_1_199' title='bbox 722 3423 954 3508; x_wconf 81' lang='lat' dir='ltr'><strong>Strigoniensis</strong></span> <span class='ocrx_word' id='word_1_200' title='bbox 979 3425 1107 3508; x_wconf 83' lang='lat' dir='ltr'><strong>locique</strong></span> <span class='ocrx_word' id='word_1_201' title='bbox 1140 3424 1283 3490; x_wconf 87' lang='lat' dir='ltr'><strong>eiusdem</strong></span> <span class='ocrx_word' id='word_1_202' title='bbox 1314 3423 1432 3488; x_wconf 83' lang='lat' dir='ltr'><strong>comitis</strong></span> 
     </span>
     <span class='ocr_line' id='line_1_28' title="bbox 313 3529 1433 3619; baseline -0.005 -21"><span class='ocrx_word' id='word_1_203' title='bbox 313 3535 461 3619; x_wconf 85' lang='lat' dir='ltr'><strong>perpetui</strong></span> <span class='ocrx_word' id='word_1_204' title='bbox 473 3555 567 3618; x_wconf 88' lang='lat' dir='ltr'><strong>super</strong></span> <span class='ocrx_word' id='word_1_205' title='bbox 578 3531 770 3616; x_wconf 87' lang='lat' dir='ltr'><strong>quibusdam</strong></span> <span class='ocrx_word' id='word_1_206' title='bbox 780 3533 863 3598; x_wconf 85' lang='lat' dir='ltr'><strong>villis</strong></span> <span class='ocrx_word' id='word_1_207' title='bbox 874 3555 929 3598; x_wconf 90' lang='lat' dir='ltr'><strong>seu</strong></span> <span class='ocrx_word' id='word_1_208' title='bbox 941 3533 1073 3614; x_wconf 81' lang='lat' dir='ltr'><strong>decimis</strong></span> <span class='ocrx_word' id='word_1_209' title='bbox 1088 3534 1239 3598; x_wconf 77' lang='lat' dir='ltr'><strong>uillarum</strong></span> <span class='ocrx_word' id='word_1_210' title='bbox 1250 3539 1282 3597; x_wconf 88' lang='lat' dir='ltr'><strong>et</strong></span> <span class='ocrx_word' id='word_1_211' title='bbox 1297 3529 1433 3616; x_wconf 85' lang='lat' dir='ltr'><strong>speciali·</strong></span> 
     </span>
     <span class='ocr_line' id='line_1_29' title="bbox 311 3637 1433 3724; baseline -0.006 -18"><span class='ocrx_word' id='word_1_212' title='bbox 311 3649 364 3706; x_wconf 87' lang='lat' dir='ltr'><strong>ter</strong></span> <span class='ocrx_word' id='word_1_213' title='bbox 379 3643 456 3706; x_wconf 78' lang='lat' dir='ltr'><strong>uilla</strong></span> <span class='ocrx_word' id='word_1_214' title='bbox 471 3640 600 3724; x_wconf 80' lang='lat' dir='ltr'><strong>Dyenes</strong></span> <span class='ocrx_word' id='word_1_215' title='bbox 616 3645 730 3704; x_wconf 84' lang='lat' dir='ltr'><strong>vocata</strong></span> <span class='ocrx_word' id='word_1_216' title='bbox 746 3639 779 3704; x_wconf 92' lang='lat' dir='ltr'><strong>iu</strong></span> <span class='ocrx_word' id='word_1_217' title='bbox 797 3637 976 3706; x_wconf 77' lang='lat' dir='ltr'><strong>Ohollolruz</strong></span> <span class='ocrx_word' id='word_1_218' title='bbox 987 3641 1138 3706; x_wconf 84' lang='lat' dir='ltr'><strong>existenti</strong></span> <span class='ocrx_word' id='word_1_219' title='bbox 1154 3641 1317 3706; x_wconf 85' lang='lat' dir='ltr'><strong>confectas</strong></span> <span class='ocrx_word' id='word_1_220' title='bbox 1327 3643 1433 3722; x_wconf 84' lang='lat' dir='ltr'><strong>petens</strong></span> 
     </span>
     <span class='ocr_line' id='line_1_30' title="bbox 313 3745 1434 3833; baseline -0.005 -19"><span class='ocrx_word' id='word_1_221' title='bbox 313 3772 351 3814; x_wconf 88' lang='lat' dir='ltr'><strong>ac</strong></span> <span class='ocrx_word' id='word_1_222' title='bbox 377 3751 562 3833; x_wconf 83' lang='lat' dir='ltr'><strong>supplicans</strong></span> <span class='ocrx_word' id='word_1_223' title='bbox 588 3753 625 3812; x_wconf 88' lang='lat' dir='ltr'><strong>ut</strong></span> <span class='ocrx_word' id='word_1_224' title='bbox 651 3753 795 3814; x_wconf 89' lang='lat' dir='ltr'><strong>tenorem</strong></span> <span class='ocrx_word' id='word_1_225' title='bbox 817 3748 1004 3813; x_wconf 85' lang='lat' dir='ltr'><strong>earumdem</strong></span> <span class='ocrx_word' id='word_1_226' title='bbox 1023 3749 1210 3813; x_wconf 83' lang='lat' dir='ltr'><strong>litterarum</strong></span> <span class='ocrx_word' id='word_1_227' title='bbox 1236 3745 1434 3832; x_wconf 84' lang='lat' dir='ltr'><strong>presentibus</strong></span> 
     </span>
     <span class='ocr_line' id='line_1_31' title="bbox 313 3853 1432 3940; baseline -0.007 -18"><span class='ocrx_word' id='word_1_228' title='bbox 313 3859 431 3922; x_wconf 83' lang='lat' dir='ltr'><strong>litteris</strong></span> <span class='ocrx_word' id='word_1_229' title='bbox 448 3854 702 3940; x_wconf 86' lang='lat' dir='ltr'><strong>privilegialibus</strong></span> <span class='ocrx_word' id='word_1_230' title='bbox 718 3855 815 3918; x_wconf 91' lang='lat' dir='ltr'><strong>inseri</strong></span> <span class='ocrx_word' id='word_1_231' title='bbox 825 3855 1005 3920; x_wconf 86' lang='lat' dir='ltr'><strong>faceremus</strong></span> <span class='ocrx_word' id='word_1_232' title='bbox 1016 3856 1200 3921; x_wconf 85' lang='lat' dir='ltr'><strong>uberiorem</strong></span> <span class='ocrx_word' id='word_1_233' title='bbox 1210 3856 1254 3920; x_wconf 87' lang='lat' dir='ltr'><strong>ad</strong></span> <span class='ocrx_word' id='word_1_234' title='bbox 1270 3853 1432 3931; x_wconf 78' lang='lat' dir='ltr'><strong>cautelam,</strong></span> 
     </span>
     <span class='ocr_line' id='line_1_32' title="bbox 313 3962 1429 4050; baseline -0.005 -20"><span class='ocrx_word' id='word_1_235' title='bbox 313 3988 450 4050; x_wconf 86' lang='lat' dir='ltr'><strong>quarum</strong></span> <span class='ocrx_word' id='word_1_236' title='bbox 468 3964 599 4048; x_wconf 89' lang='lat' dir='ltr'><strong>quidem</strong></span> <span class='ocrx_word' id='word_1_237' title='bbox 615 3965 797 4028; x_wconf 87' lang='lat' dir='ltr'><strong>litterarum</strong></span> <span class='ocrx_word' id='word_1_238' title='bbox 814 3970 907 4030; x_wconf 86' lang='lat' dir='ltr'><strong>tenor</strong></span> <span class='ocrx_word' id='word_1_239' title='bbox 924 3965 999 4030; x_wconf 86' lang='lat' dir='ltr'><strong>talis</strong></span> <span class='ocrx_word' id='word_1_240' title='bbox 1016 3970 1082 4029; x_wconf 87' lang='lat' dir='ltr'><strong>est:</strong></span> <span class='ocrx_word' id='word_1_241' title='bbox 1099 3963 1171 4030; x_wconf 91' lang='lat' dir='ltr'><strong>Nos</strong></span> <span class='ocrx_word' id='word_1_242' title='bbox 1187 3963 1358 4029; x_wconf 89' lang='lat' dir='ltr'><strong>Bolezlaus</strong></span> <span class='ocrx_word' id='word_1_243' title='bbox 1375 3962 1429 4025; x_wconf 85' lang='lat' dir='ltr'><strong>rni-</strong></span> 
     </span>
     <span class='ocr_line' id='line_1_33' title="bbox 312 4069 1431 4156; baseline -0.005 -19"><span class='ocrx_word' id='word_1_244' title='bbox 312 4075 476 4138; x_wconf 88' lang='lat' dir='ltr'><strong>seraoione</strong></span> <span class='ocrx_word' id='word_1_245' title='bbox 493 4071 600 4137; x_wconf 86' lang='lat' dir='ltr'><strong>divina</strong></span> <span class='ocrx_word' id='word_1_246' title='bbox 627 4072 888 4156; x_wconf 86' lang='lat' dir='ltr'><strong>archiepiscopus</strong></span> <span class='ocrx_word' id='word_1_247' title='bbox 906 4071 1139 4155; x_wconf 70' lang='lat' dir='ltr'><strong>strigoniensis</strong></span> <span class='ocrx_word' id='word_1_248' title='bbox 1150 4072 1279 4156; x_wconf 89' lang='lat' dir='ltr'><strong>locique</strong></span> <span class='ocrx_word' id='word_1_249' title='bbox 1296 4069 1431 4136; x_wconf 87' lang='lat' dir='ltr'><strong>eiusdem</strong></span> 
     </span>
     <span class='ocr_line' id='line_1_34' title="bbox 312 4179 1434 4266; baseline -0.002 -22"><span class='ocrx_word' id='word_1_250' title='bbox 312 4202 418 4245; x_wconf 87' lang='lat' dir='ltr'><strong>comes</strong></span> <span class='ocrx_word' id='word_1_251' title='bbox 433 4187 609 4264; x_wconf 88' lang='lat' dir='ltr'><strong>perpetuus</strong></span> <span class='ocrx_word' id='word_1_252' title='bbox 625 4179 842 4263; x_wconf 83' lang='lat' dir='ltr'><strong>significamus</strong></span> <span class='ocrx_word' id='word_1_253' title='bbox 853 4230 860 4245; x_wconf 91' lang='lat'><strong>.</strong></span> <span class='ocrx_word' id='word_1_254' title='bbox 871 4230 877 4245; x_wconf 92' lang='lat'><strong>.</strong></span> <span class='ocrx_word' id='word_1_255' title='bbox 889 4180 976 4263; x_wconf 90' lang='lat' dir='ltr'><strong>quod</strong></span> <span class='ocrx_word' id='word_1_256' title='bbox 989 4181 1066 4266; x_wconf 90' lang='lat' dir='ltr'><strong>quia</strong></span> <span class='ocrx_word' id='word_1_257' title='bbox 1081 4181 1157 4245; x_wconf 89' lang='lat' dir='ltr'><strong>visis</strong></span> <span class='ocrx_word' id='word_1_258' title='bbox 1174 4180 1293 4245; x_wconf 88' lang='lat' dir='ltr'><strong>litteris</strong></span> <span class='ocrx_word' id='word_1_259' title='bbox 1307 4199 1434 4242; x_wconf 85' lang='lat' dir='ltr'><strong>venera·</strong></span> 
     </span>
     <span class='ocr_line' id='line_1_35' title="bbox 312 4285 1433 4379; baseline -0.002 -29"><span class='ocrx_word' id='word_1_260' title='bbox 312 4287 387 4351; x_wconf 89' lang='lat' dir='ltr'><strong>bilis</strong></span> <span class='ocrx_word' id='word_1_261' title='bbox 403 4289 436 4351; x_wconf 87' lang='lat' dir='ltr'><strong>in</strong></span> <span class='ocrx_word' id='word_1_262' title='bbox 453 4285 583 4352; x_wconf 77' lang='lat' dir='ltr'><strong>Christo</strong></span> <span class='ocrx_word' id='word_1_263' title='bbox 609 4289 711 4372; x_wconf 86' lang='lat' dir='ltr'><strong>patris</strong></span> <span class='ocrx_word' id='word_1_264' title='bbox 727 4289 848 4354; x_wconf 89' lang='lat' dir='ltr'><strong>domiui</strong></span> <span class='ocrx_word' id='word_1_265' title='bbox 874 4288 1000 4354; x_wconf 75' lang='lat' dir='ltr'><strong>Thome</strong></span> <span class='ocrx_word' id='word_1_266' title='bbox 1025 4310 1084 4374; x_wconf 88' lang='lat' dir='ltr'><strong>per</strong></span> <span class='ocrx_word' id='word_1_267' title='bbox 1110 4286 1247 4379; x_wconf 73' lang='lat' dir='ltr'><strong>eandem</strong></span> <span class='ocrx_word' id='word_1_268' title='bbox 1279 4285 1433 4371; x_wconf 84' lang='lat' dir='ltr'><strong>quondam</strong></span> 
     </span>
     <span class='ocr_line' id='line_1_36' title="bbox 314 4392 1434 4479; baseline -0.002 -20"><span class='ocrx_word' id='word_1_269' title='bbox 314 4394 547 4479; x_wconf 87' lang='lat' dir='ltr'><strong>archiepiscopi</strong></span> <span class='ocrx_word' id='word_1_270' title='bbox 578 4395 808 4479; x_wconf 85' lang='lat' dir='ltr'><strong>Strigoniensis</strong></span> <span class='ocrx_word' id='word_1_271' title='bbox 834 4396 1070 4479; x_wconf 86' lang='lat' dir='ltr'><strong>predecessoris</strong></span> <span class='ocrx_word' id='word_1_272' title='bbox 1100 4396 1206 4460; x_wconf 86' lang='lat' dir='ltr'><strong>nostri</strong></span> <span class='ocrx_word' id='word_1_273' title='bbox 1223 4395 1276 4479; x_wconf 92' lang='lat' dir='ltr'><strong>pie</strong></span> <span class='ocrx_word' id='word_1_274' title='bbox 1291 4392 1434 4458; x_wconf 83' lang='lat' dir='ltr'><strong>recorda-</strong></span> 
     </span>
     <span class='ocr_line' id='line_1_37' title="bbox 316 4501 1436 4585; baseline 0 -21"><span class='ocrx_word' id='word_1_275' title='bbox 316 4501 415 4565; x_wconf 89' lang='lat' dir='ltr'><strong>cionis</strong></span> <span class='ocrx_word' id='word_1_276' title='bbox 431 4503 464 4566; x_wconf 90' lang='lat' dir='ltr'><strong>in</strong></span> <span class='ocrx_word' id='word_1_277' title='bbox 482 4503 598 4585; x_wconf 90' lang='lat' dir='ltr'><strong>quibus</strong></span> <span class='ocrx_word' id='word_1_278' title='bbox 624 4525 657 4568; x_wconf 91' lang='lat' dir='ltr'><strong>se</strong></span> <span class='ocrx_word' id='word_1_279' title='bbox 683 4504 811 4569; x_wconf 87' lang='lat' dir='ltr'><strong>dicebat</strong></span> <span class='ocrx_word' id='word_1_280' title='bbox 836 4505 869 4568; x_wconf 91' lang='lat' dir='ltr'><strong>in</strong></span> <span class='ocrx_word' id='word_1_281' title='bbox 894 4505 980 4569; x_wconf 78' lang='lat' dir='ltr'><strong>villis</strong></span> <span class='ocrx_word' id='word_1_282' title='bbox 1005 4504 1198 4570; x_wconf 84' lang='lat' dir='ltr'><strong>venerabilis</strong></span> <span class='ocrx_word' id='word_1_283' title='bbox 1224 4501 1349 4568; x_wconf 86' lang='lat' dir='ltr'><strong>abbatis</strong></span> <span class='ocrx_word' id='word_1_284' title='bbox 1372 4521 1436 4566; x_wconf 88' lang='lat' dir='ltr'><strong>mo·</strong></span> 
     </span>
     <span class='ocr_line' id='line_1_38' title="bbox 316 4609 1436 4696; baseline -0.001 -24"><span class='ocrx_word' id='word_1_285' title='bbox 316 4609 446 4678; x_wconf 80' lang='lat' dir='ltr'><strong>austerii</strong></span> <span class='ocrx_word' id='word_1_286' title='bbox 462 4612 564 4674; x_wconf 83' lang='lat' dir='ltr'><strong>sancti</strong></span> <span class='ocrx_word' id='word_1_287' title='bbox 582 4610 718 4675; x_wconf 89' lang='lat' dir='ltr'><strong>Martini</strong></span> <span class='ocrx_word' id='word_1_288' title='bbox 735 4612 775 4676; x_wconf 88' lang='lat' dir='ltr'><strong>de</strong></span> <span class='ocrx_word' id='word_1_289' title='bbox 794 4635 885 4678; x_wconf 86' lang='lat' dir='ltr'><strong>sacro</strong></span> <span class='ocrx_word' id='word_1_290' title='bbox 896 4619 1005 4679; x_wconf 88' lang='lat' dir='ltr'><strong>monte</strong></span> <span class='ocrx_word' id='word_1_291' title='bbox 1022 4613 1191 4680; x_wconf 87' lang='lat' dir='ltr'><strong>Pannonio</strong></span> <span class='ocrx_word' id='word_1_292' title='bbox 1209 4619 1242 4678; x_wconf 89' lang='lat' dir='ltr'><strong>et</strong></span> <span class='ocrx_word' id='word_1_293' title='bbox 1258 4609 1436 4696; x_wconf 86' lang='lat' dir='ltr'><strong>specialiter</strong></span> 
     </span>
    </p>
   </div>
   <div class='ocr_carea' id='block_1_7' title="bbox 0 0 1580 5470">
    <p class='ocr_par' dir='ltr' id='par_1_7' title="bbox 0 0 1580 5470">
     <span class='ocr_line' id='line_1_39' title="bbox 0 0 1580 5470; baseline 0 0"><span class='ocrx_word' id='word_1_294' title='bbox 0 0 1580 5470; x_wconf 95' lang='lat' dir='ltr'><strong> </strong></span> 
     </span>
    </p>
   </div>
  </div>
 </body>
</html>
