3154 5474
590 509 684 570 1330.
703 527 775 572 nov.
794 511 844 570 29.

678 908 753 972 443.

152 1071 248 1134 1330.
264 1093 334 1135 noo.
352 1073 403 1136 29.
420 1069 450 1136 A
458 1072 573 1157 jciszo'a'
588 1081 719 1136 corroeal
736 1067 868 1137 Obarito
893 1073 1148 1156 Islodafiaiaolc
1171 1073 1279 1138 Zsebes

149 1178 247 1265 Polyi·
263 1181 295 1242 e's
312 1179 448 1242 Fal-lile
463 1186 544 1244 acolt
555 1179 761 1244 birtoloeilcoa
777 1203 815 1244 oz
827 1177 1128 1267 Aberty'aa'rmeyyei
1147 1181 1280 1268 cl'irpc'o

149 1287 181 1349 e'a
196 1285 376 1351 biretdraei
393 1285 465 1352 elo'u
481 1286 735 1372 foyuaatoae'tott
761 1287 924 1373 osztdlyrn
939 1289 1115 1353 corratlcozo'
1134 1289 1281 1353 olcleoelet

659 1396 770 1479 citiry'c.

254 1551 326 1619 Nos
357 1551 501 1618 Michael
518 1604 548 1620 ..
579 1553 761 1637 prepositus
785 1555 975 1620 monasterii
1000 1555 1088 1622 beati
1113 1554 1277 1621 Johannis

148 1661 302 1746 Baptiste
318 1659 358 1726 de
374 1661 399 1727 J
401 1684 488 1728 azow
504 1661 713 1746 eiusdemque
723 1661 787 1728 loci
798 1667 975 1729 conventus
990 1663 1113 1730 ordinis
1129 1684 1278 1748 premon-

151 1770 359 1836 stratensium
385 1769 604 1854 significamus
619 1821 626 1836 .
643 1820 650 1836 .
677 1769 763 1854 quod
780 1770 904 1837 nobiles
920 1773 980 1836 viri
996 1773 1121 1838 scilicet
1136 1771 1279 1839 Thomas

148 1875 306 1945 Nicolaus
323 1884 355 1943 et
371 1877 397 1945 J
397 1879 540 1945 ohannes
555 1879 613 1944 filii
629 1877 789 1964 Stephani
806 1879 885 1945 dicti
902 1879 1064 1966 Ohyurka,
1083 1883 1163 1948 item
1173 1878 1277 1946 Geor-

147 1985 229 2069 ginn,
244 1985 428 2070 Ladislaus‚
443 1987 563 2054 Petrus
583 1994 616 2052 et
632 1985 719 2054 Gaal
743 1986 802 2052 filii
818 1987 961 2053 eiusdem
979 1989 1103 2056 Thome
1128 2011 1166 2056 ac
1190 1987 1278 2054 Lau-

148 2094 276 2159 rencius
307 2093 394 2160 filius
436 2095 578 2161 eiusdem
610 2093 741 2162 Nicolai
758 2145 789 2160 ..
830 2117 938 2162 coram
973 2095 1066 2162 nobis
1107 2095 1276 2164 constituti

147 2201 364 2268 exhibuerunt
410 2202 504 2269 nobis
535 2203 649 2269 literas
679 2202 822 2268 indicum
862 2205 1034 2270 comitatus
1065 2205 1106 2271 de
1136 2205 1278 2290 Wywar,

146 2309 297 2376 videlicet
312 2312 461 2392 magistri
478 2310 504 2378 J
505 2311 642 2377 ohannis
658 2309 717 2376 filii
735 2312 861 2378 comitis
877 2311 974 2379 Pauli
995 2317 1029 2378 et
1044 2314 1183 2380 aliorum
1201 2335 1278 2398 qua·

145 2423 221 2484 tuor
236 2419 380 2485 iudicum
396 2418 553 2486 nobilium
569 2441 667 2505 super
691 2420 846 2488 divisione
862 2421 1081 2489 hereditatum
1106 2427 1139 2488 et
1154 2443 1278 2507 posses·

147 2527 275 2593 sionum
290 2529 434 2612 ipsorum
451 2536 627 2612 emanatas,
652 2550 791 2614 quarum
807 2537 900 2596 tenor
916 2533 990 2598 talis
1006 2539 1072 2598 est:
1093 2529 1163 2597 Nos
1179 2533 1278 2616 magi-

150 2641 218 2702 ster
234 2634 260 2702 J
262 2636 403 2704 ohannes
419 2637 595 2703 vicecomes
607 2643 639 2702 et
655 2645 773 2721 quator
783 2637 905 2704 iudices
922 2638 1078 2704 nobilium
1094 2637 1277 2724 deWyuar

145 2743 261 2810 (lamus
277 2766 337 2829 pro
353 2746 516 2830 memoria,
533 2745 621 2830 quod
637 2745 781 2813 Thomas
806 2745 963 2812 Nicolaus
984 2751 1016 2811 et
1032 2746 1057 2812 J
1059 2746 1202 2813 ohannes
1218 2745 1278 2814 filii

144 2850 304 2936 Stephani
336 2852 414 2918 dicti
430 2852 573 2938 Ghurka,
589 2854 666 2920 item
692 2852 864 2939 Georgica,
891 2854 1073 2938 Ladislaus‚
1099 2853 1220 2921 Petrus
1246 2862 1278 2920 et

147 2958 234 3027 Gaal
250 2959 308 3026 filii
326 2961 468 3027 eiusdem
485 2960 609 3028 Thome
625 2984 663 3028 ac
678 2961 881 3028 Laurencius
900 2960 987 3029 filius
1013 2963 1156 3028 eiusdem
1180 2961 1279 3030 Nico-

147 3069 190 3136 lai
217 3069 433 3153 personaliter
449 3091 559 3135 coram
574 3069 669 3136 nobis
686 3071 855 3136 constituti
869 3072 904 3136 in
923 3069 1178 3154 possessionibus
1194 3071 1279 3156 ipso·

143 3200 219 3243 rum
236 3179 361 3244 scilieet
376 3176 485 3243 Zebus
509 3177 592 3262 Poly
619 3183 651 3244 et
666 3178 782 3244 Felida
797 3179 918 3246 vocatis
935 3177 976 3245 ob
995 3199 1104 3244 veram
1130 3178 1278 3244 dileccio-

143 3307 219 3352 nem
235 3285 448 3352 fraternitatis
465 3287 564 3352 talem
589 3287 675 3352 inter
700 3309 734 3353 ee
760 3287 853 3353 nobis
879 3287 1063 3352 retulerunt
1088 3293 1278 3372 perpetuam

143 3399 296 3478 presente
313 3394 429 3459 comite
446 3390 613 3460 Stanizlao
630 3416 693 3460 uno
711 3415 749 3460 er
765 3393 858 3460 nobis
883 3415 941 3478 per
966 3415 1024 3461 nos
1041 3393 1084 3459 ad
1100 3394 1163 3460 hoc
1179 3393 1291 3484 depu-¹
1351 3425 1353 3430 ·

144 3509 218 3568 tato
243 3502 358 3568 fecisse
388 3501 585 3584 divisionem,
618 3503 704 3586 quod
735 3502 894 3587 possessio
927 3502 1037 3568 Zebus
1068 3509 1181 3569 vocata
1206 3525 1278 3568 eum

144 3611 296 3678 omnibus
327 3611 393 3677 suis
424 3611 673 3679 utilitatibus..
696 3611 800 3677 eidem
831 3611 979 3677 Johanni
999 3659 1029 3676 ..
1060 3611 1131 3676 iure
1163 3632 1278 3695 perpe-

147 3727 206 3786 tuo
224 3769 255 3784 ..
286 3717 481 3803 possidenda
516 3725 613 3802 prout
637 3719 722 3785 idem
748 3720 919 3787 Johannes
945 3718 1095 3802 eligendo
1114 3721 1278 3802 assumsit,

144 3829 224 3894 item
239 3828 400 3912 possessio
424 3827 566 3911 ipsorum
590 3827 674 3913 Poly
699 3834 814 3896 vocata
839 3829 985 3894 cessisset
1010 3826 1113 3892 eidem
1139 3825 1278 3892 Nicolao

143 3957 221 4002 cum
236 3933 306 4001 filio
323 3956 380 4001 suo
405 3940 577 4018 prenotato
604 3936 751 4001 similiter
776 3958 848 4002 cum
875 3935 1023 4002 omnibus
1048 3934 1112 3999 suis
1130 3935 1278 4000 utilitati-

140 4045 204 4109 bus
221 4093 228 4108 .
245 4093 252 4109 .
278 4048 436 4127 perpetuo
452 4092 459 4107 .
476 4093 483 4108 .
509 4042 705 4126 possidenda
729 4048 827 4127 prout
842 4042 928 4108 idem
939 4042 964 4108 J
966 4041 1108 4108 ohannes
1128 4041 1277 4123 eligendo

142 4151 306 4232 assumsit,
325 4150 404 4216 item
420 4150 578 4234 possessio
603 4151 747 4234 ipsorum
773 4149 856 4235 Poly
873 4154 989 4216 vocata
1007 4149 1158 4215 cessisset
1174 4147 1277 4212 eidem

139 4257 280 4327 Nicolao
308 4279 381 4322 cum
405 4256 472 4324 filio
498 4279 555 4323 suo
580 4263 752 4342 prenotato
769 4308 799 4325 ..
831 4263 992 4343 perpetuo
1010 4305 1041 4322 ..
1072 4254 1275 4340 possidenda,

139 4370 223 4434 item
247 4367 406 4452 possessio
431 4367 573 4450 ipsorum
589 4366 706 4432 Pelida
721 4371 908 4450 nuncupata
933 4365 1140 4432 remansisset
1172 4362 1276 4428 eidem

140 4476 271 4542 Thence
287 4495 360 4540 cum
386 4473 462 4540 filiis
487 4475 554 4540 suis
578 4475 780 4558 predictis..
810 4479 969 4560 perpetuo
994 4469 1195 4558 possidenda,
1211 4491 1274 4554 que

139 4583 305 4670 possessio
320 4582 436 4650 Felida
452 4588 567 4650 vocata
592 4583 632 4649 de
648 4583 848 4668 possessione
862 4580 947 4664 Poly
971 4585 1085 4648 vocata
1116 4580 1166 4645 his
1183 4580 1277 4646 metis

138 4693 227 4758 infra
243 4689 446 4758 declarandis
465 4694 636 4776 separatur
651 4697 685 4757 et
700 4691 909 4775 distingitur:
928 4689 1033 4772 prima
1059 4693 1146 4754 meta
1164 4687 1278 4770 incipit

1121 4795 1172 4848 aa*
