3130 5470
580 483 758 546 1366161.
776 483 828 544 27.
1208 481 1273 545 421

139 682 202 725 suo
220 711 227 725 .
245 710 253 726 .
270 660 319 725 ita
335 658 486 725 videlieet
512 659 599 743 quod
615 659 721 724 dietus
740 659 881 726 Thomas
910 659 1004 726 albus
1029 662 1136 745 ipsum
1151 663 1274 728 melen-

139 769 256 832 dinum
272 769 419 851 reparari
434 767 541 834 iacere
556 767 745 852 procurabit
755 769 893 851 propriis
904 768 1071 834 laboribus
1086 818 1093 834 .
1110 819 1117 834 .
1133 776 1208 854 post
1223 792 1272 834 re-

137 877 350 960 parationem
366 882 475 942 autem
491 927 497 941 .
514 926 521 941 .
537 877 638 960 ipsius
654 876 831 941 molendini
858 875 979 960 prefati
995 877 1020 941 J
1022 877 1164 943 ohannes
1181 876 1269 943 filius

138 985 235 1049 iwan
252 990 285 1050 et
301 984 443 1050 Thomas
459 985 553 1050 albus
569 985 694 1050 fruetus
711 991 744 1050 et
760 986 921 1050 utilitates
938 985 1079 1050 eiusdem
1095 987 1273 1052 molendini

137 1093 328 1176 percipiunt
339 1093 499 1157 communi
509 1115 569 1158 usu
579 1094 639 1158 tali
648 1092 744 1158 modo
762 1093 850 1176 quod
865 1093 970 1158 medie
987 1100 1097 1177 partes
1113 1093 1276 1159 dictarum

138 1200 325 1264 utilitatum
341 1202 441 1284 ipsius
466 1201 644 1266 molendini
673 1207 828 1285 perpetue
853 1201 1040 1268 deserviunt
1065 1201 1189 1268 Thome
1206 1227 1273 1269 me-

139 1314 273 1373 morato
291 1357 298 1373 .
315 1359 322 1373 .
338 1309 401 1373 alie
417 1331 491 1374 vero
508 1314 618 1392 partes
631 1309 778 1392 predicto
795 1307 820 1373 J
822 1309 942 1374 ohanni
966 1309 1033 1374 filio
1049 1309 1141 1376 Iwan
1159 1361 1165 1376 .
1182 1361 1190 1376 .
1205 1312 1275 1377 Da-

138 1419 212 1480 tum
228 1417 264 1479 in
280 1415 441 1482 dominica
456 1418 603 1500 proxima
629 1423 706 1480 ante
731 1416 850 1482 festum
874 1415 962 1482 beati
988 1417 1108 1506 Jacobi
1124 1420 1274 1502 apostoli,

139 1544 228 1588 anno
245 1523 370 1589 domini
386 1524 439 1588 Μ0
456 1522 721 1590 composino
738 1545 833 1589 nono.

251 1687 403 1752 Hdtlapjrin
415 1689 507 1752 penset
519 1691 694 1754 nyomaival;
709 1689 837 1754 eredetije
851 1703 883 1738 az
897 1703 966 1739 orsz.
994 1688 1050 1739 uer
1076 1690 1175 1740 kinest.
1204 1695 1272 1740 oszt.

142 1777 177 1828 N.
191 1777 225 1827 Β.
246 1777 280 1827 A.
296 1781 356 1828 390.
378 1781 401 1826 9.
422 1778 489 1843 dipl.
507 1779 580 1829 ltetr:
595 1783 674 1829 2553.
698 1778 793 1829 Kozli:
807 1779 911 1828 Vineae
931 1779 1032 1830 thor.

630 1938 788 1948 u——ffl

676 2177 748 2238 367.

143 2341 243 2402 1329.
252 2339 319 2425 jul.
346 2340 398 2404 27.
430 2341 478 2403 Aa
510 2339 632 2426 erdelyi
661 2339 819 2426 keiptulua
851 2340 923 2404 elau
953 2339 1069 2404 Baitai
1100 2340 1198 2404 Elicio
1214 2340 1269 2424 fia

145 2445 284 2512 Andru‘s
314 2447 561 2532 winportblrerti
595 2447 803 2511 birtokre'sze't
835 2447 979 2513 Kelauki
1005 2444 1120 2530 Cbeelfi
1145 2448 1271 2514 Daniel

442 2555 576 2638 fluiuulr
602 2555 822 2619 iirb'lsbirtobril
838 2556 965 2641 citudju.

253 2714 443 2799 Capitulum
460 2716 594 2780 ecclesie
620 2714 850 2780 Transsilvans
866 2766 873 2780 .
890 2765 897 2780 .
913 2715 956 2781 ad
980 2716 1201 2782 universorum
1216 2739 1274 2782 no·

142 2825 255 2889 ticiani
281 2874 313 2890 ..
339 2824 487 2889 volumus
513 2825 692 2922 pervenire,
724 2824 812 2908 quod
844 2825 1027 2890 constitutis
1059 2826 1275 2908 personaliter

144 2955 254 2999 eoram
271 2932 365 2997 nobis
381 2931 519 2998 Andrea
533 2931 603 2997 filio
628 2931 712 3016 Dlye
728 2932 768 2996 de
784 2931 899 3015 Bakay
915 2933 957 2997 ab
974 2955 1040 2998 una
1055 2939 1149 3017 parte
1165 2939 1199 2998 et
1214 2933 1274 2999 Ni·

145 3043 236 3106 oolao
247 3039 458 3106 aoMiehaele
473 3039 549 3106 filiis
560 3040 723 3124 quondam
740 3041 866 3106 comitis
881 3039 1031 3105 Danielis
1046 3037 1107 3106 filii
1123 3038 1226 3126 Oheel
1236 3043 1275 3107 de

146 3149 286 3214 Kelnuk
303 3171 342 3213 ex
359 3149 464 3214 altera
479 3147 625 3233 prelatus
641 3145 793 3214 Andreas
810 3148 973 3215 confessus
991 3155 1040 3214 est
1057 3200 1063 3214 .
1080 3200 1087 3214 .
1104 3151 1191 3233 quod
1208 3156 1271 3214 ter·

145 3280 216 3322 ram
233 3279 289 3322 seu
305 3257 541 3340 possessionem
557 3279 643 3322 nune
659 3255 948 3341 Wyngarthkeerh
979 3261 1128 3322 vocatam
1143 3259 1178 3322 in
1212 3257 1273 3322 Ze-

148 3365 205 3430 kes
237 3365 426 3430 existentem
459 3386 556 3447 quam
596 3363 698 3447 Elyas
729 3370 825 3447 pater
856 3385 932 3428 suus
964 3366 1208 3448 prenominatus
1241 3373 1274 3430 et

146 3493 285 3556 magnus
309 3471 411 3557 Elyas
428 3493 507 3538 avus
534 3473 601 3537 eius
618 3478 651 3536 et
676 3469 739 3537 Wz
765 3470 886 3537 Zereth
903 3477 936 3536 et
951 3471 1041 3537 Both
1057 3472 1117 3538 filii
1133 3474 1182 3537 sui
1198 3473 1276 3538 olim

145 3583 207 3666 ipsi
224 3583 335 3647 comiti
360 3579 493 3646 Danieli
510 3581 551 3645 de
575 3580 711 3645 Kelnuk
726 3582 814 3663 patri
838 3582 982 3664 ipsorum
1008 3579 1139 3645 Nicolai
1164 3585 1197 3644 et
1212 3580 1275 3645 Mi-

148 3689 269 3755 chaelis
284 3710 344 3771 pro
362 3688 601 3772 quinquaginta
616 3689 735 3754 mareis
760 3689 818 3752 fini
844 3689 973 3770 argenti
997 3685 1218 3753 vendidissent
1242 3696 1275 3753 et

146 3797 359 3863 tradidissent
375 3803 531 3881 perpetuo
547 3797 782 3880 possidendam,
799 3798 868 3880 ipse
884 3793 1036 3861 Andreas
1052 3845 1058 3860 .
1076 3845 1083 3860 .
1101 3794 1186 3868 dicte
1202 3817 1277 3861 ven-

147 3906 265 3975 dicioni
281 3907 382 3989 ipsius
398 3912 485 3970 terre
501 3955 508 3971 .
526 3955 532 3970 .
549 3903 839 3989 Wyngarthkeerh
849 3927 907 3989 per
916 3904 1034 3988 Elyam
1044 3909 1172 3988 patrem
1183 3926 1276 3970 suum

147 4021 180 4080 et
194 4037 351 4098 magnum
366 4013 484 4097 Elyam
516 4035 611 4078 avum
627 4014 695 4078 eius
721 4019 754 4078 61
778 4011 842 4077 Wz
867 4013 989 4078 Zereth
1014 4019 1047 4077 et
1072 4012 1162 4078 Both
1191 4011 1276 4077 filios

147 4123 289 4189 eiusdem
305 4123 485 4206 antiquitus
510 4122 596 4188 faute
613 4143 803 4188 eonsensum
819 4121 971 4207 preberet
988 4172 994 4186 .
1011 4171 1018 4185 .
1035 4128 1069 4186 61
1093 4122 1197 4205 ipsam
1212 4125 1277 4185 ter-

146 4253 216 4297 ram
233 4283 240 4297 .
258 4282 265 4297 .
281 4229 551 4315 Wyngarthkerh
568 4251 641 4295 oum
658 4231 805 4296 omnibus
821 4229 1021 4295 utilitatibus
1039 4230 1104 4294 suis
1121 4250 1158 4294 eo
1178 4227 1275 4294 modo

148 4347 246 4425 prout
263 4341 335 4422 ipsa
351 4345 440 4404 terra
457 4358 513 4403 seu
528 4341 687 4422 possessio
703 4338 974 4422 Wyngarthkerh
989 4358 1048 4422 per
1065 4336 1229 4420 sepefatus
1245 4385 1252 4400 .
1271 4386 1278 4400 .

147 4449 278 4514 vendita
294 4454 327 4513 et
343 4448 468 4512 tradita
484 4448 645 4512 extitisset
676 4449 737 4532 ipsi
769 4448 879 4513 comiti
911 4445 1054 4529 Danieli,
1086 4444 1229 4510 dedisset
1245 4494 1277 4510 ..

148 4557 269 4622 eisdem
284 4554 423 4620 Nicolao
440 4561 473 4620 et
488 4554 646 4620 Michaeli
655 4555 732 4620 filiis
742 4557 842 4639 ipsius
859 4555 985 4620 comitis
1000 4553 1149 4618 Danielis
1165 4602 1172 4616 .
1189 4552 1276 4617 .iure

146 4675 303 4752 perpetuo
320 4715 327 4730 .
344 4715 351 4729 .
367 4663 595 4748 possidendam
611 4715 618 4729 .
636 4716 642 4729 .
659 4663 784 4730 Datum
800 4664 880 4730 feria
907 4665 1021 4746 quinta
1036 4661 1185 4745 proxima
1200 4664 1275 4745 post
